4228 6446
765 388 867 447 339

1858 386 2235 447 GARNERII
2277 384 2775 447 DISSERTATIO
2813 388 2873 445 II

3918 383 4029 446 340

770 494 1053 565 liutychen
1076 494 1403 565 Chrysaphii
1431 494 1671 564 suscepti
1703 493 1787 548 sui
1825 493 2071 564 potentia
2104 493 2340 548 abuten-
2373 498 2413 550 Α
2444 491 2830 547 ecclesiasticae
2861 491 3108 546 historiae
3127 491 3461 562 colliguntur
3482 490 3637 545 utilia
3665 490 3769 545 ista
3795 490 3837 522 ⁸⁷
3862 490 4029 560 quin-

770 598 900 650 tem,
929 586 1267 655 clericosque
1299 584 1570 659 Osroenes
1603 584 1918 654 provinciae,
1952 584 2228 654 negotium
2259 583 2343 638 fe~

768 688 983 735 cerunt.
1015 680 1125 734 IIos
1154 694 1287 748 ergo
1310 677 1363 730 in
1386 692 1625 737 secessu,
1653 692 1777 730 cum
1798 692 1942 746 aeger
1966 676 2185 733 animus
2211 690 2342 729 con-

768 784 1007 839 coquere
1062 782 1172 821 non
1225 778 1412 836 posset
1460 766 1715 836 injuriam
1779 781 1946 834 quam
1991 763 2342 819 continenter

771 862 1019 914 versabat
1055 860 1250 913 avidus
1274 858 1539 921 ultionis;
1567 857 1687 921 hos,
1734 858 1979 925 inquam,
2021 854 2171 909 velut
2212 853 2339 907 ﬁdei

768 956 973 1016 hostes,
1007 953 1227 1006 fallente
1262 952 1400 1013 zelo,
1437 949 1803 1019 prolligandos
1833 947 2093 1015 suscepit.

838 1044 1000 1097 XXII.
1020 1042 1309 1096 Eranisten
1334 1041 1501 1110 igitur
1520 1038 1820 1093 elaboravit
1846 1046 2093 1105 tempore
2111 1034 2339 1089 manda-

772 1144 882 1185 tum
931 1132 1282 1201 imperatoris
1317 1145 1441 1183 mox
1471 1136 1754 1196 sequente,
1796 1126 1846 1179 id
1885 1133 1988 1187 est,
2034 1140 2176 1180 anno
2212 1123 2338 1178 446.

768 1222 1101 1283 Elaboravit,
1154 1222 1407 1289 inquam;
1436 1233 1562 1272 nam
1602 1224 1713 1271 tota
1753 1232 1885 1271 usus
1930 1223 2014 1269 cst
2053 1214 2107 1267 vi
2142 1214 2340 1268 mentis

768 1330 900 1376 sum,
943 1321 1183 1380 totaque,
1212 1326 1319 1379 qua
1341 1309 1559 1363 valebat
1583 1309 1904 1376 plurimum,
1936 1317 2053 1361 arte
2079 1306 2144 1359 ad
2172 1306 2339 1357 lecto-

769 1420 890 1457 rum
931 1405 1143 1457 animos
1181 1402 1334 1455 suavi
1390 1400 1623 1469 quadam
1659 1398 1917 1467 facilique
1972 1396 2337 1450 collocutione

766 1492 943 1561 primo
991 1490 1148 1560 quasi
1195 1487 1561 1549 fascinandos,
1610 1485 1808 1539 deinde
1857 1485 1971 1539 suis
2011 1483 2339 1555 syllogismis

768 1582 1263 1652 illaqucandos,.ut
1300 1580 1402 1633 sibi
1441 1578 1786 1639 viderentur,
1831 1578 1887 1630 in
1942 1586 2122 1645 partes
2166 1576 2337 1629 collo-

766 1683 997 1744 quentes
1034 1689 1142 1727 non
1176 1674 1352 1726 aliena
1403 1671 1616 1725 ratione
1668 1669 1817 1731 duci,
1867 1668 1963 1722 sed
2002 1675 2198 1737 sponte
2238 1683 2335 1721 sua

767 1767 971 1820 venire.

833 1855 990 1925 39]
1032 1854 1220 1907 XXIII.
1260 1852 1455 1921 Operis
1494 1866 1659 1921 porro
1692 1851 1880 1913 totius,
1917 1848 2063 1917 quod
2106 1848 2336 1918 dialogis

766 1945 943 1998 tribus
974 1952 1030 1997 et
1060 1960 1170 1997 uno
1199 1941 1639 2013 syllogismorum
1679 1939 1823 1993 libro
1852 1938 2182 2001 absolvitur,
2221 1937 2337 1992 haec

764 2046 869 2099 est,
912 2045 971 2089 ut
997 2037 1107 2105 jam
1152 2050 1217 2088 ex
1252 2044 1403 2102 parte
1450 2032 1657 2084 dictum
1699 2040 1803 2091 est,
1837 2030 2151 2085 methodus.
2197 2028 2334 2082 Cum

766 2126 870 2178 tria
892 2125 994 2177 sibi
1017 2124 1267 2193 dogmata
1290 2120 1684 2190 proposuisset,
1708 2134 1814 2172 non
1839 2116 2119 2186 probanda
2151 2114 2332 2179 modo,

762 2213 858 2269 sed
888 2213 1076 2275 etiam,
1112 2220 1173 2265 ut
1202 2211 1318 2279 ipse
1348 2210 1569 2278 quidem
1602 2209 1866 2278 loquitur,
1887 2206 2332 2271 demonstranda,

763 2304 833 2358 de
869 2302 1036 2357 Verbi
1083 2298 1546 2360 immutabilitate,
1589 2302 1656 2350 de
1691 2296 1977 2350 inconfusa
2014 2305 2334 2349 naturarum

766 2392 987 2455 unione,
1010 2399 1065 2444 et
1085 2388 1519 2458 impassibilitate
1549 2386 1874 2450 divinitatis,
1908 2386 2121 2455 singula
2144 2385 2333 2455 singu-

761 2484 831 2538 lis
855 2480 1087 2551 dialogis
1113 2480 1325 2533 ratione
1356 2478 1619 2547 primum,
1660 2476 1861 2531 deinde
1887 2477 2111 2531 Patrum
2141 2483 2334 2529 aucto-

762 2575 923 2629 ritate
965 2572 1289 2635 confirmat,
1328 2579 1390 2625 ut
1430 2584 1541 2624 non
1585 2576 1695 2623 tam
1737 2584 1912 2632 suam,
1956 2582 2119 2637 quam
2169 2567 2336 2623 totius

760 2668 912 2723 orbis
963 2665 1263 2721 Christiani
1332 2664 1639 2718 doctrinam
1692 2659 1909 2715 tradere
1974 2659 2227 2713 videatur
2264 2658 2330 2711 δ’.

758 2758 948 2813 Patres
980 2758 1125 2812 enim
1162 2756 1438 2826 producit,
1474 2754 1569 2823 qui
1602 2768 1793 2807 omnes
1824 2750 2013 2804 mundi
2046 2759 2228 2819 partes
2265 2749 2331 2802 il-

760 2851 1086 2912 lustrarunt,
1107 2847 1307 2917 quibus
1325 2848 1503 2915 ipsum
1528 2846 1696 2899 etiam
1718 2841 2114 2912 Apollinarium
2140 2839 2335 2894 adver-

759 2941 1025 2996 sariorum
1068 2939 1392 3009 inagistrum
1435 2936 1587 2991 addit
1634 2953 1647 2988 :
1681 2934 1917 3003 denique
1952 2932 2099 3001 quod
2141 2931 2331 2986 fusiori

756 3031 1005 3085 oratione
1051 3030 1108 3085 in
1152 3029 1387 3098 dialogis
1432 3026 1802 3088 disseruerat,
1864 3022 2140 3078 contrahit
2189 3022 2332 3076 libro

757 3130 954 3190 quarto
991 3121 1044 3174 in
1082 3118 1447 3190 syllogismos,
1469 3116 1672 3186 quibus
1698 3130 1815 3169 rem
1844 3113 2091 3178 omnino,
2128 3122 2187 3168 ut
2211 3113 2332 3183 qui-

756 3213 880 3265 dem
916 3211 1018 3265 sibi
1052 3209 1274 3264 videtur
1301 3223 1482 3279 posse,
1514 3204 1784 3261 conficiat.

828 3302 1017 3357 XXIV.
1070 3302 1218 3355 Inter
1252 3298 1658 3354 ecclesiasticos
1700 3304 2049 3359 tractatores,
2089 3310 2328 3364 quorum

756 3394 1079 3449 auctoritate
1106 3394 1301 3457 utitur,
1342 3392 1644 3446 Diodorum
1674 3389 1999 3443 Tarsensem
2023 3428 2036 3450 ,
2071 3387 2328 3441 Theodo-

756 3499 989 3553 rumque
1029 3484 1472 3553 Mopsuestenum
1510 3496 1621 3535 non
1662 3485 1943 3543 recenset,
1978 3476 2228 3547 quamvis
2272 3486 2328 3530 et

756 3575 1005 3630 celebres
1048 3582 1235 3628 essent
1278 3588 1351 3629 ea
1390 3580 1736 3642 tempestate,
1777 3578 1833 3623 et
1858 3584 1954 3624 eos
1992 3568 2108 3638 ipse
2151 3567 2325 3636 magi-

754 3686 993 3731 strorum
1023 3676 1145 3729 loco
1174 3675 1422 3730 haberet.
1456 3673 1605 3727 Facti
1641 3686 1833 3726 causas
1872 3670 2053 3733 all‘ert,
2090 3680 2151 3723 ut
2181 3669 2324 3723 dixi-

754 3782 897 3831 mus,
929 3768 985 3820 in
1012 3766 1228 3836 dialogo
1257 3766 1308 3830 1,
1340 3775 1395 3820 et
1417 3765 1578 3834 epist.
1614 3764 1678 3818 16
1700 3763 1767 3817 ad
1798 3762 2061 3816 Irenamm
2086 3760 2323 3830 idipsum

754 3858 1045 3912 mirantem
1074 3858 1140 3911 “.

821 3949 986 4005 XXV.
1018 3949 1097 4003 Ex
1122 3949 1319 4018 quibus
1348 3948 1550 4002 litteris
1586 3946 1808 4017 alfulget
1832 3947 1949 4011 lux,
1980 3946 2034 3999 in
2070 3960 2177 4014 qua
2212 3960 2323 3998 non

750 4055 815 4093 ea
840 4048 1069 4103 tantum,
1085 4056 1205 4109 quze
1224 4039 1481 4103 diximus,
1501 4037 1731 4091 clariora
1754 4037 1903 4102 fiant,
1928 4036 2021 4092 sed
2043 4036 2149 4090 alia
2172 4051 2323 4105 qua:-

751 4131 875 4184 dam
900 4131 1207 4194 videantur,
1234 4140 1289 4184 et
1308 4130 1529 4200 quidem
1548 4130 1710 4199 digna
1744 4129 1906 4183 scitu.
1934 4129 1987 4181 1⁰
2007 4128 2321 4197 Apologia»:

753 4237 848 4288 pro
890 4220 1119 4274 Diodoro
1166 4228 1221 4274 et
1255 4220 1520 4273 Theodoro
1571 4219 1832 4288 scriptam
1878 4233 1999 4273 esse
2032 4228 2159 4274 ante
2195 4219 2327 4273 Era-

753 4311 957 4364 nisten.
1014 4310 1071 4363 2°
1112 4311 1305 4365 Editos
1346 4326 1465 4365 esse
1496 4310 1747 4381 Dialogos
1792 4318 1918 4366 ante
1967 4310 2240 4381 dejectum
2294 4326 2325 4364 e

752 4401 881 4456 sede
905 4402 1191 4465 Irenaeum,
1211 4402 1305 4471 qui
1330 4402 1574 4472 dejeetus
1589 4412 1826 4456 estanno
1849 4401 1970 4456 448.
2000 4402 2323 4457 3°Occasio-

2445 596 2550 651 que
2591 598 2603 632 :

2512 672 2562 724 l.
2613 670 2734 725 Non
2786 685 2947 739 posse
2990 668 3211 725 defendi
3259 669 3579 739 opinionem
3629 669 3874 733 Baronii,
3926 666 4032 736 qui

2442 763 2660 817 videtur
2684 763 2910 827 sentire,
2940 762 2994 816 id
3019 762 3203 831 operis
3236 761 3451 816 editum
3478 761 3648 815 fuisse
3678 770 3801 829 post
3831 758 4029 812 conci-

2442 852 2573 905 lium
2602 850 3066 914 Chalcedonense,
3107 864 3252 904 anno
3282 850 3380 903 451
3417 849 3773 903 celebratum.

2511 942 2563 995 ἓ.
2612 943 2729 996 Non
2779 942 3101 1007 audiendos,
3150 943 3246 1012 qui
3287 949 3505 1011 putant,
3552 954 3740 994 veram
3785 953 3854 992 ex
3899 935 4028 991 istis

2441 1035 2595 1090 libris
2619 1035 2878 1104 E‘utychis
2910 1036 3240 1089 sententiam
3275 1033 3507 1104 intelligi
3537 1033 3765 1094 debere,
3806 1047 3935 1085 cum
3968 1030 4027 1083 in

2442 1127 2575 1195 ipsis
2600 1126 2750 1180 aliud
2784 1126 2897 1180 fere
2935 1126 3072 1180 nihil
3102 1127 3489 1181 Theodoretus
3517 1123 3832 1179 adversario
3873 1123 4026 1192 obji-

2442 1219 2569 1282 ciat,
2601 1234 2763 1287 quam
2790 1218 2938 1287 quod
2970 1218 3101 1272 olim
3123 1215 3347 1287 Cyrillo,
3365 1216 3478 1270 sive
3504 1215 3558 1269 in
3584 1214 4023 1284 reprehensione

2441 1308 2680 1376 capitum
2716 1308 2830 1363 sive
2866 1307 2921 1361 in
2955 1308 3079 1362 aliis
3112 1306 3334 1377 scriptis
3371 1306 3505 1360 vitio
3538 1305 3786 1358 verterit.

2509 1398 2638 1450 5“.
2685 1400 2805 1453 Non
2862 1398 3199 1452 audiendum
3255 1398 3461 1467 pariter
3520 1395 3867 1452 Gennadium
3923 1395 4031 1462 qui.

2439 1491 2643 1559 scripta
2694 1490 2807 1555 illa,
2856 1506 2977 1560 qua:
3018 1500 3179 1546 vocat
3212 1489 3396 1553 fortia,
3433 1489 3701 1545 adversus
3733 1488 4025 1558 Eutychen

2438 1582 2606 1636 fuisse
2638 1583 2842 1636 tradit:
2872 1599 2995 1637 cum
3036 1583 3183 1637 enim
3212 1583 3529 1645 ederentur,
3566 1582 3810 1635 nondum
3856 1580 4029 1635 deliri

2438 1675 2587 1728 senis
2613 1673 2887 1742 impietas,
2913 1690 2982 1727 ne
3013 1674 3174 1743 392
3202 1674 3258 1726 in
3290 1673 3405 1743 ipsa
3427 1672 3651 1742 quidem
3685 1671 3818 1725 urbe
3848 1671 4029 1739 regia,

2439 1765 2706 1833 patefacta
2744 1773 2892 1826 erat;
2944 1774 3094 1819 certe
3147 1765 3203 1817 in
3242 1765 3526 1833 publicum
3568 1780 3678 1816 non
3736 1762 4025 1831 prodierat

2439 1864 2565 1911 ante
2593 1864 2822 1911 mortem
2850 1856 3058 1919 Procli,
3084 1862 3140 1909 et
3167 1855 3569 1909 ordinationem
3607 1854 3874 1917 Flaviani,
3895 1869 4025 1923 qua:

2439 1946 2665 2014 contigit
2688 1946 2790 2000 sub
2818 1945 2977 1999 finem
3010 1944 3137 1999 anni
3162 1944 3285 1999 446.

2504 2039 2557 2091 4.
2579 2038 2775 2091 Mirum
2801 2037 2855 2089 in
2878 2036 3100 2089 modum
3118 2035 3230 2089 falli
3265 2036 3523 2105 opinione
3546 2050 3643 2091 sua
3666 2034 4023 2089 Albertinunt

2436 2126 2891 2195 Blondellumque
2918 2125 3290 2189 Calvinianos,
3335 2126 3430 2194 qui
3471 2141 3593 2194 qua:
3630 2125 4022 2179 Theodoretus

2436 2215 2595 2269 affert
2630 2214 2941 2270 testimonia
2978 2215 3225 2279 Patrum,
3267 2213 3459 2268 eadem
3498 2228 3622 2269 cum
3666 2214 3752 2278 iis,
3796 2230 3919 2283 quae
3961 2214 4025 2269 in

2436 2307 2656 2361 concilii
2678 2306 3304 2361 ChalcedonensisActis
3327 2306 3604 2375 leguntur,
3628 2306 3874 2377 subjecta
3898 2306 4020 2375 epi-

2435 2400 2588 2454 stolae
2620 2398 2792 2453 sancti
2821 2397 3021 2453 Leonis
3050 2397 3117 2451 ad
3154 2396 3496 2462 Flavianum,
3540 2412 3649 2451 non
3678 2396 4021 2451 erubescunt

2436 2488 2620 2543 dicere
2654 2507 2686 2543 a
2721 2486 3070 2541 Theodoreto
3102 2501 3170 2540 ex
3198 2486 3430 2556 epistola
3456 2486 3629 2540 sancti
3662 2485 3864 2539 Leonis
3892 2498 4020 2539 esse

2436 2591 2673 2650 sumpta.
2700 2580 2851 2635 Nihil
2875 2579 3022 2634 enim
3044 2578 3151 2633 dici
3174 2577 3357 2648 potuit
3390 2586 3486 2631 aut
3510 2576 3873 2647 ignorantius,
3914 2584 4017 2630 aut

2438 2673 2837 2742 impudentius.
2864 2673 3000 2727 Nam
3034 2671 3318 2726 Eranistes
3344 2678 3676 2741 pervagatus
3702 2678 3807 2733 est,
3843 2668 4023 2723 etiam

2435 2766 2492 2820 in
2515 2765 2828 2835 Egyptum,
2854 2773 2980 2818 ante
3008 2771 3331 2832 conceptam
3362 2761 3697 2830 missamque
3726 2760 4019 2829 epistolam

2435 2858 2606 2913 sancti
2631 2857 2854 2921 Leonis,
2879 2856 3084 2927 quippe
3104 2870 3230 2910 cum
3253 2854 3379 2908 data
3405 2854 3477 2908 sit
3507 2868 3651 2907 anno
3675 2853 3799 2914 449.
3826 2852 4021 2908 Idibus

2434 2948 2586 3012 Julii,
2610 2948 2829 3002 Asterio
2856 2958 2913 3002 et
2934 2949 3241 3017 Protogene
3269 2960 3411 3001 coss.
3447 2944 3687 3014 scriptus
3710 2943 4015 3008 Eranistes,

2434 3056 2597 3110 quam
2628 3040 2960 3103 tardissime,
2996 3056 3142 3094 anno
3164 3039 3287 3094 446.

2508 3130 2561 3184 5.
2589 3131 2874 3200 Nuperum
2906 3129 3176 3184 editorem
3196 3128 3437 3199 Operum
3466 3128 3641 3182 sancti
3674 3127 3877 3182 Leonis
3905 3128 4016 3181 im-

2436 3222 2738 3293 prudenter
2759 3224 3055 3278 adhaasisse
3072 3222 3388 3278 Calvinistis
3420 3222 3541 3276 istis
3567 3221 3806 3285 duobus,
3838 3229 3897 3275 et
3920 3236 4014 3276 se-

2434 3314 2676 3368 cundum
2699 3328 2795 3368 eos
2817 3313 3145 3367 sententiam
3174 3312 3402 3375 dixisse,
3439 3319 3500 3365 ut
3523 3325 3609 3365 me
3641 3310 3928 3365 damnaret
3956 3311 4017 3365 in

2434 3405 2581 3458 notis
2613 3404 2681 3457 ad
2711 3420 2746 3457 ιι
2770 3412 2981 3473 partem
3004 3402 3245 3472 Operum
3278 3401 3431 3457 Marii
3471 3399 3790 3455 Mercatoris
3828 3399 4021 3457 obiter

2434 3497 2521 3551 his
2554 3495 2623 3549 de
2643 3493 2973 3548 testimoniis
2994 3494 3259 3548 locutum.
3288 3490 3461 3559 Quam
3487 3490 3768 3545 immerito
3798 3489 3854 3544 id
3883 3506 4019 3561 cge~

2434 3589 2528 3650 rit,
2555 3587 2805 3641 dicemus
2833 3585 2937 3640 sub
2967 3584 3128 3639 finem
3158 3586 3229 3638 ".

2505 3678 2714 3733 XXVII.
2752 3678 3045 3746 Postquam
3092 3676 3302 3729 dictum
3347 3675 3415 3729 de
3456 3682 3703 3743 tempore
3740 3683 3798 3728 et
3826 3672 4011 3728 causis

2431 3766 2773 3839 Polymorphi
2793 3781 2889 3820 seu
2911 3767 3197 3828 Eranislw,
3232 3765 3482 3834 sequitur
3509 3764 3794 3831 deinceps,
3828 3775 3889 3817 ut
3924 3764 4015 3817 in-

2432 3857 2711 3919 dicentur,
2738 3871 2860 3924 quae
2882 3854 3224 3908 observanda
3246 3855 3302 3909 in
3328 3855 3417 3909 his
3438 3853 3669 3923 dialogis
3691 3852 4012 3906 videantur.

2434 3949 2574 4002 Sunt
2602 3957 2783 4001 autem
2812 3949 2914 4002 ista
2943 3948 3217 4016 praecipue
3245 3956 3456 4016 septem

2498 4039 2540 4093 I.
2574 4038 2956 4093 Theodoretus
3000 4054 3109 4093 non
3154 4039 3418 4109 postulat,
3462 4039 3579 4094 sive
3638 4053 3762 4094 cum
3812 4039 4015 4093 scribit

2432 4131 2600 4185 Leoni
2635 4130 2901 4199 pontiﬁci,
2920 4130 3033 4184 sive
3063 4145 3185 4184 cum
3210 4130 3420 4183 Renato
3446 4130 3787 4199 presbytero,
3813 4144 3881 4183 ex
3908 4129 4016 4183 hoc

2434 4222 2864 4294 librojudicium
2890 4222 2958 4277 de
2996 4238 3093 4277 sua
3131 4221 3237 4276 fide
3275 4222 3520 4277 exerceri
3556 4239 3569 4274 :
3606 4230 3821 4291 poterat
3860 4221 4014 4275 enim

2434 4316 2563 4371 inde
2588 4315 2857 4380 damnari,
2895 4330 3020 4369 cum
3046 4314 3446 4385 propositiones
3478 4322 3717 4384 quatuor
3745 4330 3773 4367 a
3804 4313 4017 4384 Cyrillo

2434 4421 2693 4470 asscrtas,
2724 4417 2780 4462 et
2816 4408 2885 4463 ab
2919 4407 3163 4462 Ecclesia
3195 4416 3462 4474 receptas,
3510 4407 3649 4460 Deus
3692 4422 3879 4476 passus
3915 4415 4016 4469 est,

750 4506 876 4546 nem
904 4492 1185 4545 scribendi
1220 4509 1287 4546 ex
1316 4494 1666 4548 accusatione
1702 4502 1899 4547 ortam.
1924 4495 1980 4547 4°
2003 4494 2323 4550 Theodore—
2357 4512 2402 4566 Ι)
2432 4516 2615 4570 passus
2634 4509 2709 4553 est
2740 4515 2920 4563 carne,
2946 4515 3133 4570 passus
3164 4508 3238 4552 est
3264 4499 3460 4562 volens,
3486 4515 3671 4568 passus
3704 4507 3777 4551 est
3812 4500 4017 4568 ἰηιραε..

754 4592 869 4636 tum
905 4598 1224 4638 communes
1246 4600 1462 4653 passum
1497 4600 1617 4639 esse
1645 4601 1768 4639 cum
1792 4584 2032 4639 Diodoro
2056 4594 2111 4639 ct
2142 4586 2323 4641 Theo-

749 4675 887 4729 doro
952 4675 1313 4729 adversarios.
1391 4678 1444 4729 5°
1500 4677 1692 4730 Natant
1761 4677 1889 4731 inde
1957 4678 2325 4731 accusationis

750 4782 1007 4843 causam,
1048 4768 1192 4836 quod
1250 4778 1545 4837 utrumque
1589 4770 1909 4838 magistrum
1962 4769 2320 4835 defendisset,

749 4859 904 4927 quasi
927 4858 1117 4912 eadem
1145 4860 1280 4928 ipse,
1308 4876 1430 4929 qua:
1454 4860 1554 4923 illi,
1584 4862 1834 4925 sentiret,
1861 4861 1965 4915 hoc
1987 4870 2089 4924 est,
2122 4862 2319 4915 Filium

750 4948 805 5001 in
832 4954 974 5003 duos
1010 4949 1151 5005 filios
1178 4950 1470 5006 divideret.
1512 4953 1566 5007 6°
1600 4951 1867 5007 IIabuisse
1903 4954 1956 5007 in
1993 4953 2181 5007 animo
2223 4953 2325 5008 im-

748 5049 1060 5109 peratorem
1082 5043 1195 5111 jam
1227 5042 1353 5097 inde
1384 5044 1453 5097 ab
1477 5059 1623 5097 anno
1654 5046 1754 5098 M7
1784 5044 2075 5098 consilium
2117 5060 2322 5099 convo-

748 5130 937 5185 caudae
958 5133 1150 5202 synodi
1183 5134 1476 5203 generalis,
1511 5136 1603 5189 sed
1642 5136 1775 5190 illud
1800 5137 2120 5205 deposuisse
2149 5137 2325 5192 donec

747 5236 894 5274 anno
932 5222 1058 5286 M9,
1098 5235 1223 5292 post
1260 5235 1438 5280 motas
1476 5227 1544 5280 ab
1568 5227 1811 5296 Eutyche
1858 5228 2067 5290 turbas,
2113 5244 2325 5283 rcsum-

748 5312 897 5380 psit:
925 5329 1031 5381 qua
1064 5314 1131 5369 de
1166 5332 1225 5370 rc
1261 5317 1490 5387 legenda
1530 5327 1614 5372 est
1656 5319 1886 5387 cpistola
1925 5318 1996 5374 ad
2026 5320 2319 5373 Domnum.

824 5412 838 5427 '
868 5404 1052 5462 XXVI.
1086 5408 1167 5462 Ex
1204 5409 1271 5463 iis
1303 5425 1423 5477 quae
1463 5410 1529 5464 de
1571 5418 1817 5478 tempore
1845 5410 2143 5465 constituta
2174 5423 2321 5476 sunt,

2429 4591 2671 4656 sibiliter,
2706 4592 2816 4645 imo
2834 4599 2891 4646 et
2914 4590 3047 4645 alias
3071 4591 3272 4659 passim
3322 4589 3533 4653 obvias,
3565 4589 3927 4643 vehementer
3960 4598 4018 4642 et

2434 4699 2570 4752 pene
2606 4681 2868 4738 iracunde
2890 4683 3191 4753 impugnet.
3222 4680 3365 4748 Quid
3392 4697 3523 4752 ergo
3549 4697 3726 4735 causa:
3760 4680 3887 4744 fuit,
3914 4697 4017 4735 cur

2431 4776 2559 4830 olim
2596 4776 2916 4831 Gennadius
2954 4779 3149 4847 scripta
3194 4776 3395 4846 fortia?
3441 4793 3538 4831 cur
3584 4777 3806 4831 Patrum
3851 4787 4016 4831 aetate

2431 4868 2733 4922 Gcntianus
2760 4866 3045 4929 Hervetus,
3069 4884 3195 4937 opus
3218 4867 3355 4920 nulli
3374 4866 3531 4920 alteri
3556 4868 3975 4937 postponendum
3993 4868 4018 4920 ?

2426 4972 2527 5009 cur
2553 4957 2644 5010 alii
2666 4972 2815 5011 nunc
2839 4957 2992 5011 velut
3016 4957 3289 5012 catholica?
3320 4956 3446 5026 ﬁdei
3468 4958 3719 5011 eximium
3740 4960 4014 5028 specimen

2426 5052 2691 5106 extollant
2712 5051 2735 5103 ?

2498 5142 2551 5195 2.
2601 5142 2971 5212 Temporibus
3006 5141 3188 5196 Photii
3236 5158 3347 5195 uno
3380 5142 3685 5211 eodemque
3726 5143 4015 5199 volumine

2432 5248 2595 5300 opera
2634 5232 2736 5286 tria
2767 5232 3279 5303 compingebantur,
3315 5232 3443 5285 libri
3472 5233 3729 5287 nimirum
3761 5233 4021 5303 quinque

2432 5321 2765 5375 Theodoreti
2805 5321 3068 5377 adversus
3097 5332 3342 5377 sanctam
3367 5323 3697 5391 Ephesinam
3737 5325 4012 5393 synodum

2431 5423 2486 5467 et
2520 5421 2770 5467 sanctum
2801 5412 3089 5484 Cyrillum,
3133 5429 3420 5469 sermones
3459 5413 3735 5479 Eutherii,
3779 5424 3837 5469 et
3880 5416 4014 5469 Era-

2075 5569 2393 5625 SCIlUI.le
2429 5570 2657 5626 ΝΟΤᾹΞ.

812 5654 859 5730 f3
881 5654 1005 5730 Haec
1050 5674 1350 5727 repugnant
1405 5664 1688 5730 hvputhesi
1737 5666 1805 5719 tle
1849 5667 2047 5720 callido
2085 5668 2497 5722 Nestorianismi
2539 5671 2851 5725 insinuandi
2878 5672 3129 5726 consilio.

2152 5737 2195 5769 δί’
2222 5738 2328 5793 Sed
2358 5739 2634 5795 intercidit
2670 5740 2771 5795 ista
2795 5741 3114 5812 disputatio,
3144 5742 3226 5795 vel
3246 5742 3313 5795 ab
3345 5737 3647 5805 Ilarduino,
3683 5750 3741 5794 ut
3770 5740 4013 5804 videtur,

745 5726 897 5799 prior
921 5726 1045 5781 hab.
1093 5726 1337 5795 quatuor.

743 5814 1035 5867 suppressa
1068 5809 1167 5853 est.

1420 5733 1461 5766 “
1490 5734 1607 5788 Vid.
1638 5751 1821 5805 supra,
1857 5752 1909 5805 p.
1951 5737 2072 5790 2337.

3234 5670 3280 5702 ιο
3308 5670 3428 5725 Vid.
3464 5672 3667 5738 p.515.
3770 5670 3817 5703 ιν
3860 5670 4008 5724 Edit.
