4228 6446
195 402 289 464 3ll

1362 401 1459 459 DE
1492 401 1745 460 LIBRIS
1783 400 2290 463 TIIEODORETI.

3352 405 3455 468 3.19.

186 512 382 566 uistes.
432 510 517 563 An
558 523 669 561 non
716 508 847 561 licet
884 505 1031 570 inde,
1077 505 1196 559 sine
1242 506 1571 559 temeritatis
1612 505 1771 568 vitio,
1806 509 1848 564 Α
1882 507 2054 581 tinum
2082 506 2456 569 Calvinistam,
2488 507 2579 575 qui
2611 515 2664 560 ct
2692 508 2805 575 ipse
2838 508 3149 564 IIICOI'ISUIIO
3186 510 3455 565 abductus

184 602 481 670 conjicere,
524 609 647 669 post
681 602 1002 653 combustos
1041 597 1280 651 Nestorii
1317 597 1506 661 libros,
1540 598 1779 666 proscri-

187 701 390 761 ptaque
412 690 691 745 Theodori
716 696 772 743 et
792 688 1014 742 Diodori
1042 696 1322 757 excerpta,
1350 688 1607 742 volumen
1631 688 1777 742 istud

187 783 496 845 exstitisse,
534 782 691 851 quasi
735 780 1043 851 symbolum
1074 778 1331 833 factionis
1368 779 1779 849 Aceplialorum

191 875 413 928 illorum
445 876 516 937 ⁸⁸,
541 889 779 943 quorum
808 871 1059 926 meminit
1085 870 1395 936 Liberatus,
1428 886 1779 941 quorumque

188 966 262 1017 ait
286 965 712 1019 Theodoretum
745 969 912 1031 caput
939 961 1249 1016 exstitisse?

256 1056 311 1108 3.
340 1055 607 1118 Causam,
647 1070 747 1108 cur
766 1054 834 1107 de
863 1053 1103 1108 Diodoro
1138 1064 1193 1109 et
1216 1054 1511 1110 Theodoro
1538 1053 1776 1115 siluerit,

185 1147 347 1200 affert
387 1146 608 1216 dialogo
640 1146 821 1215 primo
854 1145 958 1200 sub
983 1145 1169 1210 linem,
1210 1145 1303 1199 ubi
1330 1154 1455 1215 post
1490 1146 1654 1200 allata
1680 1145 1779 1199 Pa-

188 1249 335 1293 trum
366 1238 684 1291 testimonia
716 1237 1009 1292 Eranisten
1034 1238 1307 1292 allocutus
1336 1255 1349 1291 :
1393 1257 1411 1287 ‹
1447 1236 1775 1300 Proferrem,

188 1327 371 1394 inquit
412 1328 485 1389 ",
522 1325 623 1380 tibi
654 1324 1085 1381 fortissimorum
1128 1325 1380 1380 veritatis
1407 1331 1777 1393 propugnato-

186 1433 309 1469 rum
340 1416 565 1470 Diodori
592 1426 647 1471 et
671 1416 946 1470 Theodori
968 1417 1372 1479 enarrationes,
1398 1416 1502 1470 nisi
1535 1415 1777 1469 viderem

186 1524 285 1562 \08
316 1509 541 1562 infenso
587 1509 642 1561 in
673 1508 777 1562 hos
817 1508 1001 1563 animo
1044 1524 1187 1572 esse,
1229 1507 1678 1576 Apollinarisque
1721 1506 1777 1560 in

186 1598 350 1667 393
395 1613 495 1652 eos
523 1597 652 1651 odio
684 1606 739 1653 et
772 1598 1169 1652 malevolentia:
1196 1597 1527 1652 successisse
1568 1613 1581 1648 ε
1609 1596 1779 1651 vidis-

186 1702 276 1740 ses
300 1687 456 1741 enim
484 1687 587 1742 hos
613 1688 779 1742 etiam
816 1688 1033 1743 caeteris
1081 1688 1439 1743 consonantia
1468 1688 1775 1756 scripsisse,

187 1786 241 1830 et
257 1793 326 1831 ex
347 1778 545 1833 divino
570 1779 721 1833 fonte
747 1780 950 1834 fluenta
971 1780 1244 1843 hausisse,
1268 1780 1525 1848 rivosque
1544 1788 1600 1833 et
1630 1779 1779 1847 ipsos

188 1882 413 1936 quoque
434 1868 679 1938 Spiritus
711 1868 985 1923 exstitisse
1012 1887 1025 1922 :
1054 1868 1148 1923 sed
1189 1869 1289 1921 hos
1312 1868 1532 1937 quidem
1557 1875 1779 1936 prseter-

189 1959 430 2023 mittam,
466 1959 598 2029 quia
633 1959 976 2029 implacabile
1004 1958 1211 2013 bellum
1242 1957 1507 2013 adversus
1537 1972 1632 2012 eos
1654 1972 1777 2013 sus-

188 2050 444 2119 cepistis.
485 2069 503 2101 ι

256 2142 310 2195 4.
339 2141 726 2196 Theodoretus
756 2142 843 2196 vel
885 2156 997 2196 non
1046 2148 1131 2196 est
1162 2150 1354 2195 auctor
1404 2140 1777 2210 Expositionis

189 2234 244 2286 in
279 2231 578 2287 Canticum
614 2232 980 2297 canticorum,
1038 2248 1161 2303 quae
1205 2248 1354 2287 nunc
1405 2232 1658 2295 habetur,
1689 2231 1777 2286 vel

188 2325 530 2379 sententiam
561 2324 630 2378 de
683 2324 976 2378 Theodoro
1038 2324 1341 2379 enormiter
1398 2322 1773 2386 commutavit,

189 2419 272 2473 vel
306 2417 777 2472 mendacissimus
818 2415 922 2469 fuit
949 2416 1411 2485 planissimusque
1463 2412 1683 2477 histrio,
1716 2421 1777 2467 ut

188 2510 285 2580 qui
315 2510 584 2566 eumdem
614 2510 918 2574 hominem,
962 2523 1115 2562 nunc
1146 2525 1165 2558 ‹
1201 2505 1561 2561 fortissimum
1609 2504 1776 2559 fuisse

188 2602 443 2655 veritatis
508 2609 993 2669 propugnatorem,
1044 2595 1405 2652 consonantia
1452 2609 1579 2649 cum
1646 2592 1775 2647 ﬁdei

188 2691 479 2760 magistris
498 2691 771 2753 locutum,
793 2703 861 2743 ex
884 2688 1073 2743 divino
1098 2686 1247 2741 fonte
1277 2686 1478 2740 fluenta
1504 2686 1772 2748 hausisse,

189 2782 370 2836 rivum
437 2780 683 2851 Spiritus
731 2780 905 2835 sancti
960 2779 1237 2835 exstitisse
1289 2796 1308 2828 ι
1353 2777 1529 2841 dicat;
1562 2790 1709 2829 nunc
1731 2776 1775 2807 "

194 2889 215 2921 ο
250 2879 637 2925 contextorem
677 2870 1006 2934 fabularum,
1052 2885 1121 2924 ne
1148 2867 1383 2923 aniculis
1424 2867 1647 2936 quidem
1689 2866 1775 2920 di-

186 2976 448 3031 gnarum,
476 2961 736 3015 falsarum
768 2968 825 3016 et
855 2959 1293 3031 perniciosarum
1329 2956 1650 3026 opinionum
1682 2971 1779 3009 au-

188 3060 425 3115 ctorem,
458 3050 736 3105 hominem
765 3050 1079 3119 insipientis
1102 3048 1303 3111 cordis,
1333 3046 1426 3117 qui
1449 3047 1777 3101 calumniam

1883 596 1987 649 fuit
2018 597 2071 649 in
2102 612 2349 650 errorem
2378 613 2445 651 ex
2473 599 2539 653 iis
2578 614 2697 667 qua:
2730 598 2998 653 Baronius
3050 602 3106 653 in
3161 599 3452 654 Annalibus

1881 686 2161 742 mandavit
2197 690 2424 757 scripto.

1958 799 1975 831 ι
2016 779 2317 844 Intercidit,
2356 780 2626 835 incertum
2683 797 2792 852 quo
2833 796 2986 844 casu,
3038 782 3303 850 particula
3338 784 3452 838 hate

1882 872 2044 942 hujus
2070 872 2498 928 concertationis
2522 874 2588 927 “.
2619 892 2636 925 ι

2020 1003 2047 1071 ᾗ
2074 1003 2137 1057 II.
2169 1004 2552 1059 Ilwreticarum
2584 1005 2889 1075 fabularum
2926 1007 3044 1061 libri
3075 1008 3320 1078 quinque.

1952 1134 1992 1187 I.
2024 1135 2197 1205 lIujus
2223 1136 2410 1204 Operis
2453 1145 2642 1205 aperta
2671 1153 2943 1207 nusquam
2990 1140 3219 1204 mentio,
3254 1148 3453 1209 praeter

1881 1240 2042 1293 quam
2104 1226 2161 1279 in
2211 1226 2514 1294 quaestione
2562 1228 2735 1297 prima
2785 1228 2842 1282 in
2890 1230 3189 1284 chiticum
3244 1232 3312 1295 ",
3359 1231 3450 1286 ubi

1882 1317 2265 1371 Theodorctus
2319 1318 2627 1388 inquirens,
2684 1335 2783 1373 cur
2837 1320 2984 1375 Deus
3032 1322 3139 1375 sibi
3188 1323 3453 1378 sacriﬁcia

1880 1409 2069 1462 otl‘erri
2100 1410 2381 1463 voluerit:
2434 1429 2451 1461 ι
2497 1411 2571 1465 De
2620 1412 2728 1476 his,
2774 1412 2875 1477 ait,
2920 1412 3161 1467 diximus
3188 1415 3373 1469 multis
3397 1416 3453 1469 in

1880 1500 2036 1563 locis,
2071 1508 2184 1553 tum
2247 1500 2302 1553 in
2337 1500 2423 1555 his
2467 1516 2590 1569 quas
2633 1510 2823 1557 contra
2864 1502 3081 1559 Graecos
3110 1505 3449 1574 scripsimus,

1880 1600 1994 1645 tum
2042 1592 2095 1644 in
2120 1591 2188 1645 iis
2217 1607 2338 1660 qua:
2368 1592 2630 1647 adversus
2654 1593 2909 1657 haereses,
2932 1613 2949 1645 ι
2986 1604 3090 1650 etc.
3114 1596 3278 1669 394
3308 1598 3452 1652 Tan-

1883 1691 1995 1737 tum
2011 1684 2288 1738 silentium
2306 1684 2373 1738 de
2394 1692 2625 1738 tractatu
2640 1693 2747 1739 tam
2768 1686 3051 1740 elaborato
3066 1687 3266 1741 mirum
3277 1688 3450 1743 videri

1880 1790 1990 1827 non
2028 1774 2213 1835 debet,
2249 1775 2294 1827 si
2341 1773 2505 1828 modo
2562 1776 2846 1845 scripserit
2892 1777 3275 1832 Theodoretus
3334 1788 3454 1848 post

1881 1866 2175 1919 concilium
2196 1864 2680 1931 Chalcedonense;
2719 1868 2773 1921 id
2823 1883 2953 1923 vero
2994 1885 3142 1923 nunc
3188 1868 3453 1940 indagan-

1879 1958 2031 2013 dum.

1948 2050 2015 2105 II.
2046 2049 2277 2121 Scripsit
2310 2066 2441 2106 sane
2472 2060 2596 2121 post
2622 2052 2826 2107 editam
2858 2051 3100 2107 Danielis
3127 2061 3182 2107 et
3205 2053 3449 2123 Apostoli

1876 2144 2312 2213 expositionem:
2347 2159 2471 2197 nam
2494 2145 2637 2197 libro
2666 2161 2719 2208 v,
2749 2160 2869 2213 cap.
2892 2145 2962 2198 25
2991 2163 3002 2197 :
3037 2164 3061 2213 «η
3090 2145 3233 2209 Ilaec,
3261 2146 3357 2209 ait,
3383 2146 3451 2200 de

1876 2233 2219 2288 Antichristo
2246 2249 2276 2287 e
2315 2233 2500 2288 divina
2532 2233 2813 2303 Scriptura
2853 2235 3179 2301 didicimus;
3211 2251 3450 2291 summa-

1878 2326 1975 2380 tim
2012 2333 2218 2388 autem,
2273 2342 2395 2394 quae
2450 2326 2517 2379 ad
2552 2326 2706 2381 illum
2765 2336 3034 2397 spectant,
3087 2330 3447 2399 scripsimus,

1876 2416 2139 2484 quoniam
2192 2423 2248 2471 et
2293 2416 2571 2471 Danielem
2622 2418 2967 2487 prophetam,
3027 2428 3083 2473 et
3130 2419 3447 2488 Apostolum

1877 2508 2337 2577 interpretantes,
2392 2506 2663 2577 prolixius
2713 2507 2782 2561 de
2820 2509 2941 2578 ejus
2988 2509 3229 2564 adventu
3278 2510 3448 2564 locuti

1876 2614 2087 2663 sumus,
2139 2606 2196 2653 et
2245 2597 2404 2653 facile
2437 2608 2521 2653 est
2571 2599 2999 2654 commentarios
3026 2599 3153 2653 illos
3182 2598 3358 2664 adire,
3404 2598 3449 2652 si

1876 2690 2001 2761 quis
2017 2690 2186 2753 volet,
2222 2689 2278 2743 in
2298 2689 2480 2758 iisque
2510 2690 2775 2758 reperire,
2807 2690 2853 2743 si
2883 2688 3014 2758 quid
3040 2689 3144 2743 hoc
3169 2689 3291 2744 loco
3316 2704 3454 2758 prai-

1879 2780 2232 2836 termisimus.
2265 2799 2283 2831 ο
2334 2779 2582 2833 Alterum
2614 2794 2752 2847 Opus
2792 2778 2861 2831 ad
2906 2793 3112 2831 annum
3162 2777 3289 2840 429,
3319 2779 3452 2833 alte-

1878 2882 2001 2921 rum
2033 2868 2100 2921 ad
2124 2882 2330 2921 annum
2375 2867 2479 2921 435
2524 2867 2783 2937 pertinet.
2814 2866 3049 2937 Scripsit
3100 2867 3268 2938 igitur
3321 2878 3447 2938 post

1876 2978 2079 3017 annum
2111 2961 2236 3016 455.

1947 3053 2035 3107 III.
2086 3053 2208 3109 Non
2265 3053 2499 3122 scripsit
2533 3059 2660 3106 ante
2710 3052 2837 3106 anni
2868 3053 2972 3107 449
3018 3052 3449 3106 ﬁnem:nullam

188 3143 430 3212 Spiritui
484 3149 676 3197 sancto
723 3142 909 3206 faciat,
946 3141 1040 3212 qui
1089 3141 1207 3196 suis
1253 3140 1310 3194 in
1356 3138 1778 3209 cogitationibus
1803 3180 1847 3238 ε
1879 3144 2024 3200 enim
2063 3145 2119 3198 in
2142 3143 2346 3198 litteris
2375 3143 2442 3197 ad
2467 3152 2716 3199 sanctum
2745 3144 2986 3198 Leonem
3021 3143 3089 3198 de
3119 3142 3275 3196 libris
3302 3141 3451 3196 hisce

188 3241 513 3298 evanescat,
556 3233 759 3289 divina:
807 3233 1109 3304 Scriptura:
1146 3230 1602 3288 consuetudinem
1624 3231 1778 3302 igno—

190 3336 293 3391 ret,
308 3345 327 3377 ι
359 3336 474 3381 etc.

260 3418 315 3475 5.
368 3419 432 3473 In
465 3417 682 3489 dialogo
722 3416 902 3487 primo
950 3418 1104 3472 locus
1149 3426 1235 3472 est
1288 3417 1356 3472 de
1404 3415 1773 3480 Eucharistia,

188 3523 357 3576 quem
381 3508 808 3563 Sacramentarii
831 3507 1075 3562 haeretici
1090 3522 1190 3577 pro
1213 3522 1271 3561 se
1294 3506 1775 3570 solentadducere,

190 3598 469 3654 Catholici
521 3614 719 3669 purum
764 3598 1039 3653 hereseos
1064 3598 1357 3653 ostendere
1400 3597 1670 3651 nituntur.
1702 3598 1777 3652 De

193 3692 314 3761 ipso
351 3692 663 3746 disseretur
686 3688 953 3761 prolixius
999 3688 1386 3745 dissertatione
1434 3698 1697 3759 sequente
1731 3688 1777 3720 ⁸³

196 3798 316 3852 cap.
343 3782 397 3835 5.

262 3875 314 3926 6.
343 3873 443 3925 Est
469 3872 637 3925 etiam
698 3870 754 3923 in
789 3869 1005 3940 dialogo
1058 3870 1224 3926 tertio
1273 3870 1429 3925 locus
1475 3869 1543 3924 de
1591 3886 1776 3934 causa,

194 3978 296 4016 cur
332 3962 646 4016 moriantur
675 3969 732 4013 et
773 3960 907 4030 justi
958 3969 1014 4014 et
1061 3967 1401 4029 peccatores,
1429 3959 1521 4027 qui
1555 3958 1777 4013 videtur

196 4054 498 4122 I’elagiano
528 4052 706 4106 errori
752 4050 819 4105 de
862 4060 1085 4120 peccato
1119 4051 1371 4121 originali
1407 4050 1609 4105 favere.
1674 4050 1778 4105 Sed

196 4144 286 4197 hic
314 4143 526 4213 pariter
562 4144 618 4196 in
665 4142 1051 4198 dissertatione
1104 4150 1365 4212 sequente
1419 4156 1539 4211 cap.
1580 4142 1613 4196 4
1668 4152 1779 4196 tra-

194 4234 465 4289 elabitur.

268 4330 322 4381 7.
359 4326 537 4380 Tanta
592 4334 679 4381 est
720 4326 1060 4396 dialogorum
1113 4325 1450 4381 Theodoreti
1486 4342 1610 4380 cum
1663 4342 1780 4381 ser-

197 4416 467 4473 monibus
490 4415 743 4470 Eutherii
771 4414 1147 4478 consonantia,
1176 4422 1237 4468 ut
1261 4414 1424 4468 ambo
1464 4414 1779 4480 videantur,

197 4508 344 4563 facta
368 4507 803 4577 conspiratione,
858 4508 1204 4577 impugnasse
1238 4508 1527 4561 nonnullas
1564 4516 1783 4563 senten-
1817 4534 1857 4588 ι)

200 4600 328 4665 tias,
358 4598 568 4668 quibus
613 4598 905 4662 Catholici,
956 4607 1011 4653 et
1073 4598 1378 4667 praesertim
1429 4598 1684 4668 Cyrillus,
1725 4599 1779 4651 in

199 4690 428 4759 negotio
460 4688 856 4743 incarnationis
886 4688 955 4743 ad
983 4698 1219 4744 mentem
1253 4704 1405 4744 suam
1430 4688 1780 4758 aperiendam

202 4781 285 4834 usi
313 4788 527 4833 essent.

270 4871 607 4938 Priusquam
634 4868 937 4937 imponitur
973 4868 1097 4924 ﬁnis
1145 4870 1231 4924 his
1280 4869 1781 4933 observationibus,

202 4960 498 5016 tractanda
520 4968 605 5013 est
628 4976 794 5015 causa
843 4962 1039 5031 nuperi
1079 4964 1309 5017 editoris
1339 4962 1579 5031 Operum
1608 4963 1781 5016 sancti

201 5051 429 5115 Leonis,
460 5051 556 5119 qui
601 5052 857 5120 opinatus
901 5062 987 5108 est
1014 5054 1305 5108 Eranisten
1352 5069 1383 5108 a
1435 5052 1783 5108 Theodoreto

201 5143 478 5211 scriptum
512 5152 638 5212 post
692 5144 985 5198 concilium
1020 5144 1489 5211 Chalcedonense,
1540 5144 1644 5197 hoc
1679 5153 1783 5206 est,

202 5240 328 5299 post
351 5246 563 5286 annum
602 5232 737 5299 451;
763 5250 870 5303 qua
893 5234 946 5288 in
971 5234 1229 5303 Opinione
1252 5243 1473 5288 secutus
1494 5242 1578 5288 est
1598 5234 1786 5287 Albcr-

1885 3234 2221 3289 mentionem
2259 3233 2408 3297 facit,
2431 3233 2677 3287 facturus
2700 3236 2908 3302 utique,
2934 3232 2980 3286 si
3002 3230 3293 3300 compositi
3325 3239 3457 3284 tunc

1884 3325 2153 3390 fuissent;
2183 3323 2453 3393 siquidem
2492 3323 2548 3377 in
2597 3324 2791 3393 quinto
2837 3323 3181 3392 apertissime
3221 3320 3446 3375 catholi-

1885 3431 2004 3472 cam
2025 3414 2092 3469 de
2116 3412 2490 3469 incarnatione
2512 3411 2673 3467 fidem
2699 3412 3009 3482 profitetur,
3038 3420 3097 3466 ut
3118 3425 3244 3464 mox
3265 3424 3456 3464 sumus

1886 3504 2184 3563 ostensur't.

1956 3598 2187 3666 Scripsit
2206 3603 2329 3665 post
2342 3595 2698 3663 compositam
2712 3592 3116 3646 ecclesiasticam
3140 3591 3453 3653 Historiam,

1884 3703 2008 3743 nam
2050 3687 2147 3741 lib.
2180 3702 2252 3750 iv,
2285 3701 2405 3755 cap.
2438 3685 2489 3749 l,
2510 3699 2635 3738 cum
2664 3684 2731 3739 de
2757 3683 2888 3738 Ario
2915 3682 3203 3746 scriberet,
3229 3682 3455 3751 ejusque

1887 3787 2117 3833 mortem
2153 3776 2393 3831 breviter
2418 3784 2713 3839 narraret;
2751 3794 2769 3825 ‹
2808 3774 2913 3830 Sed
2942 3773 3225 3836 cumineo,
3256 3772 3450 3841 inquit.

1890 3873 1946 3926 in
1971 3869 2319 3924 ecclesiastica
2344 3868 2583 3921 Historia
2608 3866 2828 3935 copiose
2882 3862 3319 3933 conscripserim,
3360 3877 3457 3916 suo

1886 3974 2288 4032 pervacaneum
2316 3964 2449 4027 puto
2484 3957 2576 4011 hic
2608 3956 2812 4011 dicere.
2854 3973 2871 4006 ι
2914 3955 2979 4009 Et
3018 3970 3137 4023 cap.
3160 3955 3215 4019 2,
3249 3954 3343 4008 ubi
3388 3952 3456 4007 de

1887 4052 2133 4107 Eudoxio
2154 4065 2335 4106 sermo
2374 4058 2494 4103 est:
2536 4046 2778 4101 ιΙΙοτυηι
2814 4046 3059 4099 omnium
3084 4045 3140 4099 in
3178 4058 3343 4114 opere
3364 4043 3457 4097 illo

1886 4141 2131 4197 memini.
2172 4160 2190 4191 ι
2222 4140 2452 4209 Scripsit
2472 4153 2603 4208 ergo
2627 4146 2749 4207 post
2770 4152 2976 4191 annum
3006 4136 3137 4190 I30.

1956 4234 2044 4289 IV.
2068 4233 2187 4287 Non
2230 4230 2452 4301 scripsit
2502 4238 2627 4285 ante
2666 4230 2959 4284 concilium
2988 4227 3454 4289 Chalcedonense,

1888 4326 1934 4381 si
1957 4325 2140 4396 quarti
2185 4323 2314 4378 libri
2358 4331 2525 4391 caput
2559 4322 2832 4384 ultimum,
2858 4320 3004 4390 quod
3059 4319 3125 4374 ad
3172 4319 3455 4389 Eutychen

1889 4418 2147 4488 pertinet,
2184 4413 2595 4485 supposititium
2628 4428 2737 4467 non
2762 4420 2879 4466 est:
2918 4411 2982 4465 lis
3012 4410 3158 4465 enim
3193 4409 3317 4464 inde
3345 4416 3456 4461 tota

1888 4507 2047 4561 facile
2082 4506 2379 4562 deciditur.
2444 4503 2580 4558 Nam
2617 4501 2998 4556 Theodoretus
3037 4500 3092 4553 in
3137 4498 3458 4554 Praafatione

1890 4600 2058 4654 totius
2083 4597 2267 4670 operis
2295 4594 2548 4666 spondet,
2577 4610 2635 4648 se
2677 4612 2693 4643 ι
2748 4590 2804 4645 in
2849 4598 3050 4660 quarto
3100 4589 3243 4643 libro
3269 4604 3461 4643 recen-

1889 4692 2057 4745 tiores
2078 4690 2317 4743 haereses
2343 4687 2842 4741 demonstraturum
2871 4682 2984 4737 Arii
3022 4689 3075 4735 et
3102 4678 3377 4743 Eunomii,
3404 4687 3460 4735 et

1891 4789 2162 4851 quotquot
2198 4788 2319 4850 post
2344 4780 2466 4832 illas
2497 4782 2867 4838 emerserunt,
2898 4788 3071 4842 usque
3102 4772 3171 4825 ad
3210 4771 3456 4825 ultimam

1892 4874 2053 4937 banc,
2080 4886 2246 4940 quam
2272 4868 2538 4923 Dominus
2586 4864 2883 4932 derepente
2912 4862 3161 4915 funditus
3189 4860 3460 4930 cxstirpa~

1892 4963 1989 5016 vit.
2024 4981 2042 5012 ι
2070 4961 2283 5027 Quibus
2306 4958 2491 5013 verbis
2514 4955 2688 5010 videri
2723 4963 2905 5024 potest
2936 4953 3203 5006 indicasse
3229 4952 3458 5006 haeresi“

1892 5050 2308 5120 Eutychianam,
2330 5063 2492 5117 quam
2520 5045 2765 5099 ultimam
2799 5044 3043 5098 omnium
3072 5042 3228 5096 initio
3267 5043 3462 5111 capitis

1891 5142 2089 5196 decimi
2116 5141 2261 5195 tertii
2297 5139 2542 5193 nominat
2568 5138 2635 5199 ",
2672 5151 2944 5205 quamque
2980 5133 3185 5204 passim
3233 5133 3293 5186 in
3341 5134 3461 5202 epi-

1892 5232 2047 5287 stolis
2064 5246 2257 5286 novam
2279 5227 2508 5285 hazresin
2526 5232 2705 5290 vocat,
2719 5240 2821 5279 nec
2836 5223 2942 5277 alio
2964 5221 3183 5277 nomine
3206 5220 3459 5292 appellat.

1555 5408 1873 5465 SCIIULZil
1912 5407 2143 5462 NO'I'.’E.

277 5548 323 5577 ""
349 5546 475 5601 Vid.
501 5562 687 5615 supra,
707 5546 895 5616 p.l69.
939 5548 978 5578 ⁸³
999 5547 1122 5602 Vid.
1144 5556 1181 5601 t.
1201 5548 1287 5610 IV,
1392 5547 1477 5600 .58.
1522 5549 1565 5579 "
1593 5547 2049 5603 Vid.Theodoreli
2078 5541 2557 5625 PricfatzadCant.
2587 5539 2810 5620 cantio,
2836 5546 2890 5593 et
2909 5552 3094 5618 supra.
3115 5551 3167 5615 1)..
3187 5534 3460 5614 ἓϐὃδοςιτιο

283 5616 425 5669 Diu.
457 5626 721 5671 seauente.
756 5617 1095 5671 Ambiauitas
1118 5626 1201 5671 est
1229 5618 1279 5670 in
1328 5620 1396 5671 iis
1426 5617 1630 5671 verbis.
1673 5617 1946 5671 siquidem
1978 5618 2029 5671 in
2056 5616 2187 5670 edit.
2220 5628 2391 5671 DI'IOI‘I
2427 5613 2511 5665 blS
2538 5620 2750 5671 posutus
2779 5617 2861 5662 est
2885 5608 3078 5660 titulus
3103 5607 3234 5659 diss.
3272 5612 3460 5659 terum.

206 5616 425 5697 pias.
454 5626 721 5697 sequente.
756 5617 1095 5697 Ambiguitas
1118 5618 1279 5697 estin

1328 5610 1396 5671 iis
1426 5600 1649 5681 verbis,
1670 5600 2029 5686 siquide'min
2056 5600 2187 5670 edit.
2220 5613 2391 5686 priori
2427 5612 2511 5686 bis
2537 5612 2861 5686 positusﬂest
2885 5600 3078 5686 titulus
3103 5600 3234 5686 diss.
3272 5600 3464 5686 tertia}.

204 5686 344 5739 Vide
373 5682 557 5741 autem
603 5686 751 5740 illam
778 5702 898 5754 quae
922 5682 999 5740 in.
1020 5687 1123 5741 hac
1159 5688 1402 5742 editione
1428 5689 1648 5741 nomine
1675 5682 2079 5742 dissertationis
2114 5682 2664 5754 terlizeinscribitur.

2744 5678 2788 5710 "'
2818 5677 3129 5731 Harduinus
3170 5674 3273 5727 hoc
3305 5674 3466 5728 scho-

206 5756 325 5827 lion
376 5756 629 5827 subjecit.
707 5758 752 5790 ⁸³
784 5745 905 5814 Vid.
942 5756 1105 5813 etiam
1147 5773 1332 5827 supra,
1368 5775 1420 5827 p.
1474 5758 1600 5823 256,
1630 5758 1804 5813 schol.
1836 5759 1887 5813 5.
1965 5760 2009 5790 ὀ
2044 5756 2188 5811 Edil.
2226 5753 2377 5824 prior
2412 5751 2649 5806 habebat
2696 5748 3005 5803 duodecimi.
3058 5746 3316 5801 Errorcm
3357 5745 3465 5814 jam

206 5824 352 5881 vidit
380 5824 651 5883 Oudinus.
