4228 6446
768 384 875 449 343

1884 383 2260 443 GARNERII
2305 380 2800 442 DlSSERTATIO
2839 380 2898 439 ΙΙ

3913 384 4022 447 346

777 500 901 552 llmc
953 514 1082 552 vero
1113 507 1233 566 post
1282 497 1573 551 concilium
1603 497 2048 552 Chalcedonensc
2081 495 2345 550 radicitus
2374 502 2417 556 Α
2449 492 2658 548 habens
2688 509 2915 564 regnum
2943 493 3247 560 coriorum;
3273 505 3387 549 tum
3421 492 3803 551 barretieorutn
3831 514 4027 554 rursus

773 589 959 641 evulsa
985 586 1133 641 credi
1160 587 1337 655 potuit
1365 602 1395 639 a
1429 587 1796 640 Thcodoreto.

851 677 908 731 \’.
960 677 1125 746 Atqui
1179 678 1432 731 ultimum
1486 678 1589 730 hoc
1637 677 1764 730 libri
1804 678 1983 746 quarti
2017 684 2199 745 caput,
2234 691 2344 729 non

775 766 1003 835 pcrinde
1039 783 1101 820 ac
1130 768 1516 822 duodecimum
1541 770 1608 831 ⁵⁷,
1642 768 1790 837 quod
1835 769 1901 822 de
1934 768 2188 821 Nestorio
2237 777 2341 831 est,

773 859 1183 927 supposititium
1209 875 1346 921 esse,
1379 858 1576 913 exinde
1607 859 1878 927 quispiam
1906 858 2233 912 concludat:

846 948 893 1001 1.
927 948 1082 1014 Quod
1136 949 1323 1012 verba,
1379 965 1490 1001 non
1544 958 1752 1002 tantum
1780 948 1981 1018 quibus
2034 948 2341 1011 inchoatur,

774 1039 867 1092 sed
907 1041 1071 1092 etiam
1106 1041 1306 1109 quibus
1351 1040 1561 1105 ﬁnitur,
1614 1041 1915 1110 prazl'ationi
1949 1042 2117 1095 totius
2161 1041 2345 1109 operis

774 1130 1017 1199 apprime
1054 1133 1440 1201 respondeant.
1498 1153 1514 1184 ‹
1546 1132 1652 1187 Sed
1707 1148 1831 1187 cum
1863 1132 1964 1186 hac
1996 1132 2061 1185 de
2088 1146 2145 1184 re
2172 1131 2341 1184 multa

774 1237 914 1290 saepe
967 1222 1300 1291 scripserim,
1342 1238 1806 1293 supervacaneum
1838 1222 1891 1275 in
1942 1235 2184 1290 praesens
2213 1220 2344 1276 duxi

774 1329 1086 1368 sermonem
1136 1316 1437 1384 producere
1484 1332 1494 1366 :
1534 1315 1837 1383 praesertim
1890 1329 2012 1367 cuni
2065 1313 2118 1366 in
2150 1314 2344 1382 quinto

776 1406 914 1460 libro
964 1406 1032 1460 de
1087 1406 1174 1459 his
1220 1408 1406 1468 etiam,
1467 1407 1509 1459 si
1548 1406 1692 1459 Deus
1741 1406 1908 1467 volet,
1942 1405 2190 1457 dicturus
2215 1404 2339 1457 sim.

774 1495 912 1548 iluie
936 1510 1066 1565 ergo
1096 1497 1238 1549 libro
1260 1503 1457 1564 quarto
1492 1494 1653 1548 ﬁnem
1690 1496 1994 1564 imponens,
2020 1495 2343 1563 evangelica:

775 1587 1036 1641 doctrina:
1066 1587 1433 1655 prmstantiam
1491 1602 1591 1655 pro
1612 1586 1824 1639 viribus
1852 1584 2139 1639 ostendere
2180 1598 2345 1637 cona-

777 1678 895 1729 bor.
927 1696 943 1726 ι
993 1677 1254 1746 Spectant
1298 1679 1444 1731 enim
1498 1685 1685 1746 aperte
1714 1676 1882 1729 multa
1925 1677 2039 1730 haec
2060 1675 2127 1729 ad
2155 1675 2344 1729 Erani-

775 1778 915 1825 steti.
941 1769 1152 1836 aiiaqne
1175 1777 1361 1822 contra
1389 1767 1804 1836 Apollinaristas
1838 1768 2060 1836 scripta.

2446 585 2539 653 qui
2564 586 2832 649 tramites,
2867 585 2952 651 iis,
2983 585 3077 656 qui
3140 600 3238 656 per
3292 586 3415 641 illos
3459 586 3747 652 incedunt,
3790 589 4024 643 exitium

2447 673 2768 728 all‘erentes.
2794 693 2811 726 ι

2518 764 2595 817 lla
2639 764 2860 833 quidem
2908 764 3321 831 Theodoretus;
3363 765 3460 821 sed
3509 766 3615 821 fuit
3649 768 3795 822 aliud
3831 783 4028 825 revera

2446 854 2731 923 utriusque
2766 856 3128 925 propositum.
3168 856 3397 912 Volebat
3447 873 3646 928 nempe
3703 858 4025 929 Sporacius,

2446 943 2870 1012 Theodorctum,
2899 947 3029 1000 dum
3055 947 3320 1003 adversus
3353 964 3546 1004 omnes
3591 950 3828 1005 hareses
3880 951 4024 1005 scri-

2447 1034 2621 1099 beret,
2674 1050 2840 1105 opere
2900 1037 3019 1107 ipso
3047 1039 3378 1094 calumniam
3421 1041 3711 1110 repellere,
3761 1058 3924 1112 quam
3992 1060 4026 1098 ι

2444 1128 2633 1181 multis
2672 1128 3013 1196 patiebatur,
3065 1131 3223 1199 quasi
3275 1133 3634 1187 orthodoxam
3684 1134 3843 1188 ﬁdem
3909 1149 4027 1189 non

2446 1218 2659 1271 sincere
2689 1230 3052 1288 sequeretur;
3081 1221 3464 1277 Theodorctus
3513 1239 3643 1278 vero
3673 1226 3740 1288 δ’,
3784 1232 3840 1277 ut
3898 1234 4027 1279 erat

2442 1323 2587 1378 aegro
2612 1309 2797 1363 animo
2846 1312 3111 1367 adversus
3142 1312 3439 1384 Cyrilliana
3492 1316 3692 1384 capita,
3719 1316 3918 1370 callide
3967 1325 4026 1369 et

2443 1399 2658 1453 occulte
2682 1399 2997 1464 hzeresewn,
3020 1416 3157 1470 quas
3180 1412 3529 1467 memoraret,
3563 1405 3902 1472 expositione
3927 1419 4024 1459 os-

2446 1488 2670 1544 tendere
2700 1489 3048 1554 moliebatur,
3092 1491 3299 1560 quibus
3337 1508 3405 1547 ex
3439 1492 3687 1547 fontibus
3718 1504 3837 1547 orta
3869 1492 4028 1547 vide.

2446 1589 2599 1634 retur
2654 1581 2880 1636 haeresis
2928 1583 2991 1635 de
3013 1599 3120 1635 una
3173 1590 3393 1649 natura,
3435 1600 3599 1652 quam
3652 1585 3706 1637 in
3741 1584 4025 1653 capitulis,

2444 1680 2669 1739 propter
2728 1672 3012 1741 ambiguas
3061 1672 3324 1742 quasdam
3381 1684 3437 1729 et
3468 1674 3790 1744 ﬁexiloquas
3833 1692 4023 1740 voces,

2443 1758 2609 1812 etiam
2641 1768 2764 1828 post
2800 1759 2990 1830 Cyrilli
3038 1760 3437 1829 expositionem
3488 1760 3676 1815 videre
3725 1760 3831 1816 sibi
3869 1760 4027 1815 vide~

842 1860 1003 1929 395
1042 1831 1265 1926 Quod
1288 1831 1533 1932 hascipsa
1549 1860 1717 1916 verba
1734 1831 1981 1914 maxima:
2002 1859 2126 1914 libri
2156 1860 2336 1929 quinti
2378 1831 2415 1885 Β
2445 1847 2625 1904 batur-

776 1953 913 2019 μιηὶ
938 1963 1261 2007 consonent.

845 2043 898 2095 5.
937 2042 1091 2108 Quod
1140 2044 1206 2097 ad
1241 2045 1470 2097 liceresin
1520 2045 1990 2108 Messalianorum,
2033 2044 2101 2098 de
2139 2045 2341 2114 quibus

776 2135 953 2203 agitur
994 2134 1171 2204 capite
1215 2136 1505 2191 undecimo
1537 2138 1604 2202 ",
1659 2135 2060 2191 accommodari
2115 2136 2339 2190 minime

777 2224 1027 2277 valeant:
1070 2240 1171 2278 nec
1201 2225 1346 2279 enim
1398 2226 1463 2278 de
1498 2226 1600 2279 ista
1647 2225 1777 2279 fecit
1810 2226 1943 2278 alias
1985 2224 2336 2291 mentionem,

776 2325 924 2370 certe
948 2333 1049 2369 non
1067 2317 1232 2369 multa
1255 2332 1394 2385 swpe
1415 2318 1642 2385 scripsit.

848 2407 933 2461 Vl.
985 2408 1091 2461 llas
1132 2424 1232 2476 ego
1286 2416 1396 2462 tres
1444 2409 1685 2462 rationes
1718 2407 1913 2478 probo,
1975 2407 2208 2478 ideoque
2265 2408 2340 2463 ita

776 2498 1186 2553 subducendam
1218 2500 1486 2553 rationem
1529 2510 1683 2568 puto.
1708 2501 1859 2569 Opus
1882 2500 2029 2553 istud
2073 2500 2339 2569 scriptum

774 2598 855 2642 est
894 2599 1015 2658 post
1036 2591 1409 2660 exstirpatam,
1444 2598 1501 2644 ut
1542 2591 1763 2659 quidem
1807 2591 2156 2645 Theodoreto
2184 2591 2340 2645 vide-

778 2679 959 2743 laatur,
984 2681 1215 2735 hmresin
1242 2681 1634 2752 Eutychianam
1657 2698 1669 2745 ;
1707 2681 1873 2750 igitur
1900 2690 2023 2750 post
2044 2680 2339 2735 concilium

774 2775 1237 2841 (iiialcedonense,
1290 2777 1435 2847 quod
1499 2794 1642 2833 anno
1669 2778 1792 2842 45!,
1819 2778 1959 2833 diei
2015 2778 2342 2834 Novembris

776 2866 1086 2920 absolutum
1111 2878 1212 2922 est.
1540 2930 1542 2932 τ

848 2957 955 3011 Yll.
990 2958 1314 3028 lnscriptum
1356 2969 1439 3014 est
1472 2960 1750 3030 Sporacio,
1796 2963 1890 3030 qui
1923 2969 2101 3015 tamen
2149 2963 2340 3017 consul

777 3065 885 3103 non
902 3050 1123 3105 dicitur.
1154 3050 1275 3105 Non
1310 3052 1475 3121 igitur
1501 3052 1711 3107 editum
1761 3063 1845 3107 est
1884 3068 2028 3107 anno
2060 3054 2183 3119 452,
2231 3070 2339 3123 quo

777 3156 921 3194 anno
964 3140 1259 3209 Sporacius
1305 3141 1648 3195 consulatum
1674 3142 1861 3210 gessit,
1899 3141 1995 3196 sed
2046 3157 2189 3195 anno
2212 3157 2341 3195 con-

777 3242 1057 3300 sequente,
1095 3242 1155 3287 ut
1186 3249 1349 3303 quam
1380 3232 1662 3295 citissime,
1694 3232 1746 3287 id
1771 3242 1875 3296 est,
1898 3249 2039 3287 anno
2063 3233 2167 3288 455
2206 3234 2270 3285 ".

851 3325 979 3377 Vill.
1009 3324 1162 3390 Quod
1190 3326 1235 3379 si
1271 3342 1335 3380 ea
1360 3325 1617 3394 temporis
1662 3332 1788 3378 nota
1831 3333 2065 3388 constat,
2111 3334 2173 3379 ut
2196 3337 2345 3380 certe

779 3414 959 3477 debet,
998 3430 1340 3483 consequens
1380 3422 1481 3475 est,
1512 3423 1573 3468 ut
1608 3414 1974 3483 expositiones
2014 3414 2345 3469 Theodoreti

781 3506 833 3557 in
857 3506 1248 3559 Octateuchum
1278 3505 1344 3561 ad
1373 3506 1672 3575 posteriora
1700 3506 1877 3559 adhuc
1901 3515 2145 3575 tempora
2175 3507 2344 3576 perti-

782 3605 964 3663 neant,
1000 3612 1124 3651 eum
1153 3596 1205 3650 in
1231 3597 1308 3650 iis
1324 3612 1463 3666 opus
1486 3596 1630 3650 istud
1660 3596 1878 3650 citetur.

847 3687 974 3741 ‘IX.
1008 3688 1450 3758 Sporacius,cui
1503 3704 1642 3757 opus
1694 3688 2035 3753 inscribitur,
2084 3689 2187 3743 fuit
2243 3689 2344 3743 do-

780 3782 1130 3834 mesticorum
1153 3796 1356 3843 comes,
1384 3782 1501 3849 qui,
1536 3790 1594 3834 ut
1622 3780 2004 3835 Theodoretus
2060 3782 2253 3836 scribit
2276 3782 2342 3845 ‘°,

788 3891 802 3913 ο
834 3885 956 3922 cum
989 3884 1117 3938 sago
1165 3878 1219 3923 et
1248 3870 1466 3939 cingulo
1521 3878 1789 3935 uteretur,
1853 3872 2209 3941 militiamque
2241 3872 2345 3927 sibi

780 3960 1119 4014 commissam
1140 3968 1373 4031 gereret,
1423 3970 1477 4015 et
1519 3960 1718 4030 palatio
1745 3962 1864 4031 ejus
1907 3977 2071 4016 causa
2103 3962 2345 4018 assidere

780 4059 1101 4119 cogeretur;
1133 4066 1318 4105 rerum
1369 4058 1550 4105 tamen
1596 4052 1908 4106 divinarum
1953 4053 2344 4123 cognitionem,

781 4144 1136 4211 veritatisque
1164 4141 1468 4196 doctrinam
1491 4142 1875 4212 anteponebat.
1914 4160 1931 4194 ›
1964 4142 2094 4197 Eam
2120 4144 2192 4197 ob
2228 4160 2345 4199 rem

780 4249 925 4287 anno
966 4233 1063 4287 451
1110 4247 1139 4286 a
1200 4232 1476 4287 Marciano
1530 4234 1862 4303 imperatore
1914 4233 1982 4287 ad
2050 4235 2346 4291 concilium

778 4326 1224 4382 Chalcedonense
1252 4326 1441 4397 judex,
1495 4342 1618 4381 cum
1668 4327 1791 4382 aliis
1826 4326 2232 4394 illustrissimis,
2264 4331 2346 4386 le-

779 4427 1062 4489 gatusest;
1092 4434 1236 4473 anno
1257 4418 1380 4480 452,
1407 4418 1500 4487 qui
1521 4418 1799 4487 proximus
1822 4434 1852 4474 a
1879 4420 2111 4475 concilio
2133 4421 2343 4487 habito,

2516 1961 2681 2031 396
2738 1962 2825 2017 XI.
2858 1962 2995 2017 Cum
3032 1973 3280 2019 recenset
3326 1964 3382 2018 in
3428 1964 3753 2019 Przefatione
3792 1964 4022 2018 nomina

2445 2065 2731 2107 auctorum
2761 2057 2825 2120 ",
2853 2070 2918 2108 ex
2941 2057 3145 2126 quibus
3178 2058 3432 2127 profecit,
3476 2058 3655 2111 Latini
3680 2058 3883 2112 nullius
3906 2074 4024 2112 me-

2445 2144 2624 2209 minit,
2658 2146 2751 2199 sed
2784 2162 2959 2216 neque
2987 2146 3158 2201 Graeci
3185 2149 3511 2218 Epiphanii;
3563 2163 3686 2202 eum
3734 2159 3915 2203 tamen
3965 2159 4025 2203 et

2447 2235 2522 2289 illi
2556 2253 2661 2291 non
2690 2239 2987 2303 incuriose,
3012 2248 3067 2294 et
3097 2239 3199 2294 iste
3232 2240 3650 2309 diligentissime
3683 2240 3751 2295 de
3788 2240 4023 2295 haeresi-

2448 2329 2549 2384 bus
2569 2332 2871 2400 scripserit.
2919 2334 2994 2387 De
3040 2333 3247 2387 Latinis
3296 2334 3431 2387 nihil
3483 2332 3777 2387 admodum
3808 2332 4018 2387 miror:

2446 2432 2745 2489 potuerunt
2790 2425 2937 2477 enim
2990 2424 3233 2494 ipsorum
3265 2425 3392 2479 libri
3422 2441 3530 2479 non
3559 2440 3680 2480 esse
3708 2424 3761 2478 in
3792 2423 4021 2479 Oriente

2447 2512 2690 2581 vulgati:
2726 2514 2791 2568 de
2817 2515 3144 2585 Epiphanio,
3178 2519 3333 2588 cujus
3376 2525 3497 2572 erat
3531 2524 3585 2571 et
3619 2533 3819 2572 nomen
3876 2517 4024 2571 cele-

2447 2602 2620 2667 brius,
2652 2613 2867 2674 etopus
2897 2608 3201 2677 vulgatum,
3231 2611 3403 2680 major
3420 2625 3505 2663 me
3531 2607 3821 2661 admiratio
3848 2607 4019 2676 capit.

2446 2694 2526 2749 An
2552 2710 2678 2749 eum
2708 2697 2930 2752 laudare
2956 2701 3155 2763 noluit,
3187 2701 3276 2754 cui
3330 2716 3454 2755 cum
3498 2698 3891 2770 Chrysostomo
3919 2712 4023 2752 ne-

2447 2787 2654 2857 gotium
2682 2788 2862 2843 fuerat
2886 2790 3043 2844 valde
3073 2791 3269 2861 grave?
3316 2790 3695 2846 Theodoretus
3735 2790 3880 2844 enim
3915 2790 4023 2843 mi—

2447 2893 2571 2931 rum
2592 2889 2857 2947 quantum
2885 2880 3333 2951 Chrysostomum
3361 2881 3552 2936 coluit.

2516 2971 2633 3027 ΧΠ.
2672 2972 2850 3039 Quaeri
2876 2982 3077 3043 potest,
3112 2989 3213 3028 cur
3254 2973 3638 3027 Theodoretus
3688 2986 3758 3026 ne
3788 2971 4019 3025 verbum

2446 3063 2670 3133 quidem
2700 3081 2873 3119 unum
2920 3065 3113 3119 fecerit
3140 3065 3209 3120 de
3254 3064 3561 3135 Pelagianis
3580 3063 3646 3130 “,
3699 3061 4023 3132 Pelagiano-

2448 3171 2681 3225 rumque
2711 3157 3016 3221 erroribus,
3049 3156 3164 3211 sive
3198 3158 3318 3226 qui'
3348 3156 3578 3227 gratiam
3610 3154 3728 3220 Dei,
3782 3153 3897 3207 sive
3923 3152 4020 3221 qui

2446 3255 2728 3316 peccatum
2782 3247 3010 3317 originis
3064 3255 3400 3317 oppugnant.
3445 3246 3633 3315 Neque
3675 3245 3823 3300 enim
3870 3243 4018 3307 illos,

2444 3342 2593 3411 quod
2626 3358 2736 3395 non
2766 3342 2971 3395 nemini
2996 3342 3147 3395 venit
3173 3341 3226 3394 in
3248 3350 3508 3405 mentem,
3528 3349 3620 3394 aut
3638 3337 4019 3401 Euchitarum,

2444 3442 2538 3487 aut
2606 3432 3049 3487 Messalianorum
3110 3432 3334 3487 nomine
3402 3438 3686 3485 memorat.
3742 3429 3826 3483 An
3889 3427 4022 3497 quia

2445 3524 2627 3593 ignota
2674 3522 2775 3593 ipsi
2808 3523 2913 3577 fuit
2952 3522 3261 3577 istiusmodi
3306 3521 3571 3576 hazresis?
3623 3535 3721 3575 cur
3772 3534 3907 3588 ergo
3964 3518 4023 3572 in

2444 3614 2680 3667 concilio
2712 3613 3011 3682 Ephesino,
3044 3612 3133 3666 cui
3159 3612 3430 3676 interfuit,
3487 3610 3657 3665 altera
3694 3625 3819 3682 pars
3855 3608 4023 3662 alteri

2445 3704 2835 3760 leestianam
2868 3704 3101 3759 hzeresin
3143 3700 3662 3773 objecit?An.quia
3704 3700 3839 3754 nihil
3891 3699 4025 3754 inde

2447 3801 2731 3850 turbarum
2772 3796 2828 3849 in
2860 3795 3085 3850 Oriente
3114 3796 3448 3849 concitatum
3477 3794 3632 3848 erat?
3662 3792 3806 3846 unde
3850 3791 4024 3861 igitur

2444 3887 2775 3941 invidiosum
2816 3886 2918 3939 fuit
2942 3889 2996 3941 in
3028 3886 3251 3941 Oriente
3293 3885 3747 3940 leestianorum
3777 3898 3980 3937 nomen
4000 3884 4025 3936 ?

2445 3978 2652 4033 Deinde
2684 3978 2863 4032 nullos
2893 3978 2947 4031 in
2976 3976 3198 4032 Oriente
3230 3987 3411 4031 motus
3438 3976 3786 4031 conciverant
3838 3974 4024 4029 Dona-

2452 4068 2629 4132 tistze;
2657 4067 2857 4120 horum
2886 4076 3066 4120 tamen
3096 4066 3304 4119 mentio
3334 4064 3392 4118 ﬁt
3421 4065 3474 4118 in
3500 4064 3641 4117 libro
3670 4070 3885 4132 quarto.
3916 4063 4026 4117 Deb

2446 4158 2614 4226 nique
2648 4172 2757 4211 non
2800 4155 3109 4211 mediocres
3158 4153 3567 4227 Hierosolymis,
3615 4154 3842 4224 Ephesi,
3873 4154 4026 4209 Con-

2445 4248 2820 4317 slantinopoli,
2851 4247 3176 4311 Antiochiae,
3208 4249 3263 4301 in
3292 4246 3482 4302 Cilicia
3511 4247 3778 4303 tumultus
3804 4261 3834 4300 a
3868 4246 4027 4300 Pela.

2445 4338 2623 4409 gianis
2666 4338 3118 4407 leestianisque
3166 4337 3293 4392 facti
3324 4347 3473 4403 sunt,
3532 4352 3633 4393 nec
3675 4336 3752 4390 illi
3791 4345 4026 4405 propter

2446 4431 2691 4485 locorum
2726 4429 3084 4495 vicinitatem,
3136 4429 3342 4483 homini
3374 4444 3557 4483 rerum
3587 4428 3807 4483 curioso
3850 4428 4025 4481 latere

779 4512 948 4581 gessit
968 4511 1304 4565 ordinarium
1325 4526 1448 4565 cum
1474 4510 1778 4564 Herculum
1812 4512 2176 4567 consumtum.
2213 4514 2343 4584 Ejus
2378 4530 2418 4584 ι)
2448 4529 2765 4592 potuerunt.
2785 4520 2867 4574 An
2893 4520 3039 4589 quod
3091 4520 3241 4573 nulla
3265 4519 3366 4573 fuit
3398 4519 3453 4573 in
3482 4518 3706 4574 Oriente
3755 4518 4023 4589 synodus.

781 4600 1142 4655 mentioﬁtin
1172 4601 1322 4655 Actis
1362 4600 1617 4653 Matronae
1667 4600 1956 4669 Pergensis
1992 4602 2133 4671 apud
2176 4602 2343 4657 Meta-

782 4694 1043 4762 phrasten
1074 4692 1163 4745 die
1189 4693 1221 4746 8
1240 4693 1583 4746 Novembris.

850 4782 917 4835 X.
942 4783 1105 4851 Cupit
1131 4783 1241 4849 ille,
1273 4783 1417 4852 quod
1458 4783 1510 4836 in
1530 4782 1770 4836 Historia
1792 4782 1918 4836 vitae
1946 4782 2154 4836 dictum
2179 4791 2281 4847 est,
2314 4798 2343 4835 a

783 4874 1131 4929 Theodoreto
1158 4876 1221 4939 ",
1279 4896 1295 4925 ε
1338 4876 1502 4937 scire,
1539 4890 1660 4943 quae
1696 4874 1955 4941 utrinque
2002 4883 2153 4928 extra
2202 4874 2343 4927 viam

785 4975 985 5019 rectam
1017 4977 1225 5020 novata:
1270 4982 1299 5019 a
1329 4966 1651 5035 quibusdam
1702 4965 1811 5019 sint
1853 4966 2078 5030 semitm,
2113 4981 2343 5034 quarum

785 5058 907 5111 ‘inis
936 5066 1021 5111 est
1049 5057 1368 5111 barathrum
1394 5057 1741 5126 perditionis.
1773 5055 2115 5109 Desideriuin
2158 5066 2343 5109 autem

780 5152 886 5203 hoc
910 5159 1149 5217 ceperat.
1179 5166 1291 5203 non
1342 5158 1402 5202 ut
1452 5151 1686 5218 pessime
1727 5147 2007 5210 conﬁctas,
2055 5157 2110 5203 et
2141 5157 2343 5203 tetrum

783 5238 1049 5304 spirantes
1073 5238 1298 5292 odorem
1336 5238 1547 5291 fabulas
1574 5237 1817 5301 audiret;
1843 5236 1937 5290 sed
1968 5247 2025 5291 ut
2076 5253 2191 5302 eos,
2249 5240 2342 5307 qui

786 5328 1055 5390 nesciunt,
1089 5328 1333 5391 doceret,
1360 5339 1474 5381 tum
1497 5344 1745 5397 quamam
1790 5329 1860 5382 sit
1885 5329 1970 5381 via
2000 5329 2167 5398 regia,
2210 5345 2343 5399 apo-

783 5419 987 5473 stolicis
1026 5421 1471 5489 propheticisque
1532 5429 1723 5475 ornata
1781 5421 2045 5489 vestigiis,
2085 5430 2140 5475 et
2182 5422 2343 5475 ﬁnem

2450 4612 2639 4679 inqua
2672 4625 2844 4679 genus
2889 4608 3035 4663 istud
3091 4608 3470 4661 haereticorum
3516 4606 3865 4660 anathemate
3889 4620 4027 4675 per-

2449 4703 2661 4754 culsum
2689 4700 2798 4753 sit?
2845 4699 3010 4768 Atqui
3044 4698 3362 4753 damnatum
3408 4705 3492 4751 est
3530 4696 3764 4763 Diospoli
3816 4695 3874 4748 in
3923 4696 4030 4749 Pa-

2451 4792 2681 4851 lzestina,
2714 4789 3021 4843 Antiochiae
3072 4790 3127 4841 in
3181 4787 3358 4858 Syria,
3413 4787 3679 4842 Anazarbi
3728 4786 3783 4839 in
3826 4785 4026 4839 Cilicia

2452 4881 2715 4943 secunda,
2752 4879 3230 4949 Constantinopoli
3270 4879 3324 4932 in
3364 4878 3502 4933 urbe
3530 4877 3698 4948 regia,
3726 4876 3932 4946 Ephesi
3968 4879 4027 4932 in

2449 4972 2689 5040 generali
2724 4970 2952 5042 synodo.
2986 4972 3066 5023 An
3112 4969 3260 5040 quod
3285 4969 3597 5025 Ctelestiani
3648 4984 3679 5022 a
3725 4968 4029 5023 Theodoro

2450 5061 2835 5130 Mopsuesleno
2870 5061 3140 5131 originem
3199 5061 3485 5126 ducerent,
3535 5060 3887 5127 Nestoriique
3921 5075 4026 5129 pa-

2450 5153 2683 5206 trocinio
2717 5152 2795 5206 usi
2829 5162 3034 5217 essent,
3075 5161 3131 5207 et
3172 5168 3236 5206 ea
3285 5152 3568 5214 docerent,
3608 5150 3913 5220 praesertim
3955 5150 4026 5203 de

2450 5251 2676 5309 peccato
2697 5241 2944 5310 originis,
2996 5240 3254 5310 aquibus
3306 5239 3687 5293 Theodoretus
3752 5235 3871 5305 ipse
3909 5253 4025 5291 non

2451 5332 2806 5386 abhorreret?
2828 5332 3134 5387 Probabilis
3154 5347 3337 5395 causa,
3365 5346 3471 5400 qua
3498 5340 3648 5399 parte
3666 5327 4024 5382 Theodorum

2449 5432 2505 5477 et
2537 5424 2851 5478 Nestorium
2892 5432 3137 5494 spectat;
3178 5424 3272 5477 sed
3307 5438 3415 5492 qua
3448 5420 3854 5476 Theodoretum
3889 5420 4026 5475 atti-

2110 5572 2426 5627 SCllUllil
2466 5571 2694 5631 ΝΟΤᾹΞ.

854 5663 897 5694 ⁸⁷
932 5664 1075 5715 Edil.

1109 5666 1261 5731 prior
1307 5664 1543 5717 habebat
1587 5665 1937 5718 undecimum.
2014 5666 2058 5696 ⁸⁸
2088 5664 2235 5719 Edit.
2281 5665 2432 5731 prior
2477 5666 2605 5719 hab.
2652 5668 2867 5721 decimo.

2978 5672 3022 5701 "
3046 5671 3165 5725 V‘id.
3200 5685 3386 5740 supra,
3436 5685 3489 5740 p.
3540 5671 3663 5725 231.
3705 5668 3862 5740 Vide,
3895 5683 4020 5737 pag.

781 5734 902 5810 Eri-lii.
963 5734 1027 5810 _‘°
1057 5734 1250 5810 Videt.
1277 5734 1452 5810 ἰγηρἶ
1478 5734 1607 5810 _28.'_5_.
1682 5734 1723 5763 "
1762 5734 1870 5810 lb._,_
1908 5750 1960 5810 p.
2000 5733 2120 5788 280.
2175 5737 2244 5810 _"
2271 5735 2395 5810 Viti:
2417 5751 2451 5810 sl

2349 5735 2395 5810 il.
2417 5751 2604 5810 supra,
2636 5754 2686 5808 p.
2720 5739 2841 5793 200.
2922 5741 2965 5773 ⁸³
2997 5741 3116 5795 Υἱιι.
3149 5748 3185 5795 ι.
3220 5733 3307 5806 Ν,
3340 5756 3392 5810 p.
3427 5733 3549 5795 ἑδρ.
3617 5741 3660 5771 ⁶’⁶
3693 5739 3810 5794 \‘id.
3854 5733 4019 5804 infra.

783 5804 912 5858 diss.
963 5803 1013 5867 5,
1048 5820 1146 5873 mp
1205 5804 1252 5867 Ei,
1284 5814 1338 5857 ct
1370 5803 1513 5858 Frid.
1562 5805 1874 5871 Sj-anhcm'i
1919 5804 2053 5875 Opp.
2097 5813 2133 5858 t.
2175 5804 2218 5871 I,
2250 5822 2299 5875 p.
2334 5806 2458 5862 98:2.
