4228 6446
203 400 303 463 345

1379 400 1472 457 DE
1514 398 1769 458 LIBRIS
1804 396 2312 457 THEODORETI.

3356 391 3463 458 366

206 520 317 571 net,
376 506 738 577 diseeptanda
778 505 1099 576 diligentius
1153 508 1207 561 in
1264 507 1655 563 dissertatione
1710 508 1778 562 de
1809 512 1852 567 Α
1886 515 1945 559 ut
1977 522 2044 561 ex
2078 507 2243 561 allato
2271 504 2585 560 testimonio
2623 512 2855 557 constat.
2903 502 3048 574 Ergo
3091 510 3220 558 ante
3255 518 3459 558 annum

207 601 383 669 ipsius
414 600 545 653 fide.

273 689 419 744 XIII.
470 689 577 744 Sed
607 705 709 743 cur
732 690 898 744 etiam
931 690 973 743 Τ
980 690 1313 744 heodoretus
1347 689 1401 742 in
1446 703 1612 757 opere
1671 696 1787 742 toto

206 792 388 845 neque
443 776 700 847 Origenis
745 779 1017 843 meminit,
1084 793 1260 847 neque
1330 776 1783 847 Origenistarum,

205 884 447 937 quorum
476 879 659 922 tamen
681 869 892 923 sciebat
910 884 1127 923 errores
1148 884 1178 922 a
1203 868 1511 937 TheOphilo
1546 868 1787 923 Alexan-

212 959 400 1019 drino,
424 958 481 1011 in
508 958 752 1012 homiliis
786 958 1168 1027 paschalibus;
1208 958 1276 1011 ab
1302 958 1607 1019 Anastasio,
1641 972 1793 1010 sum-

211 1066 300 1103 mo
328 1049 619 1119 pontiﬁce,
657 1049 711 1102 in
764 1050 967 1103 litteris
1016 1048 1080 1102 ad
1120 1048 1403 1102 Orientem
1464 1048 1677 1113 missis;
1721 1047 1790 1101 ab

210 1139 669 1209 imperatoribus,
704 1139 760 1193 in
784 1138 979 1193 edictis
1006 1154 1103 1207 per
1133 1146 1305 1192 totum
1345 1139 1646 1191 Romanum
1692 1137 1793 1189 im-

208 1230 429 1297 perium
458 1228 783 1299 propositis,
848 1243 969 1283 esse
999 1228 1376 1297 proscriptos?
1414 1228 1615 1281 Verum
1655 1226 1791 1280 nihil

208 1320 459 1381 illorum,
502 1320 646 1374 sicut
678 1328 733 1374 et
754 1319 1195 1388 Pelagianorum,
1242 1319 1555 1373 meminisse
1591 1316 1791 1385 prode-

209 1420 296 1463 rat
338 1410 409 1464 ad
450 1410 789 1472 institutum,
824 1409 968 1478 quod
997 1409 1259 1472 diximus,
1293 1408 1554 1478 carpendi
1584 1406 1794 1461 scilicet

207 1500 451 1561 occulte,
493 1508 552 1553 et
581 1500 637 1553 in
669 1498 934 1552 invidiam
974 1499 1209 1553 vocandi
1253 1498 1549 1569 Cyrilliana
1591 1496 1793 1565 capita,

208 1599 499 1659 tutamque
526 1590 590 1641 de
617 1607 722 1643 una
748 1598 862 1659 post
890 1591 1179 1642 unitionem
1202 1596 1398 1642 natura
1421 1587 1750 1643 sententiam
1774 1602 1788 1639 :

210 1682 373 1751 cujus
418 1681 717 1735 sententia
755 1680 896 1734 duas
924 1690 1112 1749 partes
1165 1680 1477 1735 discernere
1514 1695 1794 1749 nunquam

208 1771 283 1825 ita
320 1772 521 1835 valuit,
554 1780 614 1825 ut
636 1772 987 1835 catholicam,
1018 1788 1140 1841 qua
1171 1772 1381 1843 Cyrilli,
1406 1773 1475 1827 ab
1512 1772 1788 1837 haretica,

206 1861 372 1931 397
424 1879 549 1931 qua:
568 1862 887 1930 Apollinarii
913 1872 1008 1917 aut
1044 1863 1326 1932 Eutyehis,
1352 1865 1684 1933 sejungeret.

280 1955 423 2009 XIV.
451 1955 605 2024 Opus
629 1955 733 2010 hoc
753 1972 898 2009 anno
922 1957 1059 2010 1545
1078 1955 1301 2025 prodiit,
1330 1957 1566 2025 primum
1610 1955 1794 2010 Graec

209 2046 405 2100 [tentia
443 2045 750 2115 Ardingelli
803 2044 1112 2100 Cardinalis
1142 2061 1307 2113 cura;
1352 2046 1553 2101 deinde
1605 2045 1795 2101 Latine

208 2137 491 2192 Gentiano
533 2137 770 2192 Iierveto
803 2138 1124 2207 interprete.
1174 2138 1371 2197 Latino
1420 2153 1675 2193 sermone
1709 2140 1794 2193 in-

213 2239 559 2300 terpretatus
586 2240 673 2285 est
714 2230 1033 2284 Victorinus
1060 2229 1376 2301 Strigolius,
1409 2232 1637 2302 ejusque
1668 2248 1795 2286 ver-

213 2322 371 2376 sione
432 2336 570 2375 usns
621 2329 706 2375 est
740 2320 955 2375 Marcus
1012 2320 1333 2376 Beumlerus
1390 2322 1446 2376 in
1476 2338 1574 2378 sua
1624 2322 1797 2392 logica

213 2412 466 2481 synopsi,
514 2426 624 2481 qua
664 2412 907 2482 singulas
959 2412 1124 2467 trium
1166 2413 1504 2483 dialogorum
1558 2415 1800 2469 rationes

214 2503 283 2555 ad
313 2502 555 2556 formam
578 2502 970 2573 syllogisticam
997 2502 1198 2573 exegit,
1223 2514 1282 2558 ut
1307 2519 1497 2557 earum
1528 2504 1639 2558 vim
1682 2521 1799 2559 ma-

215 2596 475 2649 nifestius
517 2598 535 2614 ⁶
563 2594 904 2649 ostenderet.
932 2593 1089 2650 Hunc
1136 2596 1382 2649 laborem
1431 2596 1690 2667 suscepit,
1744 2605 1801 2650 ut

218 2686 590 2755 Ubiquitariis
627 2686 859 2753 aliisque
913 2685 1208 2751 haretieis,
1258 2686 1615 2757 Zuinglianus
1683 2688 1800 2756 ipse

217 2778 301 2830 vel
326 2777 703 2839 Lutheranus,
726 2774 1135 2830 Theodoretum
1182 2786 1277 2831 aut
1302 2777 1356 2830 in
1382 2792 1541 2831 suum
1578 2793 1799 2833 sensum

222 2868 575 2922 trahentibus
618 2876 710 2919 aut
739 2866 1208 2921 calumniantibus
1237 2869 1553 2923 obsisteret.

456 3011 484 3082 §
510 3013 597 3067 Ill.
621 3011 897 3067 Orationes
926 3012 1100 3066 decem
1123 3013 1186 3066 de
1211 3013 1563 3067 Providentia.

1888 598 2012 658 455,
2038 611 2147 665 quo
2174 608 2317 648 anno
2342 595 2724 664 interpretatio
2752 594 3003 648 Psalterii
3024 593 3326 664 composita
3354 604 3460 648 est.

1890 688 2133 741 Pertinet
2158 686 2325 757 igitur
2357 685 2426 739 ad
2450 701 2572 739 eam
2615 687 2845 740 classem
2888 685 3176 748 librorum,
3220 701 3361 754 quos
3406 686 3462 740 in

1888 779 2119 848 epistola
2196 778 2263 831 ad
2339 784 2586 831 sanctum
2642 776 2881 830 Leonem
2944 775 3324 831 Theodoretus
3384 776 3463 831 ait

1888 885 1946 923 se
1970 879 2094 924 ante
2121 884 2295 923 annos
2331 867 2648 938 quindecim
2697 869 2783 922 vel
2827 868 2991 923 etiam
3032 866 3338 922 octodecim
3381 868 3463 923 fe-

1890 962 2052 1013 cisse.

1962 1050 2025 1101 V.
2069 1048 2247 1115 Quare
2272 1048 2424 1104 credi
2450 1048 2648 1102 merito
2678 1056 2856 1117 potest
2876 1050 3135 1118 scriptus,
3182 1050 3373 1105 saltem
3395 1064 3464 1103 ex

1892 1150 2066 1208 parte,
2093 1139 2275 1192 statim
2309 1149 2433 1207 post
2480 1138 2748 1209 synodum
2789 1136 3141 1205 Ephesinam,
3175 1150 3462 1209 postquam

1893 1231 2239 1299 imperatoris
2273 1230 2526 1283 mandato
2575 1228 2884 1284 Orientales
2932 1229 3173 1298 epise0pi
3227 1229 3293 1283 ad
3337 1245 3466 1284 suas

1892 1323 2093 1392 singuli
2141 1330 2486 1377 recesserunt
2517 1322 2829 1377 Ecclesias:
2882 1330 3014 1375 tunc
3058 1323 3204 1375 enim
3245 1322 3465 1377 videtur

1895 1414 2277 1468 Theodoretus
2326 1428 2501 1476 suam,
2561 1412 2631 1466 ob
2682 1428 2768 1468 res
2801 1420 2991 1467 contra
3032 1420 3217 1466 votum
3264 1421 3461 1481 gestas,

1896 1504 2065 1558 animi
2115 1503 2497 1574 agritudinem
2552 1503 2740 1557 verbis
2794 1502 3061 1574 factisque
3121 1502 3287 1558 solari
3369 1517 3465 1558 co-

1894 1607 2073 1652 natus.

1965 1690 2050 1743 Vl.
2079 1689 2217 1752 Dixi,
2255 1688 2445 1741 saltem
2472 1701 2538 1741 ex
2560 1692 2736 1755 parte,
2772 1684 2990 1738 duobus
3014 1698 3207 1753 nempe
3252 1693 3467 1755 postre-

1896 1783 2000 1836 mis
2023 1781 2371 1835 sermonibus
2397 1798 2409 1832 :
2439 1779 2604 1849 398
2633 1778 2851 1848 priores
2878 1776 3025 1831 enim
3057 1785 3183 1830 octo
3226 1792 3334 1830 non
3360 1775 3467 1829 im-

1830 1858 1867 1910 υ
1898 1873 2257 1943 probabiliter
2302 1870 2513 1925 censeri
2542 1877 2773 1939 possunt
2819 1877 2944 1921 ante
3002 1866 3268 1937 synodum
3305 1864 3465 1930 facti;

1895 1980 2068 2034 eaque
2102 1964 2285 2018 forsan
2308 1976 2471 2017 causa
2494 1969 2597 2023 est,
2648 1974 2749 2014 cur
2773 1958 2827 2012 in
2856 1956 3083 2012 exordio
3117 1956 3245 2010 noni
3289 1956 3470 2010 Theo-

1896 2057 2123 2110 doretus
2183 2063 2403 2108 revocet
2453 2050 2801 2105 auditoribus
2872 2048 2927 2102 in
2976 2046 3296 2101 memoriam
3336 2086 3351 2110 ,
3399 2061 3469 2100 ne

1898 2157 2113 2216 tempus
2143 2144 2428 2206 deleverit,
2473 2142 2603 2211 quid
2632 2139 2935 2210 argumenti
2968 2148 3125 2192 antea
3175 2144 3468 2195 tractatum

1898 2240 1988 2293 sit.
2027 2258 2043 2289 ι
2084 2236 2241 2300 Octo,
2303 2234 2502 2304 inquit,
2534 2234 2644 2304 jam
2695 2246 2977 2287 sermones
3009 2228 3219 2285 emensi
3255 2242 3467 2294 sumus,

1898 2329 2026 2383 dum
2054 2328 2389 2397 ingratorum
2411 2322 2806 2394 blasphemiam
2840 2321 3138 2391 arguimus.
3172 2338 3191 2372 ι

1968 2420 2080 2474 VII.
2118 2419 2371 2474 Decimus
2394 2426 2544 2471 certe
2585 2430 2787 2478 sermo,
2812 2413 2907 2483 qui
2947 2412 3016 2467 de
3057 2410 3319 2481 patientia
3373 2409 3474 2466 bo-

1899 2525 2133 2573 norum,
2168 2524 2307 2578 quos
2345 2508 2531 2561 divina
2571 2504 2924 2560 Providentia
2975 2511 3232 2565 exercet,
3290 2501 3470 2569 deque

1901 2601 2065 2655 Verbi
2110 2599 2487 2654 incarnatione
2533 2603 2637 2659 est,
2667 2594 2909 2650 ostendit
2954 2608 3063 2647 non
3094 2592 3351 2655 obscure,
3415 2599 3473 2646 et

1902 2703 2119 2763 tempus
2153 2707 2263 2762 quo
2288 2693 2403 2760 ipse
2446 2688 2785 2758 compositus
2812 2694 2916 2750 est,
2954 2693 3010 2740 et
3047 2686 3228 2739 locum
3272 2685 3328 2738 in
3363 2700 3473 2753 quo

1902 2785 2035 2838 dicti
2091 2798 2322 2836 omnes:
2371 2780 2548 2835 dictos
2593 2780 2740 2833 enim
2801 2777 2867 2830 ad
2936 2777 3198 2846 populum
3246 2774 3475 2845 conjicit

1906 2884 2203 2944 utcunque,
2242 2873 2440 2943 partim
2465 2887 2531 2925 ex
2552 2869 2783 2924 solemni
2810 2867 3204 2938 glorificatione
3228 2882 3333 2934 qua
3362 2865 3474 2920 sin-

1903 2966 2015 3036 guli
2072 2964 2361 3026 ﬁniuntur,
2412 2959 2608 3031 partim
2632 2973 2699 3012 ex
2752 2956 3100 3026 peroratione
3137 2971 3242 3023 qua
3291 2969 3473 3007 sermo

1904 3057 2242 3112 convertitur
2283 3055 2350 3109 de
2400 3067 2549 3107 more
2587 3050 2654 3104 ad
2682 3049 3031 3111 audientem,
3078 3047 3275 3116 partim
3319 3046 3477 3099 deni—

293 3151 335 3204 ι.
373 3150 527 3204 Nihil
569 3150 673 3203 hac
716 3148 1156 3211 elucubratione,
1194 3163 1314 3216 qua
1357 3146 1547 3201 decem
1591 3161 1796 3200 sermo-
1827 3192 1868 3249 ε
1905 3167 2011 3220 que
2062 3165 2131 3203 ex
2188 3147 2372 3211 modo,
2431 3159 2526 3200 seu
2582 3140 2958 3212 magnitudine
3013 3138 3267 3193 concioni
3326 3152 3476 3192 com-

222 3242 391 3296 nibus
419 3240 751 3306 absolvitur,
780 3248 875 3294 aut
901 3239 1253 3309 eloquentius
1279 3245 1375 3291 aut
1395 3236 1797 3301 admirabilius,

222 3350 334 3387 non
372 3333 555 3388 dicam
583 3348 613 3386 a
642 3330 1013 3396 Theodoreto,
1038 3331 1133 3386 sed
1157 3330 1226 3385 ab
1253 3330 1362 3384 alio
1383 3330 1512 3393 ullo,
1541 3327 1804 3383 felicioris

222 3426 391 3480 etiam
426 3424 652 3480 Gracia
677 3424 970 3493 scriptore,
992 3423 1048 3477 in
1088 3422 1229 3477 hanc
1264 3437 1378 3476 rem
1428 3422 1637 3477 editum
1677 3429 1758 3475 est
1789 3439 1803 3487 ;

227 3529 289 3573 ut
337 3519 396 3572 in
430 3518 552 3587 ipsa
601 3516 844 3571 voluisse
918 3516 1171 3571 videatur
1242 3522 1437 3569 auctor
1491 3513 1803 3580 ostendere,

225 3618 499 3677 quantum
529 3607 587 3660 in
624 3614 742 3661 arte
768 3605 1010 3661 oratoria
1038 3605 1268 3667 valeret,
1295 3620 1568 3674 quamque
1622 3611 1808 3673 posset

226 3696 703 3768 eloquentissimis
722 3696 1034 3766 quibusque
1075 3694 1340 3749 invidiam
1370 3709 1590 3749 movere
1622 3712 1633 3745 ε
1673 3694 1809 3749 scri-

229 3790 385 3845 benti
410 3787 598 3843 forsan
627 3785 931 3856 indignatio
966 3800 1064 3841 sua
1086 3784 1343 3838 auxiliata
1376 3793 1477 3838 est.

300 3881 369 3935 ll.
398 3880 556 3934 Hanc
582 3877 688 3932 sibi
726 3877 976 3931 vindicat
999 3875 1383 3930 Theodoretus
1406 3875 1637 3945 epistola
1684 3874 1805 3927 11⁸5.

236 3993 254 4023 ι
287 3971 499 4041 Scripsi
528 3969 777 4039 quadam
799 3968 1064 4023 adversus
1087 3968 1285 4038 Magos,
1323 3967 1414 4037 qui
1445 3976 1574 4020 sunt
1598 3966 1652 4018 ir.
1682 3966 1809 4020 Pe:-

232 4068 378 4131 side,
416 4066 527 4119 alia
548 4065 618 4119 de
645 4063 904 4118 universa
937 4062 1307 4124 Providentia,
1344 4080 1361 4112 ›
1416 4070 1521 4115 etc.
1557 4060 1811 4115 Vindicat

229 4160 398 4213 etiam
432 4157 492 4211 in
522 4153 920 4210 commentario
965 4152 1163 4207 Psalmi
1205 4169 1363 4213 van,
1414 4154 1530 4217 ubi,
1573 4168 1698 4207 cum
1742 4152 1810 4207 de

233 4252 438 4320 iniusta
470 4255 647 4303 morte
700 4245 922 4302 Christo
944 4245 1091 4299 illata
1133 4261 1232 4315 per
1271 4244 1547 4300 diabolum
1584 4252 1807 4313 ageret:

242 4360 261 4389 ι
294 4339 444 4402 Hac,
500 4323 699 4406 inquit,
751 4333 1018 4405 injustitia
1066 4333 1213 4387 illius
1246 4333 1466 4403 quidem
1517 4333 1809 4402 imperium

234 4430 459 4491 evertit,
495 4426 813 4482 hominibus
838 4435 1024 4479 autem
1059 4424 1267 4478 inferos
1299 4423 1584 4487 reseravit,
1622 4439 1813 4492 quem-

1902 3259 2111 3299 mensa.

1974 3335 2110 3391 VIII.
2139 3333 2277 3387 Dieti
2304 3340 2434 3386 sunt
2456 3330 2623 3400 igitur
2650 3325 2973 3388 Antiochia,
3008 3324 3061 3378 in
3084 3323 3219 3378 urbe
3235 3323 3475 3379 Orientis

1906 3424 2187 3495 primaria,
2224 3437 2344 3492 qua
2378 3420 2507 3491 quia
2549 3419 2750 3474 litteris
2792 3415 2996 3471 Gracis
3024 3421 3144 3467 erat
3169 3413 3476 3467 exeultissi-

1906 3534 2013 3581 ma,
2038 3518 2146 3570 imo
2170 3515 2480 3569 litterarum
2507 3511 2630 3566 fons
2656 3508 2992 3568 uberrimus,
3024 3512 3297 3559 tantarum
3337 3504 3476 3559 deli-

1904 3610 2113 3665 ciarum
2159 3620 2381 3661 sensum
2445 3602 2648 3656 habere
2700 3599 2900 3670 potuit,
2946 3612 3084 3666 quas
3149 3594 3474 3667 Cyrensium

1907 3698 2119 3753 ruditas
2149 3712 2213 3751 ac
2236 3710 2375 3765 pene
2396 3690 2678 3748 barbaries
2709 3704 2819 3743 non
2836 3687 3107 3755 capiebat.

1975 3789 2066 3844 IX.
2103 3789 2176 3842 De
2223 3788 2310 3841 his
2357 3800 2457 3855 ego
2497 3780 2802 3853 prasertim
2848 3774 3219 3837 sermonibus,
3249 3781 3477 3844 propter

1907 3879 2289 3936 admirabilem
2318 3871 2712 3945 eloquentiam,
2764 3870 3102 3937 interpretor
3146 3864 3475 3919 Theodoreti

1908 3974 2098 4036 verba,
2133 3970 2202 4025 de
2252 3969 2463 4025 Joanne
2514 3962 2857 4021 Antiocheno
2907 3958 3035 4021 sibi,
3076 3972 3201 4011 cum
3247 3954 3477 4018 diceret,

1910 4062 2245 4131 plaudente:
2287 4078 2304 4108 ι
2340 4052 2748 4111 Disserentibus
2787 4049 2949 4103 nobis
2994 4048 3076 4101 sic
3116 4044 3477 4110 afﬁciebatur,

1913 4164 1971 4208 ut
1995 4152 2183 4206 ambas
2206 4163 2347 4218 sape
2378 4159 2573 4200 manus
2603 4159 2712 4197 non
2750 4148 2982 4204 teneret,
3008 4147 3065 4192 et
3095 4137 3163 4192 de
3205 4135 3333 4192 sede
3372 4150 3475 4191 sua

1914 4246 2295 4310 consurgeret,
2340 4257 2357 4289 ι
2393 4244 2501 4291 etc.

1982 4332 2051 4386 Χ.
2072 4326 2445 4389 Observanda,
2478 4339 2600 4394 qua
2621 4323 2675 4376 in
2720 4321 2934 4376 decimo
2958 4321 3156 4391 partim
3181 4317 3249 4372 de
3270 4317 3481 4387 patien-

1920 4425 1988 4479 tia
2016 4429 2332 4477 sanetorum
2364 4418 2417 4470 in
2441 4413 2680 4469 ferendis
2700 4412 2963 4472 adversis,
2995 4410 3193 4480 partim
3216 4408 3284 4462 de
3317 4406 3479 4461 Verbi

236 4519 535 4573 admodum
586 4516 641 4570 in
684 4515 1030 4571 sermonibus
1078 4515 1145 4569 de
1176 4514 1527 4569 Providentia
1562 4514 1814 4584 pluribus
1846 4523 1887 4575 [)
1918 4510 2295 4567 incarnatione
2327 4510 2653 4560 tractantur.
2699 4502 2791 4557 Illa
2816 4500 3111 4570 siquidem,
3164 4505 3225 4552 ut
3252 4502 3480 4566 cognata

234 4610 425 4664 verbis
449 4607 660 4661 dictum
684 4615 787 4660 est.
819 4625 837 4657 ι
891 4605 1149 4660 Vindicat
1192 4604 1431 4675 denique
1482 4605 1538 4659 in
1583 4604 1814 4674 epistola

236 4703 341 4755 82:
383 4718 402 4752 ε
449 4698 710 4770 Mysticus
749 4712 967 4767 quoque
996 4696 1135 4750 liber
1171 4712 1203 4751 a
1235 4696 1392 4750 nobis
1447 4695 1813 4765 conscriptus,

237 4795 392 4849 etde
442 4790 792 4847 Providentia
838 4788 979 4841 liber
1012 4786 1185 4852 alius;
1219 4806 1237 4837 ι
1287 4786 1344 4839 in
1398 4800 1560 4855 quem
1615 4800 1815 4854 nempe

239 4899 531 4941 sermones
561 4883 750 4935 decem
776 4879 1090 4948 collegerat.

288 4975 400 5027 “Ill.
440 4972 519 5025 Ex
550 4970 636 5023 his
662 4968 771 5021 duo
803 4975 1054 5022 constant
1081 4982 1093 5017 :
1151 4964 1404 5028 alterum,
1436 4965 1585 5019 hunc
1611 4964 1817 5017 librum

242 5066 309 5118 ab
358 5079 428 5117 eo
492 5060 712 5115 differre
741 5099 756 5121 ,
815 5058 907 5126 qui
949 5056 1212 5128 mysticus
1243 5055 1444 5110 dicitur
1480 5073 1494 5119 ;
1557 5057 1815 5117 alterum,

246 5156 514 5225 scriptum
567 5150 735 5205 fuisse
795 5161 921 5204 ante
965 5148 1392 5204 commentarios
1448 5147 1503 5201 in
1543 5147 1818 5200 Psalmum

247 5264 407 5303 LXVII.

315 5338 403 5393 IV.
448 5335 674 5397 Verum,
698 5339 759 5386 ut
792 5340 1009 5400 tempus
1031 5328 1238 5385 certius
1276 5335 1573 5391 statuatur,
1610 5327 1691 5383 sic
1735 5343 1821 5380 ra-

252 5425 632 5483 tiocinandum
656 5431 760 5477 est.
791 5421 1039 5491 Scriptus
1076 5427 1160 5475 est
1188 5428 1335 5475 certe
1379 5419 1521 5473 liber
1566 5426 1691 5472 ante
1728 5433 1824 5470 an-

252 5534 379 5572 num
406 5516 535 5570 458.
570 5513 705 5567 Nam
733 5520 1055 5565 numeratur
1086 5526 1115 5564 a
1143 5509 1489 5564 Theodoreto
1534 5509 1677 5562 inter
1704 5523 1818 5568 eos,

254 5622 411 5677 quos,
435 5619 565 5659 cum
589 5618 733 5657 anno
754 5600 855 5655 449
886 5600 1102 5654 litteras
1132 5599 1288 5653 daret
1315 5598 1380 5652 ad
1403 5606 1654 5653 sanetum
1686 5597 1826 5650 Leo-

258 5714 401 5761 nem,
424 5712 486 5751 se
510 5704 639 5750 ante
682 5693 969 5749 duodecim
996 5706 1171 5746 annos
1191 5690 1564 5763 composuisse
1608 5688 1821 5743 asserit.

258 5790 504 5861 Srriptus
528 5802 747 5857 quoque
776 5792 855 5841 est
882 5796 1005 5839 ante
1026 5782 1530 5852 interpretationem
1558 5778 1822 5845 Psallerii,

1916 4611 2067 4667 sunt,
2104 4602 2212 4655 imo
2238 4598 2351 4652 fere
2386 4595 2579 4650 eadem
2610 4609 2734 4649 cum
2758 4593 2846 4655 iis,
2870 4592 3073 4662 quibus
3096 4588 3481 4643 Theodoretus

1917 4703 2105 4766 postea
2136 4691 2373 4760 seipsum
2397 4704 2428 4741 a
2452 4686 2714 4740 Dioscoro
2755 4684 2812 4737 in
2843 4682 3111 4751 Ephesina
3136 4678 3343 4749 synodo
3382 4691 3474 4731 se-

1917 4784 2095 4841 cunda
2123 4782 2264 4835 dura
2302 4792 2524 4848 passum
2551 4776 2759 4830 solatus
2802 4779 2906 4837 est,
2942 4770 3186 4840 produnt
3233 4768 3478 4822 animum

1917 4874 2156 4930 hominis
2186 4870 2472 4945 querentis
2494 4868 2561 4923 de
2607 4864 2871 4927 adversis,
2902 4878 3022 4931 qua
3056 4861 3288 4931 primam
3317 4873 3481 4929 syno-

1919 4968 2046 5022 dum
2068 4964 2398 5035 Ephesinam
2424 4967 2611 5014 secuta
2650 4963 2777 5011 sunt
2805 4972 2818 5007 :
2850 4955 2974 5014 ista,
3008 4962 3286 5037 ptparnm
3310 4947 3483 5037 diffe-

1920 5064 2067 5117 runt,
2087 5054 2253 5107 etiam
2283 5051 2577 5105 verborum
2612 5053 2875 5106 tenore,a
2900 5036 3240 5096 Nestorianis
3291 5036 3360 5091 de
3402 5036 3483 5089 in-

1919 5144 2237 5199 carnatione
2266 5138 2633 5199 sermonibus,
2686 5132 3014 5194 ostendunt,
3047 5128 3323 5199 quomodo
3356 5136 3487 5180 tunc

1920 5234 2150 5289 affectus
2174 5234 2357 5287 animo
2386 5227 2573 5289 fuerit,
2609 5238 2734 5279 cum
2774 5222 3062 5277 scriberet.
3093 5220 3153 5273 Id
3192 5226 3364 5271 totum
3408 5215 3487 5269 fa-

1921 5326 2024 5380 cile
2049 5326 2280 5393 quisque
2315 5319 2605 5387 intelliget,
2638 5315 2733 5385 qui
2768 5312 2877 5367 alia
2925 5327 3051 5366 cum
3082 5311 3204 5364 aliis
3234 5306 3486 5363 conferre

1922 5416 2175 5471 voluerit.

2004 5522 2030 5590 §
2057 5522 2141 5575 IV.
2172 5520 2246 5573 De
2266 5517 2516 5571 curandis
2547 5514 2900 5638 aﬁggzgfzus
2950 5511 3253 5567 Graecorum
3299 5508 3419 5563 libri

1996 5686 2035 5738 l.
2075 5682 2268 5737 Libros
2298 5677 2565 5750 ejusmodi
2600 5674 2889 5731 duodecim
2939 5671 3185 5743 agnoscit
3232 5666 3486 5729 Theodo-

1930 5786 2079 5831 retus
2113 5775 2260 5828 velut
2314 5787 2462 5835 suos,
2513 5778 2626 5824 tum
2679 5769 2732 5823 in
2806 5764 3056 5836 epistolis
3110 5762 3176 5817 ad
3240 5768 3488 5817 sanctum
