4228 6446
762 372 863 435 347

1850 367 2223 429 GARNERII
2265 361 2758 424 DISSERTATIO
2799 361 2858 418 ΙΙ

3906 346 4017 407 348

765 485 1002 537 Leonem
1029 492 1083 535 et
1108 464 1374 534 chatum
1401 481 1467 541 ⁸⁵,
1509 487 1624 532 tum
1665 470 1967 547 quaestiOne
2018 477 2074 528 in
2126 473 2333 528 Leviti—
2365 475 2407 529 Α
2437 470 2714 533 habuisse,
2740 481 2901 537 quem
2919 470 3181 526 verteret,
3207 470 3301 515 aut
3328 457 3657 514 Theodoreti
3680 470 3897 511 sensum
3922 470 4012 507 as-

766 588 915 633 cum,
942 574 958 588 '
978 587 1085 639 qua
1117 570 1361 622 tio-causa
1396 568 1531 621 Deus
1558 568 1653 620 sibi
1685 566 1951 634 sacriﬁcia
1981 566 2156 635 offerri
2198 579 2332 632 pra:-

768 660 979 728 ceperil,
1023 658 1117 712 ubi
1151 668 1387 727 quatuor
1438 658 1671 712 aliorum
1712 672 1939 725 operum
2000 654 2331 708 mentionem

766 750 918 803 facit.
951 769 967 799 ‹
1002 751 1078 803 De
1116 749 1221 812 his,
1254 748 1450 817 inquit,
1477 749 1717 803 diximus
1747 749 1935 801 multis
1956 748 2011 801 in
2033 746 2188 808 locis,
2219 754 2333 799 tum

769 837 823 891 in
842 839 948 901 his,
976 855 1096 907 qua:
1129 845 1317 891 contra
1348 837 1565 893 Graecos
1589 839 1932 907 scripsimus,
1978 848 2032 890 et
2075 837 2336 889 adversus

772 928 1023 991 haereses,
1055 937 1167 981 tum
1194 928 1249 981 in
1271 928 1359 990 iis,
1394 944 1514 997 qum
1548 929 1815 983 adversus
1839 942 2043 995 magos,
2073 934 2335 994 prie-terea

770 1019 823 1071 in
860 1020 1303 1073 enarrationibus
1364 1020 1727 1081 Psalmorum,
1780 1017 1924 1072 etin
1970 1015 2336 1085 Epistolarum

769 1108 1193 1178 apostolicarum
1230 1109 1655 1163 commentariis.
1690 1127 1707 1158 ι

841 1198 906 1251 ll.
939 1198 1132 1250 Mirum
1164 1213 1296 1251 vero
1324 1198 1543 1262 accidit,
1574 1214 1752 1267 neque
1776 1214 1805 1252 a
1830 1197 2025 1252 Photio
2046 1198 2111 1261 θ’,
2160 1211 2338 1264 neque

770 1301 801 1338 a
826 1285 1136 1353 Nicephoro
1160 1288 1434 1340 recenseri
1474 1304 1613 1356 opus
1649 1298 1754 1341 tam
1786 1288 2338 1356 exquisitum,totque

771 1373 930 1427 libris
956 1376 1414 1443 comprehensum
1446 1393 1458 1427 :
1502 1376 1596 1428 sed
1636 1375 1751 1429 ﬁeri
1774 1377 1972 1444 potuit,
2001 1384 2062 1429 ut
2087 1376 2140 1429 in
2168 1376 2342 1428 mani-

772 1462 876 1516 bus
903 1464 1146 1517 omnium
1174 1482 1282 1519 non
1306 1473 1467 1527 esset,
1494 1474 1718 1534 pmpter
1752 1466 2090 1519 reconditam
2131 1465 2339 1518 doctri-

773 1569 899 1605 nam
934 1554 1098 1623 399
1118 1566 1398 1609 externam
1421 1573 1435 1619 ;
1461 1565 1516 1609 et
1540 1557 1839 1625 scriptores
1870 1557 1947 1610 illi
1998 1557 2108 1610 duo
2152 1557 2343 1610 memi—

774 1645 956 1697 nerint
987 1644 1251 1700 duntaxat
1280 1661 1530 1714 operum,
1568 1663 1689 1715 qua:
1715 1647 1876 1715 vulgo
1906 1657 2032 1701 nota
2061 1656 2267 1700 essent.

848 1740 935 1794 lll.
958 1742 1177 1795 Editum
1202 1752 1285 1796 est
1310 1751 1433 1795 ante
1464 1758 1667 1796 annum
1696 1743 1818 1806 438,
1850 1742 2121 1811 siquidem
2149 1756 2340 1795 recen-

774 1839 924 1883 setur
942 1846 970 1883 a
1002 1830 1348 1885 Theodoreto
1375 1831 1516 1885 inter
1540 1848 1705 1900 opera
1736 1831 2026 1887 duodecim
2047 1840 2170 1886 ante
2185 1831 2346 1884 annis

774 1919 1074 1988 composita
1097 1961 1110 1983 ,
1143 1936 1306 1989 quam
1342 1921 1510 1975 Leoni
1552 1921 1743 1991 Magno
1785 1921 2053 1977 scriberet
2082 1940 2093 1974 :
2125 1921 2345 1990 scripsit

775 2024 905 2063 vero
934 2026 1077 2063 anno
1100 2012 1223 2064 H9.

844 2099 929 2152 ιν.
955 2098 1111 2154 Stare
1146 2100 1313 2169 igitur
1333 2115 1441 2154 non
1477 2107 1656 2169 potest
1674 2100 2028 2154 illustrissimi
2058 2100 2341 2155 Annalium

775 2187 1061 2256 scriptoris
1108 2190 1414 2252 sententia,
1463 2190 1758 2258 opinantis,
1817 2190 2176 2259 compositum
2227 2205 2345 2244 esse

775 2287 900 2346 post
921 2277 1092 2347 legem
1127 2278 1420 2332 Theodosii
1453 2278 1720 2332 adversus
1751 2280 1980 2353 gentiles
2002 2281 2178 2333 datam
2200 2295 2346 2333 anno

774 2365 898 2429 459,
941 2368 1117 2436 pridie
1156 2368 1273 2421 Kal.
1322 2368 1483 2422 Febr.
1530 2366 1946 2439 Constantinop.
2001 2369 2069 2424 ad
2118 2369 2345 2423 Floren-

775 2454 932 2509 tium.

842 2545 907 2602 V.
974 2545 1138 2600 Suam
1198 2547 1526 2601 sententiam
1568 2548 1834 2602 Baronius
1890 2563 1956 2601 ex
2007 2563 2072 2603 eo
2132 2548 2350 2603 videtur

776 2636 1102 2700 confecisse,
1133 2638 1278 2706 quod
1298 2638 1374 2692 ait
1401 2638 1781 2693 Theodoretus
1819 2640 1920 2693 sub
1945 2638 2107 2692 ﬁnem
2141 2655 2347 2693 sermo-

778 2726 865 2781 nis
903 2726 1162 2796 septimi,
1194 2743 1317 2781 cum
1366 2729 1683 2783 hortaretur
1725 2729 1975 2798 gentiles,
2025 2736 2086 2781 ut
2120 2729 2349 2798 rejectis

776 2816 893 2869 suis
926 2814 1230 2880 sacriﬁciis,
1273 2816 1605 2872 sacriﬁcium
1651 2817 1831 2872 laudis
1866 2818 2131 2872 oﬁ‘errcnt
2189 2819 2300 2873 Deo
2333 2837 2346 2871 :

785 2924 805 2957 ς
840 2906 1005 2960 Vobis
1034 2914 1095 2960 ut
1132 2908 1205 2960 ita
1231 2907 1465 2973 faciatis,
1494 2909 1860 2977 persuadeant
1899 2925 2008 2963 non
2038 2910 2351 2980 principum

778 2995 947 3065 leges,
973 3012 1151 3066 neque
1192 2999 1589 3068 suppliciorum
1621 3008 1828 3062 metus,
1857 2999 1953 3053 sed
1977 3001 2224 3055 veritatis
2247 3016 2347 3072 po-

2435 570 2672 615 secutus.
2699 558 2855 627 Legit
2888 556 3033 609 enim
3066 571 3078 606 :
3113 554 3248 614 Teii;
3271 553 3325 604 δὲ
3360 554 3468 613 τοῖς
3499 549 3793 618 ἀλλοτρίοις
3819 549 4017 614 ἐντυγ-

2436 651 2693 719 χάνοντας
2741 646 2921 707 πόνοις
2983 642 3309 713 παρακαλῶ,
3338 650 3620 704 etc.,cum
3669 636 4021 692 emendatior

2438 741 2611 795 Fulvii
2664 737 2846 793 Ursini
2907 735 3071 790 lectio
3119 733 3317 787 habeat
3355 732 3401 763 “
3438 733 3548 792 τοῖς
3584 730 3640 781 δὲ
3690 729 3802 789 τοῖς
3852 726 4017 779 ἀλλο-

2436 827 2625 897 τρίοις,
2650 834 2759 878 etc.
2784 823 2959 879 Vertit
2981 823 3145 876 etiam
3181 835 3369 874 vocem
3404 820 3543 872 hanc
3566 815 3859 884 ἀλλοτρίοις
3879 815 4021 867 alio-

2439 934 2576 979 rum,
2615 930 2740 969 cum
2766 914 3045 968 debuisset
3079 911 3281 965 alienas
3307 929 3338 964 a
3365 912 3484 964 vitae
3508 909 3770 979 proposito
3801 922 3818 960 :
3843 920 4018 959 excu-

2438 1007 2649 1062 satione
2686 1004 2833 1058 enim
2857 1002 3238 1056 Theodoretus
3270 1000 3463 1062 utitur,
3507 997 3653 1067 quod
3686 998 3741 1050 in
3767 994 4021 1050 externis

2440 1096 2640 1151 litteris
2670 1093 3019 1165 profanisque
3043 1092 3182 1145 adeo
3208 1092 3280 1144 sit
3308 1099 3557 1145 versatus
3578 1088 3663 1140 vir
3704 1087 4016 1154 theologus,

2443 1189 2759 1251 innutritus,
2784 1194 2845 1240 ut
2869 1186 2983 1254 ipse
3007 1184 3139 1239 alias
3166 1182 3320 1244 dicit,
3345 1197 3374 1235 a
3392 1180 3630 1250 pueritia
3654 1178 3821 1233 sacris
3846 1176 4023 1229 Litte—

2442 1280 2536 1334 ris.
2561 1279 2627 1333 Et
2653 1293 2783 1331 vero
2812 1275 3143 1342 Acciajolum
3171 1289 3200 1327 a
3232 1288 3328 1326 sua
3357 1270 3521 1341 m
3539 1267 3810 1323 sententia
3835 1266 4020 1319 dimo-

2442 1384 2569 1424 vere
2592 1368 2895 1421 debuerant
2919 1380 3039 1434 qua:
3069 1372 3395 1432 sequuntur.
3424 1361 3559 1415 Sunt
3579 1359 3725 1413 enim
3750 1354 4020 1409 solemnia

2442 1460 2610 1514 verba
2656 1457 2891 1511 hominis
2931 1455 2997 1509 de
3024 1469 3191 1523 opere
3238 1468 3337 1507 suo
3368 1491 3381 1515 ,
3437 1466 3549 1505 non
3601 1449 3669 1503 de
3718 1447 3897 1501 alieno
3935 1445 4021 1498 lo-

2444 1552 2680 1622 qucntis.

2513 1662 2603 1716 IX.
2654 1661 2996 1731 Conjccturae
3039 1656 3409 1711 inﬁrmitatem
3451 1652 3592 1706 alius
3639 1650 3822 1703 forsan
3858 1663 3924 1701 ex
3952 1660 4023 1700 eo

2444 1750 2736 1820 probaret,
2768 1748 2913 1817 quod
2952 1747 3178 1800 alteram
3212 1743 3592 1798 Tlieodoretus
3636 1741 3751 1807 ipse
3777 1736 4024 1790 occasio-

2447 1857 2571 1896 nem
2616 1839 2891 1894 scribendi
2937 1841 3330 1891 commemoret
3354 1833 3408 1885 in
3457 1829 3778 1887 Prasfatione
3810 1829 4019 1895 operis.

2457 1954 2473 1983 ι
2507 1912 2915 2000 Saepenumero,
2958 1926 3156 1994 inquit,
3190 1922 3407 1984 accidit,
3440 1928 3500 1974 ut
3546 1918 3794 1973 nonnulli
3823 1932 4020 1969 eorum

2446 2022 2539 2091 qui
2568 2019 2817 2090 suspensi
2850 2017 3163 2072 Grzecorum
3190 2013 3474 2085 gentilium
3507 2009 3719 2063 fabulas
3739 2007 4022 2061 admiran-

2447 2122 2557 2177 tur,
2588 2125 2802 2166 mecum
2829 2108 3153 2163 familiarius
3183 2102 3483 2174 congressi,
3513 2110 3628 2155 tum
3651 2099 4021 2154 Christianam

2444 2206 2607 2260 ﬁdem
2630 2213 2867 2259 nostram
2887 2200 3220 2262 deriderent,
3240 2203 3545 2251 asserentes
3564 2191 3699 2246 nihil
3723 2205 3823 2244 nos
3852 2188 4021 2251 aliud,

2446 2311 2610 2364 quam
2634 2308 2839 2347 meram
2870 2288 3270 2347 credulitatem,
3300 2284 3581 2337 insinuare
3607 2280 3735 2341 illis,
3764 2293 3904 2347 quos
3932 2278 4022 2330 di-

2447 2385 2590 2440 vinis
2606 2384 2769 2459 rebus
2791 2378 3115 2436 imbuendos
3137 2376 3472 2447 accipimus;
3508 2381 3622 2426 tum
3650 2386 3781 2424 vero
3805 2376 3863 2423 et
3892 2382 4026 2438 apo-

2446 2478 2615 2533 stolos
2637 2473 2864 2529 inscitiae
2885 2478 3228 2529 accusarent,
3264 2467 3531 2521 barbaros
3564 2468 3853 2532 propterea
3876 2474 4024 2512 nun-

2448 2576 2730 2636 cupantes,
2760 2563 2908 2632 quod
2944 2561 3091 2616 omni
3140 2568 3366 2614 careant
3410 2554 3741 2610 elocutionis
3785 2560 4026 2616 ornatu;

2448 2661 2582 2730 quin
2606 2670 2661 2713 et
2688 2656 2979 2711 ridiculum
3015 2668 3137 2707 esse
3168 2650 3446 2711 dicebant,
3472 2645 3619 2716 quod
3641 2646 3851 2699 honore
3883 2658 4032 2697 mar-

2453 2762 2598 2822 tyres
2630 2762 3057 2819 prosequamur;
3098 2753 3155 2798 et
3184 2741 3413 2810 insignis
3448 2738 3715 2799 stultitim,
3754 2736 3803 2789 si
3836 2735 4033 2788 viven-

2449 2850 2532 2895 tes
2553 2840 2620 2893 ab
2644 2839 2709 2891 iis
2732 2837 2825 2906 qui
2844 2836 2956 2888 vita
2979 2833 3151 2887 functi
3170 2840 3318 2892 sunt,
3343 2828 3514 2882 ullum
3540 2825 3644 2881 sibi
3676 2822 4029 2878 commodum

2452 2945 2766 3001 comparare
2795 2924 3148 2982 contendant.
3177 2921 3511 2992 Adjecerunt
3546 2926 3601 2972 et
3644 2917 3751 2971 alia
3775 2914 4026 2985 qumdam

2457 3021 2674 3091 generis
2701 3017 2967 3089 ejusdem,
2997 3030 3117 3083 quae
3159 3012 3275 3066 suis
3302 3008 3437 3063 locis
3468 3007 3608 3061 liber
3634 3006 3726 3061 hic
3751 3005 4027 3059 edocebit.

781 3088 972 3144 tentia.
991 3104 1110 3156 quae
1131 3090 1296 3143 maris
1311 3106 1374 3144 ac
1397 3099 1553 3144 terra}
1571 3090 1859 3144 incolisest
1869 3092 1979 3160 jam
2000 3091 2302 3145 notissima.
2326 3112 2342 3143 ι
2381 3128 2422 3184 C
2456 3088 2532 3181 ξςὲ

2463 3088 2567 3181 ligo
2596 3088 2741 3163 vero,
2762 3117 2819 3162 et
2840 3104 3074 3175 explicui
3114 3112 3247 3156 tunc
3277 3100 3404 3161 illis,
3434 3114 3555 3167 qua:
3586 3096 3771 3151 afferri
3803 3102 4029 3165 oporte-

783 3177 890 3232 Sed
917 3194 1037 3248 quae
1076 3180 1224 3249 leges
1253 3181 1563 3249 principum
1604 3180 2007 3249 intelligantur,
2045 3197 2172 3235 mox
2205 3181 2355 3237 dice-

785 3286 909 3324 mus
942 3288 955 3323 :
992 3271 1150 3340 longe
1173 3272 1319 3324 enim
1350 3280 1477 3325 sunt
1504 3271 1651 3336 alia),
1677 3286 1841 3341 quam
1866 3287 1988 3342 quae
2009 3272 2357 3327 adducuntur

786 3359 1167 3414 a'doctissimo
1190 3358 1485 3413 cardinale.

847 3450 936 3504 Vl.
968 3450 1087 3515 Quo
1113 3450 1280 3519 igitur
1318 3449 1540 3505 deﬁnite
1567 3459 1811 3520 tempore
1852 3452 2073 3521 scripsit
2104 3452 2356 3506 Theodo-

788 3539 982 3594 retus?
1005 3540 1202 3595 Audivi
1225 3540 1318 3608 qui
1350 3541 1645 3610 conjiceret
1670 3541 1775 3595 hec
1815 3557 1952 3611 opus
1981 3543 2357 3596 elucubratum

787 3645 910 3684 esse
932 3630 1153 3685 circiter
1173 3646 1374 3684 annum
1400 3631 1504 3684 455
1528 3672 1540 3694 ,
1566 3640 1662 3685 aut
1684 3632 1815 3697 434;
1838 3632 1994 3701 quasi
2022 3642 2153 3687 tunc
2178 3632 2358 3686 Theo-

792 3720 1036 3784 doretus,
1066 3732 1353 3791 postquam
1383 3723 1514 3792 legit
1545 3723 1854 3777 elaboratos
1882 3739 1912 3776 a
1935 3722 2137 3790 Cyrillo
2165 3723 2360 3777 adver-

792 3826 888 3864 sus
916 3811 1193 3865 Julianum
1224 3812 1415 3874 libros,
1442 3813 1678 3867 voluerit
1706 3824 1763 3868 et
1790 3815 1904 3885 ipse
1932 3814 2208 3883 specimen
2232 3814 2361 3867 dare

793 3901 1056 3955 doctrina:
1079 3941 1093 3964 ,
1128 3902 1182 3955 in
1230 3902 1543 3959 refelleizdis
1586 3904 2002 3975 Graecorum,id
2041 3913 2153 3967 est,
2190 3903 2364 3972 genti-

792 3990 949 4056 lium,
979 3992 1306 4060 quiJuliano
1341 3993 1641 4062 imperante
1660 4002 2065 4064 resumpserunt
2096 3995 2361 4058 animum,

792 4083 1057 4137 adversus
1097 4082 1258 4137 fidem
1296 4082 1663 4139 Christianam
1691 4086 1999 4140 calumniis.

859 4173 968 4226 Vll.
1018 4173 1170 4227 Hanc
1212 4176 1585 4244 conjecturam
1614 4176 1838 4245 juvabat
1882 4177 2143 4229 extremis
2182 4174 2365 4229 verbis

796 4262 1192 4318 Prtefationis"
1228 4282 1242 4317 :
1280 4284 1296 4315 ι
1328 4264 1523 4320 Oratos
1548 4275 1731 4321 autem
1762 4266 1947 4330 velim,
1970 4266 2285 4335 quicunque
2310 4266 2367 4321 in

795 4352 1028 4407 aliorum
1057 4353 1470 4408 lucubrationes
1490 4356 1803 4420 inciderint,
1824 4368 1905 4421 ut,
1933 4357 2202 4426 siquidem
2225 4356 2365 4411 bene

2457 3204 2549 3257 bat
2589 3199 2655 3254 ad
2701 3197 2987 3253 maledicta
3011 3191 3291 3249 solvenda.
3320 3190 3601 3245 Nefarium
3621 3196 3805 3242 antem
3833 3196 3891 3240 et
3919 3187 4029 3239 im-

2459 3292 2608 3361 pium
2655 3305 2774 3344 esse
2818 3288 2970 3350 duxi,
2999 3286 3044 3339 si
3092 3283 3441 3354 simplicioris
3469 3290 3614 3336 noue
3658 3280 3912 3335 homines
3962 3278 4035 3332 ab

2460 3381 2679 3437 illorum
2696 3379 2807 3434 falli
2837 3376 3096 3434 versutiis
3122 3382 3362 3445 paterer.
3400 3394 3417 3425 υ

2529 3516 2596 3570 Χ.
2628 3514 2884 3584 Speciosa
2926 3511 3148 3581 quidem
3192 3510 3306 3563 haec
3350 3505 3651 3569 excusatio,
3698 3519 3808 3557 non
3852 3512 4038 3557 tamen

2462 3609 2832 3677 conjecturam
2875 3601 3140 3671 infringit,
3167 3614 3292 3653 cum
3335 3597 3478 3654 alius.
3505 3596 3577 3650 sit
3601 3609 3741 3663 saepe
3767 3593 3861 3664 qui
3896 3608 4042 3662 pra:-

2462 3700 2723 3760 tenditur,
2747 3696 2887 3749 alius
2920 3693 3016 3763 qui
3052 3690 3301 3760 impellit,
3333 3687 3501 3742 animi
3536 3685 3784 3740 affectus.
3830 3685 4041 3738 Verum

2464 3791 2579 3844 hare
2604 3788 2741 3842 nihil
2778 3786 2845 3839 ad
2878 3794 3114 3853 tempus,
3158 3780 3304 3850 quod
3333 3779 3567 3833 certiore
3603 3776 3789 3845 aliqua
3822 3773 4041 3828 ratione

2466 3876 2833 3947 indagandum
2856 3883 2957 3928 est.

2529 3990 2620 4045 XI.
2655 3988 2818 4043 Prieit
2843 4000 2972 4039 vero
2993 3982 3286 4038 cardinalis
3315 3980 3601 4041 Baronius,
3628 3993 3752 4032 cum
3787 3976 4045 4031 Theodo-

2466 4089 2641 4135 retum
2668 4076 2948 4144 scripsisse
2987 4073 3063 4127 ait
3084 4072 3371 4126 occasione
3395 4070 3530 4139 legis
3551 4084 3580 4122 a
3608 4067 3917 4122 Theodosio
3944 4067 4045 4121 ad-

2466 4184 2657 4227 versus
2676 4181 2911 4237 paganos
2930 4167 3051 4219 lata:
3084 4182 3097 4216 :
3126 4179 3251 4217 nam
3284 4178 3409 4216 cum
3438 4159 3666 4229 intelligi
3690 4167 3927 4228 nequeat
3956 4160 4047 4213 lex

2468 4262 2578 4324 illa,
2608 4275 2730 4329 qua:
2774 4257 2840 4310 ad
2876 4270 3078 4309 annum
3110 4254 3214 4308 459
3248 4252 3507 4315 refertur,
3537 4249 3691 4320 prior
3730 4250 3913 4318 aliqua
3956 4250 4046 4302 in-

2468 4350 2734 4422 quirenda
2758 4357 2860 4412 est,
2888 4362 3012 4401 cum
3032 4362 3138 4415 qua
3164 4344 3495 4399 Theodoreti
3523 4343 3666 4397 dicta
3690 4340 4045 4404 conveniant,

797 4441 1000 4495 habent
1022 4444 1203 4497 omnia
1223 4459 1344 4512 qua:
1368 4446 1568 4514 scripta
1612 4454 1758 4507 sunt,
1801 4446 1970 4499 Deum
2001 4446 2243 4509 laudent,
2270 4447 2363 4514 qui
2400 4458 2441 4511 υ
2470 4453 2525 4499 et
2554 4458 2660 4512 qua
2686 4442 2982 4509 imperator
3012 4451 3229 4507 poenam
3261 4435 3457 4503 capitis
3484 4432 3921 4488 sacriﬁcantibus
3944 4448 4049 4501 pa-

798 4530 938 4585 bene
959 4532 1237 4587 scribendi
1265 4532 1575 4587 facultatem
1601 4534 1771 4596 dedit,
1807 4534 2046 4604 ipsisque
2071 4535 2207 4587 adeo
2233 4535 2365 4588 scri-

798 4621 1048 4689 ptoribus
1074 4622 1212 4677 bene
1235 4632 1558 4691 precentur;
1588 4627 1671 4678 sin
1699 4641 1830 4679 vero
1854 4626 2034 4694 aliqua
2060 4624 2364 4677 desiderari

798 4711 1109 4776 videantur,
1140 4729 1206 4766 ne
1234 4714 1427 4767 horum
1452 4730 1614 4769 causa
1641 4726 1835 4771 cuncta
1858 4715 2242 4779 condemnent,
2271 4714 2367 4768 sed

798 4815 869 4852 ex
900 4799 968 4852 iis
985 4801 1186 4869 potius,
1202 4815 1329 4869 quas
1352 4813 1497 4857 recte
1519 4801 1721 4872 scripta
1748 4804 2002 4870 viderint,
2025 4804 2367 4859 emolumen-

803 4904 918 4944 tum
955 4889 1060 4944 sibi
1089 4901 1425 4960 comparent.
1467 4912 1484 4943 ι

869 4976 1004 5031 Vlll.
1038 4978 1241 5032 Verum
1284 4979 1497 5035 inﬁrma
1534 4992 1620 5037 est
1658 4984 1972 5053 conjectura
2007 5000 2168 5038 :nam
2197 4995 2369 5040 totum

802 5064 976 5135 ipsius
1022 5078 1360 5123 momentum
1383 5086 1451 5125 ex
1477 5087 1539 5128 ea
1568 5073 1683 5127 sola
1715 5089 1847 5128 voce
1882 5074 2107 5143 pendet,
2140 5076 2371 5131 aliorum

801 5158 1225 5225 lucubrationes;
1255 5162 1402 5218 unde
1432 5163 1579 5217 enim
1604 5174 1868 5234 praeterea
1887 5167 1910 5219 ?
1926 5166 1994 5221 At
2017 5184 2127 5222 non
2154 5168 2374 5223 videtur

806 5248 1109 5321 Acciajolus
1142 5252 1435 5324 interpres,
1490 5266 1585 5311 aut
1627 5269 1908 5327 expertem
1946 5259 2064 5313 vitii
2126 5259 2371 5314 codicem

2462 4535 2617 4604 ganis
2652 4538 2873 4585 statuat.
2905 4528 3044 4583 Sunt
3069 4536 3252 4580 autem
3287 4524 3555 4596 ejusmodi
3582 4523 3722 4587 duae,
3743 4537 3882 4592 quas
3930 4522 4051 4576 suis

2462 4623 2754 4680 Annalibus
2782 4620 3048 4674 Baronius
3089 4617 3321 4671 inseruit
3364 4633 3375 4668 :
3417 4616 3585 4669 altera
3613 4629 3757 4667 anno
3780 4613 3902 4674 425,
3927 4612 3998 4666 ad
4035 4616 4049 4629 '

2464 4712 2907 4782 Asclepiodotum
2963 4707 3280 4779 praefectum
3324 4705 3579 4775 praetorio
3625 4721 3637 4756 :
3681 4704 3852 4756 altera
3901 4717 4051 4754 anno

2466 4808 2589 4871 428,
2612 4806 2679 4859 ad
2709 4804 2979 4858 lsidorum
3000 4802 3186 4856 itidem
3210 4799 3529 4870 praefectum
3557 4794 3833 4867 praetorio.
3857 4794 4053 4848 Poste-

2466 4898 2662 4959 rioris,
2710 4910 2817 4966 qua
2870 4908 2979 4947 non
3036 4899 3247 4945 tantum
3295 4887 3566 4942 sacriﬁcia
3644 4884 4051 4954 prohibentur,

2471 4986 2851 5057 sedjubentur
2881 4982 3047 5036 etiam
3089 4980 3234 5041 fana,
3268 4977 3469 5046 templa
3507 4983 3562 5029 et
3595 4974 3827 5029 delubra
3873 4973 4051 5037 dirui,

2473 5077 2723 5133 meminit
2752 5073 3131 5128 Theodoretus
3172 5071 3269 5125 lib.
3299 5086 3331 5121 v
3370 5068 3567 5123 Histor.
3600 5065 3778 5120 eccles.
3810 5079 3931 5134 cap.
3961 5064 4051 5129 36,

2476 5171 2561 5224 his
2602 5166 2891 5222 verbis":
2939 5184 2955 5215 ε
2989 5164 3106 5233 Ipsa
3147 5163 3416 5215 idolorum
3448 5158 3696 5219 delubra,
3738 5172 3860 5225 qua:
3881 5164 4055 5210 resta-

2478 5260 2630 5321 bant,
2666 5255 2913 5310 funditus
2945 5252 3089 5307 dirui
3129 5251 3316 5323 jussit,
3364 5259 3425 5304 ut
3458 5265 3526 5303 ne
3566 5246 3711 5317 quod
3739 5245 4055 5317 posteritati

2141 5411 2453 5467 SCIlULle
2483 5408 2691 5465 ΝΟΤΛΞ

879 5528 924 5558 ⁸⁸
949 5527 1072 5581 Vid.
1108 5529 1271 5597 epist.
1314 5529 1415 5582 H3
1440 5538 1495 5581 et
1522 5526 1640 5581 llﬁ.

1738 5526 1783 5558 “
1805 5526 1927 5581 Vid.
1964 5542 2148 5595 supra,
2186 5543 2240 5595 p.
2276 5527 2381 5582 258
2419 5541 2535 5595 seq.

879 5541 924 5558 υ·
956 5541 1072 5581 για.
1108 5541 1271 5597 epist.
1314 5541 1415 5582 ne
1440 5541 1495 5581 et
1522 5541 1640 5581 nu.
1738 5541 1783 5558 "
1813 5541 1927 5581 vro.
1964 5542 2148 5595 supra,
2186 5543 2240 5595 p.
2276 5541 2381 5582 εδδ
2419 5541 2476 5580 se
2521 5566 2535 5579 .

807 5597 992 5651 decimi
1032 5599 1219 5652 verbis.
1270 5597 1374 5657 Sed
1418 5606 1633 5652 exstant
1665 5596 1767 5651 ista
1801 5596 1855 5649 in
1894 5596 1999 5649 ﬁne
2023 5597 2380 5651 Praefationis.
2412 5541 2535 5651 Via.

2610 5526 2652 5556 ⁸⁷
2692 5524 2835 5577 Edit.
2878 5523 3028 5593 prior
3068 5520 3305 5593 habebat
3344 5518 3590 5593 extremis
3630 5517 3886 5593 sermonis
3928 5516 4061 5570 duo-

2584 5604 2622 5647 t.
2668 5595 2756 5656 ιν,
2785 5610 2837 5663 p.
2880 5587 3009 5647 B95.
3051 5662 3057 5663 ί
3113 5592 3158 5623 (⁸
3184 5590 3493 5663 Sed-altera
3524 5588 3641 5663 ista
3670 5587 3854 5649 lectio,
3892 5602 4060 5655 quam

809 5676 930 5738 post
956 5666 1305 5723 Sirmondum
1334 5668 1385 5721 in
1409 5676 1594 5721 nostra
1623 5682 1839 5737 quoque
1864 5665 2103 5723 editione
2137 5668 2524 5738 expressimus,
2563 5658 2811 5719 ﬁrmatur
2853 5662 3177 5718 auctoritate
3212 5660 3483 5725 codicum,
3530 5658 3731 5727 quibus
3793 5672 3930 5712 usus
3976 5669 4063 5714 est

808 5736 1143 5808 Sylburgius.
1223 5740 1265 5772 ⁶⁹
1291 5738 1409 5792 Vid.
1445 5746 1479 5790 t.
1515 5738 1603 5797 ΙΙΙ.
1713 5738 1861 5792 1079.
