4228 6446
180 399 281 462 349

1354 400 1452 460 DE
1486 402 1744 460 LIBRIS
1778 399 2288 459 'I‘IIEODORE'I‘I.

3349 394 3455 455 3:30

180 510 405 581 pristini
424 511 635 565 erroris
658 510 948 581 vestigium
981 519 1221 565 exstaret
1252 530 1264 565 :
1307 512 1449 567 hanc
1471 512 1617 567 enim
1646 527 1771 565 sen-
1803 521 1843 574 Α
1876 507 2002 563 inde
2074 508 2366 563 duodecim
2434 506 2685 576 partibus
2749 504 3100 559 elliorescens
3175 501 3451 559 conllciat.

183 603 412 657 tentiam
445 602 554 671 legi
586 603 689 655 hac.
704 602 773 657 de
798 618 854 656 re
884 603 1101 672 scripta:
1126 602 1345 657 indidit.
1388 623 1404 653 ι

246 692 366 746 XII.
395 692 771 748 Gothofredus
799 696 853 748 in
896 695 1045 749 notis
1085 694 1153 748 ad
1185 695 1222 747 l.
1268 711 1378 747 χχιι
1402 693 1478 746 De
1519 696 1766 763 paganis,

180 782 521 839 Theodoreti
548 784 717 838 verba
752 786 1146 854 interpretatur
1171 785 1238 839 de
1264 786 1434 855 priori
1482 786 1620 855 lege.
1663 785 1768 839 Sed

180 875 262 928 vel
294 875 404 928 hoc
446 891 557 928 uno
584 875 873 939 refellitur,
907 877 1052 945 quod
1102 878 1186 929 lex
1226 876 1485 931 vicesima
1531 876 1771 929 secunda

180 963 257 1016 De
302 964 629 1033 templorum
677 967 940 1019 eversione
972 982 1039 1019 ne
1069 966 1300 1019 verbum
1342 965 1566 1035 quidem
1592 965 1771 1021 conti-

181 1062 327 1115 neat,
354 1055 425 1109 de
456 1072 567 1124 qua
591 1056 675 1109 lex
708 1057 981 1125 posterior
1009 1066 1119 1110 tota
1156 1056 1323 1110 ferme
1357 1064 1460 1111 cst.

257 1141 402 1198 XIII.
441 1146 541 1199 llis
570 1162 672 1215 ego
700 1146 934 1200 inducor
976 1146 1042 1200 ad
1077 1145 1437 1215 opinandum,
1486 1144 1773 1214 scripsisse

184 1236 603 1290 Theudor-etum
646 1236 722 1289 De
773 1238 1025 1290 curandis
1063 1236 1365 1291 ercorum
1418 1235 1773 1306 affectionibus

182 1347 326 1382 anno
350 1331 479 1391 427,
502 1338 581 1389 ut,
612 1344 751 1397 quos
782 1329 896 1382 suis
920 1328 1135 1399 legibus
1160 1336 1432 1383 terruerat
1452 1330 1772 1398 imperator,

180 1436 274 1474 eos
339 1421 560 1474 ratione
610 1421 678 1474 ad
730 1419 1093 1473 Christianam
1154 1421 1319 1474 ﬁdem
1369 1421 1777 1490 superstitionis

181 1513 404 1581 gentilis
429 1513 718 1566 victricem
740 1512 1059 1566 adduceret.

245 1604 412 1675 401
446 1604 588 1658 XIV.
612 1603 816 1670 Quodsi
836 1605 949 1659 hzec
969 1603 1156 1674 opinio
1173 1619 1300 1658 vera
1319 1605 1410 1667 sit,
1434 1619 1776 1675 consequens

182 1705 285 1759 est,
318 1706 381 1749 ut
411 1712 579 1766 opus,
614 1696 682 1751 de
720 1712 830 1765 quo
853 1698 1055 1766 agitur,
1079 1696 1225 1749 inter
1254 1712 1319 1750 ea
1342 1704 1636 1749 censeatur
1654 1711 1775 1764 qure

183 1786 578 1840 Theodoretus
624 1796 815 1841 sancto
865 1786 1035 1841 Leoni
1085 1803 1229 1841 anno
1293 1787 1398 1841 449
1457 1786 1678 1849 scribit,
1716 1802 1775 1841 se

1943 598 2128 654 XVIII.
2154 600 2389 653 Tantum
2423 613 2584 667 porro
2616 596 2904 657 doctrinae,
2932 595 3231 663 praesertim
3278 606 3459 649 exter-

1875 710 1976 756 nm,
2021 693 2287 747 adversus
2339 691 2636 753 hominem,
2688 689 2782 757 qui
2838 686 3067 741 inscitia:
3116 688 3458 742 Christianos

1874 784 2184 846 accusabat,
2216 799 2245 837 a
2286 781 2635 836 Theodoreto
2664 781 2961 835 adducitur
2982 819 2995 842 ,
3034 788 3096 833 ut
3133 778 3459 847 Sylburgius

1877 875 2164 928 recensitis
2184 874 2399 928 curiose
2425 870 2762 933 auctoribus,
2790 871 2883 939 qui
2917 868 3241 923 nominatim
3269 869 3457 937 appel-

1875 967 2079 1030 lantur,
2103 976 2323 1021 centum
2357 975 2413 1019 et
2438 978 2658 1025 novem,
2696 974 2895 1032 praeter
2928 974 3135 1024 sacros,
3167 972 3462 1013 enumera-

1875 1060 2035 1113 verit.

1950 1151 2087 1204 XIX.
2116 1150 2475 1205 Partitionem
2521 1148 2693 1203 totius
2744 1142 3177 1206 lucubrationis,
3214 1142 3459 1211 singula-

1876 1258 2109 1312 rumque
2142 1241 2432 1295 duodecim
2472 1240 2709 1309 partium
2750 1242 3136 1305 argumentum
3177 1234 3231 1286 in
3260 1231 3461 1287 Praefa-

1880 1337 2026 1389 tione
2046 1336 2251 1404 prolixe
2272 1335 2516 1402 exponit,
2533 1332 2678 1401 quod
2704 1325 3151 1397 compendiosius
3168 1324 3269 1377 sub
3296 1324 3459 1377 linem

1876 1427 2133 1487 exhibet,
2190 1426 2283 1479 ubi
2329 1424 2495 1478 etiam
2543 1420 2786 1475 ostendit
2836 1418 3102 1472 rationem
3143 1413 3459 1477 scribendi,

1876 1534 2040 1589 quam
2076 1517 2270 1572 tenuit.
2302 1536 2318 1566 ι
2351 1515 2458 1568 Has
2490 1529 2590 1582 ego
2612 1512 2856 1575 vobis,o
2883 1510 3007 1571 viri,
3034 1505 3324 1562 duodecim
3354 1505 3465 1557 dis-

1877 1610 2187 1680 putationes
2216 1606 2547 1675 conscripsi,
2585 1614 2637 1658 et
2675 1601 2913 1664 ostendi,
2956 1615 3205 1669 qumnam
3236 1598 3304 1651 de
3349 1597 3465 1651 Deo

1876 1710 1931 1754 et
1957 1700 2202 1760 materia,
2237 1697 2536 1767 mundique
2564 1695 2793 1758 fabrica,
2815 1700 2871 1747 et
2902 1692 2969 1746 de
3009 1693 3213 1744 virtute
3239 1705 3302 1743 ac
3332 1688 3467 1741 vitio

1880 1792 2157 1845 senserint
2184 1789 2357 1843 (Σηιξεί
2403 1787 2745 1858 philosophi,
2796 1795 2850 1840 et
2880 1798 3128 1854 quasnam
3160 1781 3352 1835 iisdem
3398 1778 3467 1833 de

182 1888 307 1931 ante
340 1893 523 1931 annos
552 1878 743 1947 viginti
775 1880 1168 1950 composuisse,
1192 1895 1301 1947 quo
1327 1887 1573 1949 tempore
1600 1880 1781 1934 adhuc
1815 1864 1853 1918 Β
1882 1880 2042 1952 402
2090 1880 2256 1932 rebus
2289 1893 2457 1932 sacra:
2515 1892 2616 1929 nos
2646 1874 2867 1928 Litterze
2911 1871 3219 1931 docuerint,
3257 1877 3313 1922 et
3358 1881 3469 1936 quo

189 1969 565 2023 saecularibus
593 1970 792 2024 litteris
818 1972 1035 2040 plenus,
1064 1971 1119 2024 in
1155 1986 1221 2024 eo
1250 1969 1425 2024 voluit
1454 1978 1781 2039 argumento

186 2059 419 2123 versari,
442 2059 502 2112 in
533 2075 643 2129 quo
660 2070 846 2129 posset
871 2069 926 2115 et
951 2076 1105 2115 suam
1134 2060 1391 2131 gentibus
1412 2061 1779 2116 eruditionem

192 2160 513 2215 ostentare,
544 2164 602 2205 et
625 2167 749 2206 cum
781 2153 1015 2208 eruditis
1041 2154 1164 2208 aliis
1184 2170 1295 2209 sua:
1317 2153 1514 2215 aetatis,
1532 2153 1780 2207 eamdem

188 2245 481 2299 materiam
520 2254 755 2300 tractare
788 2246 1120 2311 amantibus,
1150 2246 1218 2300 de
1238 2246 1397 2301 laude
1431 2246 1779 2301 contendere.

188 2335 297 2391 Sed
343 2336 414 2391 de
462 2345 709 2407 tempore
760 2337 1046 2404 hactenus,
1082 2353 1232 2392 nunc
1262 2338 1330 2393 de
1372 2346 1695 2408 argumento
1727 2347 1783 2393 et

186 2427 481 2482 methodo.

256 2518 375 2574 XV.
428 2520 688 2577 Julianus
719 2521 1049 2592 imperator,
1099 2537 1226 2577 cum
1266 2522 1559 2577 defecisset
1599 2537 1629 2576 a
1677 2520 1783 2577 fide

186 2610 532 2675 Christiana,
564 2613 708 2667 unde
733 2615 1009 2684 Apostataa
1043 2630 1245 2669 nomen
1277 2615 1382 2685 ipsi
1410 2614 1660 2678 adhaesit,
1691 2614 1786 2669 de-

188 2703 448 2760 lectionis
494 2721 690 2761 causas
733 2706 941 2776 scripto
986 2706 1127 2761 libro
1162 2706 1428 2772 reddidit,
1469 2722 1783 2777 novumque

188 2797 571 2867 gentilismum
616 2797 951 2862 informavit,
983 2807 1133 2853 tanto
1162 2800 1538 2853 nocentiorem
1567 2809 1777 2864 vetere,

187 2897 395 2957 quanto
425 2888 785 2944 artificiosius
806 2889 1047 2959 plurium
1078 2890 1307 2944 deorum
1333 2889 1785 2944 secundariorum

190 2979 518 3049 religionem
571 2982 737 3036 unius
773 2982 1016 3051 supremi
1070 2982 1220 3036 cultu
1268 2981 1785 3051 temperabatzim-

190 3068 465 3137 probabat
489 3071 639 3125 enim
668 3070 983 3126 Graecorum
1011 3071 1492 3141 barbarorumque
1533 3079 1785 3126 veterum

190 3160 435 3216 nefarias
492 3162 884 3227 absurditates,
929 3161 1403 3232 Christianosque,
1457 3163 1567 3217 imo
1602 3171 1657 3217 et
1688 3163 1785 3218 .lu—

1884 1980 2042 2041 pacto
2078 1970 2291 2023 illorum
2327 1967 2549 2037 quidem
2589 1966 2701 2035 jam
2726 1965 2994 2018 exstincta
3034 1960 3381 2022 sintomnia,
3412 1966 3470 2011 et

1884 2062 2177 2116 oblivionis
2204 2060 2433 2131 caligine
2456 2057 2721 2120 involuta,
2747 2064 2934 2109 nostra
2950 2070 3080 2107 vero
3100 2052 3215 2107 hate
3237 2050 3470 2103 floreant

1884 2170 1948 2208 ac
1972 2154 2220 2223 vigeant,
2251 2148 2666 2216 innumerisque
2711 2162 2810 2216 per
2860 2146 3102 2215 singulas
3130 2144 3384 2197 civitates
3412 2149 3469 2195 et

1883 2246 2197 2318 provincias
2221 2242 2567 2298 auditoribus
2594 2240 3035 2310 frequententur,
3071 2257 3088 2288 ›
3128 2245 3238 2293 etc.

1946 2338 2063 2393 XX.
2095 2338 2320 2392 Ineunte
2362 2336 2648 2405 superiore
2688 2332 2888 2388 sreculo
2931 2346 2961 2385 e
2999 2330 3188 2385 Gneco
3212 2328 3467 2382 Latinum

1883 2432 2013 2488 fecit
2036 2430 2311 2485 Zenobius
2339 2427 2682 2497 Acciaiolus,
2721 2424 2983 2493 deditque
3018 2421 3162 2492 typis
3185 2418 3464 2475 edendum

1885 2524 2121 2579 Henrico
2153 2522 2453 2592 Stephano,
2475 2521 2633 2589 cujus
2660 2532 2830 2588 Opera
2858 2516 3099 2585 primum
3133 2512 3340 2583 prodiit
3364 2512 3469 2567 Pa-

1885 2614 2032 2670 risiis
2057 2629 2202 2669 anno
2234 2611 2393 2675 l519,
2437 2609 2532 2664 sed
2580 2608 2835 2662 Latinum
2875 2605 3159 2660 duntaxat.
3184 2601 3468 2672 Octoginta

1884 2710 2055 2765 ferme
2088 2715 2211 2778 post
2243 2720 2416 2760 annos
2455 2701 2770 2758 Fridericus
2816 2697 3141 2771 Sylburgius
3165 2696 3339 2751 textui
3371 2695 3472 2749 La-

1885 2802 2003 2856 tino
2032 2798 2336 2869 recognito,
2361 2805 2438 2854 et.
2472 2803 2532 2849 ut
2559 2795 2803 2863 loquitur
2825 2833 2838 2856 ,
2865 2789 3188 2852 emendato,
3219 2788 3470 2844 Graecum

1886 2893 2097 2949 addidit
2124 2892 2191 2946 ad
2213 2900 2450 2961 quatuor
2480 2889 2699 2945 codices
2727 2886 2948 2944 Graecos
2962 2892 3234 2939 exactum.
3253 2881 3480 2937 Utrum-

1886 3000 1992 3055 que
2041 2993 2163 3053 post
2200 2980 2597 3052 quinquaginta
2626 2992 2847 3033 rursum
2889 2990 3063 3030 annos
3100 2975 3156 3028 in
3193 2971 3475 3028 collectio-

1887 3091 2013 3131 nem
2084 3075 2324 3145 Operum
2384 3070 2719 3126 Theodoreti
2799 3065 3129 3123 Sirmondus
3203 3062 3475 3131 coniecit,

1886 3164 2172 3220 emendata
2201 3161 2457 3232 Acciaioli
2478 3168 2535 3216 et
2557 3157 2833 3231 Sylburgii
2865 3157 3144 3215 versione.
3168 3153 3472 3223 recisisque.

191 3250 360 3317 deos,
391 3267 462 3306 ex
499 3253 615 3308 suis
641 3253 886 3323 ipsorum
924 3252 1082 3306 libris
1114 3253 1490 3324 impugnahat,
1524 3263 1579 3307 ut
1604 3253 1785 3324 philo-
1814 3236 1855 3292 (ἶ
1891 3256 2168 3327 Sylhurgii
2197 3254 2345 3309 notis
2379 3268 2447 3307 ac
2481 3250 2962 3307 dissertationibus
2993 3264 3006 3301 :
3035 3248 3132 3303 bas
3167 3246 3257 3301 ille
3278 3260 3477 3314 quam-

191 3347 436 3417 aophicze
467 3363 581 3402 suae
618 3347 869 3418 religioni
897 3348 1076 3403 locum
1108 3348 1327 3404 faceret.

270 3440 413 3495 XVI.
442 3438 604 3494 Hunc
629 3441 974 3507 imperatoris
995 3449 1255 3511 apostata:
1283 3442 1509 3507 librum,
1540 3442 1631 3512 qui
1661 3457 1788 3511 pro-

193 3545 314 3605 pter
374 3532 756 3601 impietatem,
787 3546 896 3600 qua
948 3538 1141 3595 scatet,
1190 3547 1221 3585 a
1270 3532 1494 3586 Pctavio
1546 3547 1654 3585 non
1708 3539 1791 3586 est

192 3627 382 3681 editus
417 3624 564 3678 inter
593 3638 761 3693 Opera
792 3623 997 3678 Juliani
1018 3664 1032 3688 ,
1065 3623 1162 3677 sed
1200 3623 1345 3692 apud
1376 3622 1639 3692 Cyrillum
1674 3623 1790 3677 fere

194 3719 413 3788 integer
458 3716 738 3787 reperitur
772 3733 784 3767 :
818 3714 989 3778 hunc,
1034 3714 1289 3783 inquam,
1318 3714 1522 3768 librum
1562 3714 1792 3784 gentiles

193 3814 369 3868 veluti
395 3812 649 3881 clypeum
681 3806 1395 3879 opponebantChristianis,
1421 3817 1477 3861 et
1495 3807 1791 3862 Christiani

198 3904 327 3958 totis
356 3903 576 3956 viribus
608 3900 985 3970 impetendum
1032 3907 1333 3970 putarunt,
1393 3900 1570 3956 donec
1614 3901 1793 3970 genti-

198 3994 266 4046 lis
325 3990 746 4060 superstitionis
785 3988 993 4057 aliquid
1038 3987 1394 4042 metuendum
1448 3999 1791 4056 superesset;

199 4081 483 4150 superfuit
548 4094 681 4133 vero
734 4093 909 4148 usque
979 4076 1048 4131 ad
1115 4077 1396 4132 Novellam
1456 4076 1790 4141 Theodosii,

199 4176 411 4231 editam
463 4188 609 4227 anno
669 4173 810 4235 459,
876 4182 932 4227 et
977 4172 1317 4225 exsecutioni
1384 4186 1413 4224 a
1477 4171 1791 4239 provincia-

202 4283 325 4320 rum
396 4262 732 4335 przesidibus
790 4262 1124 4317 mandatam.
1206 4260 1386 4327 Quare
1448 4262 1792 4332 septuaginta

203 4367 418 4427 septem
467 4371 742 4409 annorum
793 4354 972 4424 spatio
1008 4354 1061 4407 in
1112 4354 1217 4407 hoc
1244 4363 1567 4423 argumento
1593 4354 1792 4408 versati

204 4459 355 4513 surt,
394 4448 751 4502 sermonibus
772 4446 994 4516 quidem
1016 4445 1081 4499 ad
1100 4445 1359 4515 populum
1384 4446 1562 4509 multi,
1599 4454 1795 4501 tracta-

206 4539 356 4592 tibus
394 4552 530 4590 vero
564 4536 673 4590 duo
708 4546 940 4599 tantum,
989 4534 1137 4604 quod
1163 4535 1386 4605 quidem
1426 4537 1794 4600 meminerim,

206 4628 600 4683 Theodoretus
624 4637 680 4682 et
710 4626 948 4697 Cyrillus
1033 4643 1159 4680 nam
1198 4626 1595 4689 Nazianzenus,
1640 4629 1796 4683 inve-

206 4722 370 4776 ctivis
397 4721 614 4774 duabus
648 4720 702 4773 in
738 4720 1052 4785 lulianum,
1097 4735 1389 4791 personam
1424 4720 1595 4791 magis
1634 4737 1797 4791 quam

208 4812 418 4866 librum
451 4811 733 4865 insecutus
759 4821 865 4866 est.

279 4901 450 4956 XVII.
489 4900 624 4966 Quis
650 4900 807 4953 alteri
836 4910 1058 4969 praestet
1084 4918 1112 4955 e
1138 4901 1355 4955 duobus
1388 4904 1796 4968 tractatoribus,

209 4994 485 5048 lectorum
508 4990 931 5060 estoiudicium.
950 4990 1097 5045 Artis
1126 5000 1275 5045 certe
1302 4992 1483 5046 minus
1506 4992 1672 5046 habet
1692 4992 1800 5065 Cy-

212 5086 395 5149 rillus,
432 5084 559 5154 plus
580 5083 961 5138 Theodoretus
996 5100 1007 5135 :
1047 5082 1136 5137 ille
1160 5083 1308 5137 enim
1331 5083 1399 5138 ad
1434 5084 1679 5155 singulas
1703 5086 1800 5141 Ju-

211 5173 381 5228 lianei
446 5172 576 5227 libri
627 5172 929 5237 περικοπὰς
971 5172 1384 5241 responsionem
1424 5173 1762 5244 subjungens
1787 5215 1800 5237 ,

213 5262 505 5316 hominem
544 5264 748 5331 pressis
793 5260 1036 5330 vestigiis
1064 5260 1229 5314 etiam
1271 5270 1591 5330 evagantem
1622 5264 1804 5331 sequi—

213 5362 339 5419 tur;
395 5355 501 5409 iste
529 5353 774 5408 collectis
816 5354 870 5407 in
908 5354 1239 5407 concinnum
1298 5352 1547 5407 ordinem
1600 5354 1800 5409 Juliani

215 5447 670 5519 objectionibus,
724 5446 969 5517 singulas
1035 5445 1109 5499 ita
1159 5445 1403 5515 repellit,
1474 5454 1537 5499 ut
1605 5461 1805 5517 corpus

1892 3348 1977 3403 vis
2012 3348 2195 3417 plures
2219 3346 2529 3416 probasque
2570 3342 2913 3411 adiunxerat,
2951 3338 3176 3408 optabat
3220 3346 3401 3391 tamen
3446 3352 3479 3392 a

1894 3440 2088 3495 Fulvio
2118 3437 2318 3493 Ursino
2357 3452 2485 3491 suas
2515 3433 2784 3504 publicari
2820 3430 3124 3499 :plurimas
3149 3429 3298 3483 enim
3334 3428 3484 3483 fece—

1894 3541 1978 3587 rat
2000 3540 2056 3586 ct
2086 3531 2359 3584 variantes
2381 3528 2666 3589 lectiones,
2698 3532 2755 3577 et
2778 3523 3145 3591 conjecturas,
3171 3528 3229 3574 et
3253 3527 3481 3573 annota-

1892 3624 2089 3685 tiones,
2116 3636 2239 3674 eum
2259 3617 2635 3687 reponendum
2666 3615 2720 3669 in
2739 3613 3072 3670 bibliotheca
3098 3610 3357 3665 Vaticana
3379 3608 3479 3662 hcc

1891 3728 2030 3782 Opus
2044 3710 2278 3766 exscribi
2296 3717 2536 3772 curaret;
2563 3708 2710 3777 ipsas
2725 3722 2755 3761 e
2772 3704 3107 3760 bibliotheca
3118 3700 3375 3757 Vaticana
3395 3714 3484 3757 ac-

1891 3813 2079 3874 ceptas
2110 3818 2258 3857 nunc
2297 3802 2350 3855 in
2378 3800 2660 3870 publicum
2684 3797 3041 3867 proferimus.

2505 3888 2730 3945 CAPUT
2771 3888 2882 3942 VII.

1933 3983 2107 4053 Opera
2142 3997 2258 4053 quae
2286 3982 2585 4051 Appendice
2617 3978 2741 4031 edit.
2767 3975 3037 4031 Sirmondi
3065 3976 3427 4030 continentur.

1962 4076 2001 4129 l.
2038 4074 2297 4144 Coniecta
2331 4081 2460 4126 sunt
2503 4069 2560 4125 in
2601 4068 2965 4138 appendicem
2998 4082 3165 4137 opera
3212 4065 3479 4135 quinque,

1894 4168 2077 4224 Oratio
2132 4167 2196 4219 de
2232 4167 2523 4229 charitate;
2557 4163 2710 4216 Liber
2760 4162 2829 4216 ad
2876 4161 3190 4232 Sporacium
3228 4158 3482 4217 adversus

1893 4259 2226 4322 Nestorium;
2254 4254 2501 4324 Epistola
2527 4254 2597 4307 ad
2622 4251 2886 4306 Joannem
2912 4248 3259 4308 Germanicus
3292 4248 3487 4316 episco-

1896 4366 2051 4419 pum;
2072 4348 2391 4417 Argumenta
2407 4346 2656 4399 librorum
2669 4342 2852 4413 viginti
2873 4348 3069 4411 septem
3092 4338 3343 4392 adversus
3374 4336 3484 4391 Eu-

1896 4442 2185 4512 tychianos,
2221 4446 2278 4492 et
2303 4437 2651 4507 lieprcltensio
2679 4433 3245 4489 anathematismorum
3277 4424 3483 4497 Cyrilli.

1970 4530 2034 4585 ll.
2058 4532 2134 4586 Ex
2157 4530 2244 4584 liis
2265 4529 2572 4585 Orationem
2596 4529 2660 4581 de
2685 4527 2965 4587 cItaritate,
2994 4533 3051 4578 et
3088 4519 3390 4591 Epistolam
3416 4517 3507 4571 ad'

1905 4627 2202 4696 episcopum
2255 4621 2665 4679 Germanicus"
2689 4661 2703 4682 ,
2741 4619 2797 4673 in
2830 4618 2978 4671 hunc
3016 4616 3200 4670 locmn
3244 4611 3488 4682 reposuit

1906 4716 2232 4771 Sirmondus
2255 4755 2268 4777 ,
2301 4714 2430 4783 quia
2472 4728 2570 4781 per
2623 4710 2893 4765 incuriam
2921 4720 3215 4775 operarum
3260 4710 3487 4772 praeter—

1904 4806 2084 4860 missa:
2117 4804 2351 4858 fuerant.
2400 4799 2907 4871 Reprehensionem
2942 4792 3129 4865 Cyrilli
3178 4792 3349 4843 latere
3391 4801 3487 4839 vo-

1905 4898 2028 4961 luit,
2058 4897 2207 4951 velut
2229 4897 2284 4950 in
2310 4904 2557 4950 extremo
2579 4890 2802 4961 angulo,
2830 4895 3120 4957 propterea
3147 4880 3294 4951 quod
3312 4879 3490 4933 Theo-

1903 4987 2080 5042 doreti
2126 4985 2334 5040 nomini
2362 4982 2652 5039 ofﬁciebat.
2698 4979 2929 5046 Reliqua
2963 4975 3072 5029 duo
3099 4982 3357 5040 tanquam
3391 4983 3487 5022 su-

1906 5089 2092 5153 specta
2116 5080 2313 5134 merito
2345 5086 2500 5132 extra
2526 5072 2817 5128 meliorum
2840 5066 3089 5123 ordinem
3120 5061 3330 5132 reiecit.

1976 5172 2065 5228 IIl.
2102 5171 2406 5227 Orationem
2438 5168 2499 5220 de
2533 5165 2794 5219 charitate
2827 5157 3205 5215 recensuimus
3231 5169 3332 5208 suo
3366 5151 3488 5235 lopo

1909 5273 2033 5334 post
2066 5264 2355 5319 Historiam
2398 5258 2735 5329 religiosam;
2764 5251 3057 5324 Epistulam
3101 5248 3169 5302 ad
3194 5247 3489 5317 episcopum

1912 5355 2315 5410 Germaniam“
2361 5348 2693 5405 inseruimus
2731 5347 2872 5400 inter
2910 5340 3203 5412 Epistolas,
3253 5351 3318 5391 ex
3348 5349 3487 5404 pra:-

1912 5449 2120 5517 scripto
2144 5444 2441 5501 Sirmondi.

1583 5580 1894 5638 SCIIULle
1939 5582 2167 5639 hOTA'I.

298 5704 343 5735 ’θ
372 5702 525 5757 Edit.
558 5702 710 5771 prior
729 5702 960 5757 habebat
999 5699 1246 5771 epistolas
1269 5699 1423 5771 duas,
1451 5700 1798 5771 deicharitate
1818 5699 2032 5771 scilicet,
2065 5706 2112 5752 et
2140 5700 2219 5771 ad
2254 5698 2569 5771 episcopum,
2598 5699 2716 5747 cret.
2757 5691 2801 5771 :”
2840 5689 2957 5744 Non
2997 5680 3491 5771 inter.

223 5752 525 5828 sarmEﬁaa
555 5752 970 5826 Editasvi—nsherta
994 5752 1593 5827 cstiidebuisset'enim’
1633 5752 2064 5838 postepismlam
2100 5769 2201 5823 125
2243 5752 2436 5839 poni);'
2476 5752 2569 5823 scd
2618 5762 2923 5833 proximum
2975 5763 3093 5827 post
3139 5753 3261 5809 illas
3309 5752 3490 5807 locum

224 5844 462 5901 obtinuit
512 5844 567 5899 in
617 5843 767 5899 Notis
812 5842 1079 5900 Garncrii.
1106 5840 1224 5897 \‘id.
1255 5856 1439 5911 supra,
1478 5856 1530 5911 Ρ.
1558 5839 1678 5908 556,
1707 5850 1756 5897 et
1793 5850 1828 5895 t.
1869 5840 1955 5906 IV,
1993 5858 2044 5912 p.
2083 5841 2232 5895 I275.
