4228 6446
768 397 870 463 351

766 611 976 671 septem
1024 608 1217 653 contra
1261 599 1653 670 Eutychianos,
1704 613 1829 653 mox
1864 598 2145 667 dicemus,
2200 598 2346 651 inter

766 690 1038 761 agendum
1074 689 1142 744 de
1174 690 1470 759 suppositis
1498 682 1781 757 operibus.

840 781 901 833 ν.
932 781 1008 834 De
1041 779 1460 851 Reprehensioue
1492 779 1848 850 capitulomm
1866 782 1912 813 ⁷²
1948 781 2126 835 videri
2168 788 2350 850 potest

774 872 950 926 fusior
1002 873 1252 926 tractatio
1300 873 1355 925 in
1415 872 1654 927 secunda
1705 882 1857 941 parte
1902 871 2142 942 Operum
2193 871 2346 927 Marii

767 962 928 1034 403
964 963 1280 1017 Mereatoris
1304 1004 1318 1027 ,
1351 964 1445 1033 qui
1490 964 1699 1033 primus
1732 962 1974 1017 Graecam
2015 960 2349 1017 Theodoreti

768 1065 823 1109 vt
853 1055 1022 1107 sancti
1055 1053 1243 1125 Cyrilli
1278 1054 1346 1108 de
1382 1054 1673 1108 duodecim
1708 1052 2183 1107 anathematismis
2215 1067 2349 1107 con-

769 1146 1127 1199 certationem
1162 1146 1355 1199 Latine
1381 1146 1774 1215 interpretatus
1803 1155 1906 1200 est.

841 1234 928 1288 Vl.
960 1235 1038 1288 Eo
1062 1236 1183 1289 loco
1213 1235 1733 1299 demonstravimus,
1778 1252 1884 1306 qua
1909 1237 2219 1301 occasione,
2248 1252 2348 1290 cu-

766 1328 858 1395 jus
897 1327 1175 1395 precibus,
1208 1342 1318 1396 quo
1363 1328 1613 1397 jubenle,
1646 1328 1868 1396 quando
1908 1344 1937 1381 a
1999 1328 2350 1382 Theodoreto

774 1418 1133 1487 reprehensio
1171 1419 1372 1488 scripta
1405 1420 1496 1481 sit,
1523 1433 1633 1487 quo
1676 1418 1978 1487 interprete
2014 1419 2208 1473 Latina
2239 1419 2349 1488 pri-

774 1525 924 1563 mum
964 1511 1138 1575 facta;
1178 1518 1433 1579 quantam
1467 1525 1535 1563 ex
1565 1525 1627 1563 ea
1650 1509 2035 1564 Theodoretus
2067 1511 2122 1564 in
2166 1510 2349 1579 suspi-

774 1603 985 1656 cionem
1025 1602 1403 1656 consensionis
1434 1617 1557 1656 eum
1597 1603 1933 1670 Apollinario
1961 1602 2224 1673 Cyrillum
2250 1604 2351 1658 ad-

773 1691 1023 1756 duxerit;
1054 1699 1314 1759 quantam
1349 1690 1586 1759 Cyrillus
1610 1692 1851 1743 vicissim
1886 1706 1955 1744 ex
1992 1707 2057 1744 ea
2086 1690 2349 1745 invidiam

774 1782 1079 1836 Nestoriani
1126 1782 1330 1835 erroris
1366 1780 1714 1834 Thcodoreto
1745 1780 2101 1845 conﬂaverit;
2135 1798 2245 1851 quo
2283 1796 2350 1835 ex

776 1871 1377 1940 ipsiusimpugnatione
1402 1868 1649 1923 Andreas
1674 1868 2065 1923 Santosatenus
2086 1869 2351 1923 Rabulam

776 1965 817 2018 Ε
841 1965 1116 2017 lesscnum
1149 1963 1277 2016 odio
1312 1969 1641 2030 prosecutus
1669 1961 1766 2025 sit;
1801 1960 1934 2029 quid
1966 1960 2094 2014 inde
2132 1962 2351 2015 tandem

775 2065 1115 2125 excerptum,
1158 2064 1211 2108 et
1273 2052 1502 2123 Vigilius
1567 2052 1621 2105 in
1687 2051 2017 2115 Constituto,
2062 2061 2119 2105 et
2161 2052 2354 2121 quinta

776 2145 1019 2214 synodus
1054 2146 1108 2197 in
1139 2145 1330 2212 quinta
1356 2142 1647 2197 collatione
1677 2141 2041 2197 damnaverit.

849 2239 957 2291 Vll.
982 2237 1161 2293 Unum
1188 2236 1255 2289 de
1275 2245 1518 2304 tempore
1538 2234 1962 2304 conscriptionis
1982 2234 2355 2289 testimonium

775 2329 1110 2383 Theodoreti
1145 2328 1381 2391 adduco,
1411 2343 1478 2381 ex
1504 2341 1614 2396 quo
1636 2335 1850 2381 veteres
1870 2329 2054 2396 plures
2075 2335 2353 2382 recentes-

777 2440 885 2493 que
928 2431 1180 2477 auctores
1226 2422 1279 2475 in
1309 2437 1377 2476 eo
1402 2436 1617 2475 errasse
1648 2420 2065 2485 convincantur,
2091 2420 2237 2491 quod
2267 2437 2355 2476 re-

778 2514 1199 2584 prehensionem
1218 2514 1361 2567 hanc
1384 2511 1639 2581 scriptam
1662 2520 1912 2567 asserant
1934 2520 2057 2582 post
2088 2513 2355 2583 synodum

778 2606 1110 2677 Ephesinam
1146 2624 1159 2659 :
1190 2621 1298 2676 quo
1343 2613 1591 2675 tempore
1615 2604 1683 2660 de
1734 2620 1867 2674 pace
1900 2604 2043 2660 inter
2084 2605 2359 2661 Ecclesias

779 2700 1067 2770 agebatur.

850 2793 985 2846 ‘v’lll.
1021 2791 1403 2847 Theodoretus
1425 2790 1570 2845 enim
1592 2790 1646 2845 in
1679 2790 2005 2846 Praefatinne
2036 2792 2355 2863 Pentalogii,

778 2882 896 2936 sive
946 2882 1214 2935 librorum
1260 2883 1504 2951 quinque
1543 2882 1809 2936 adversus
1840 2882 2060 2936 beatum
2096 2883 2359 2954 Cyrillum

777 2983 834 3027 et
886 2983 1137 3028 sanctum
1183 2973 1481 3029 concilium
1527 2973 1866 3042 Ephesinum
1901 2992 1913 3026 :
1951 2993 1969 3025 ι
2001 2974 2357 3044 Priusquam,

780 3066 1049 3135 inquit",
1105 3076 1409 3120 conventus
1453 3065 1597 3135 apud
1643 3066 1920 3134 Ephesum
1963 3067 2357 3132 celebraretur,

1868 392 2244 452 GARNERII
2289 390 2789 451 DlSSERTATlO
2830 393 2887 451 II

835 511 922 566 ιν.
948 508 1022 562 De
1056 507 1196 560 libro
1233 505 1482 559 adversus
1514 504 1846 569 Nestorium,
1883 503 2115 573 aliisque
2145 500 2339 571 viginti
2372 505 2414 559 Α
2445 501 2471 572 §
2510 503 2547 556 1.
2611 501 2775 574 404
2827 502 2971 555 Libri
3019 504 3245 572 quinque
3297 504 3689 564 Historiarum,

3925 392 4032 455 352

3765 502 4031 558 Geunadii

2868 580 3025 626 (etate
3057 574 3311 645 suppositi
3345 575 3679 628 'l'lteodoreto.

2509 703 2549 758 I.
2574 702 2893 758 Gennadius
2921 704 2975 757 in
2994 704 3325 759 Theodoreti
3352 707 3529 776 elogio
3556 725 3569 760 :
3601 725 3619 757 ι
3655 705 3795 760 Sunt
3819 714 3870 761 el
3893 707 4039 776 ejus,

2450 790 2649 861 inquit,
2685 793 2875 847 decem
2908 792 3157 847 Historiw
3184 794 3549 849 ecclesiastica:
3574 794 3721 859 libri,
3753 809 3893 863 quos
3918 794 4047 847 imi-

2449 892 2594 938 tatus
2646 883 2946 939 Eusebium
2988 883 3384 940 Caesariensem
3419 887 3660 957 scripsit,
3718 886 3976 941 scribens
4009 899 4039 939 a

2450 973 2556 1027 ﬁne
2589 974 2860 1028 librorum
2905 974 3127 1029 Eusebii
3179 991 3352 1045 usque
3392 976 3459 1029 ad
3491 991 3650 1030 suum
3684 983 3934 1045 tempus,
3988 976 4043 1029 id

2449 1073 2551 1131 est,
2579 1080 2608 1119 a
2643 1065 3023 1120 vicennalibus
3057 1066 3406 1122 Constantini
3432 1082 3605 1137 usque
3639 1067 3705 1122 ad
3741 1068 4042 1137 imperium

2450 1156 2651 1211 Leonis
2682 1156 2948 1212 Senioris.
2983 1176 3000 1209 ι

2521 1250 2587 1304 ll.
2641 1250 2941 1320 Deceptnm
2986 1250 3155 1305 fuisse
3203 1249 3571 1315 Gennadium,
3612 1248 4047 1305 evidentissimis

2450 1344 2786 1413 argumentis
2828 1350 3041 1397 constat
3074 1362 3085 1395 :
3118 1359 3242 1396 nam
3284 1344 3356 1397 ita
3410 1342 3631 1411 scripsit
3689 1342 3840 1395 solus
3896 1340 4048 1393 inter

2450 1444 2667 1489 veteres
2699 1440 2756 1487 et
2790 1434 2955 1487 homo
2997 1432 3227 1487 Latinus
3265 1433 3332 1488 de
3357 1433 3585 1487 historia
3620 1432 3827 1487 Graeca.
3867 1430 4047 1484 Nemo

2451 1525 2787 1590 Grmcorum,
2827 1526 2942 1580 sive
2962 1524 3280 1594 aequalium,
3304 1526 3419 1579 sive
3445 1526 3816 1593 posteriorum
3842 1523 4045 1576 memi-

2452 1615 2553 1677 nit,
2594 1614 2696 1667 etsi
2733 1615 2964 1668 maxime
3010 1615 3245 1683 quisque
3281 1612 3572 1676 debuerat,
3625 1614 3670 1667 si
3719 1628 3809 1667 res
3856 1613 3930 1666 ita
3983 1626 4044 1666 se

2452 1705 2734 1759 habuisset
2762 1722 2774 1757 :
2807 1705 3097 1768 debuerat,
3123 1706 3370 1773 inquam,
3399 1720 3509 1759 non
3530 1706 3545 1722 ‘
3576 1712 3786 1758 tantum
3816 1711 4049 1773 propter

2451 1811 2653 1850 nomen
2714 1795 2992 1859 auctoris,
3053 1802 3168 1848 toto
3226 1795 3451 1850 Oriente
3512 1795 3893 1858 celeberrimi,
3946 1794 4048 1849 sed

2454 1888 2620 1942 etiam
2669 1896 2893 1957 propter
2925 1901 3035 1951 res,
3072 1902 3209 1956 quas
3236 1902 3379 1940 unus
3405 1887 3653 1940 omnium
3700 1886 3951 1956 apprime
3991 1894 4051 1940 et

2454 1978 2725 2040 scis-isset,
2753 1987 2809 2031 et
2836 1978 3059 2046 scriptis
3084 1977 3420 2031 mandasset.

2524 2068 2610 2121 Ill.
2636 2068 2754 2122 Non
2783 2068 3035 2122 meminit
3063 2077 3210 2122 certe
3241 2066 3529 2137 Evagrius,
3568 2068 3821 2136 quamvis
3850 2067 4054 2123 solitus

2454 2160 2558 2214 sibi
2595 2159 2755 2213 ﬁdem
2789 2160 2969 2214 facere
3008 2161 3343 2228 scriptorum
3386 2161 3638 2229 priorum
3672 2161 3995 2214 testimonio
4032 2178 4045 2213 :

2455 2268 2566 2306 non
2596 2252 2847 2306 meminit
2873 2251 3242 2321 Theophanes
3263 2292 3276 2312 ,
3303 2266 3413 2304 non
3446 2250 3733 2305 Cedrenus
3753 2292 3766 2315 ,
3799 2267 3911 2305 non
3938 2250 4049 2305 Zo-

2455 2358 2637 2407 naras,
2669 2359 2777 2397 non
2807 2343 3057 2407 Photius,
3088 2358 3199 2396 non
3225 2340 3602 2411 Nicephorus,
3624 2348 3679 2394 et
3712 2340 3757 2395 si
3789 2342 3884 2411 qui
3918 2350 4053 2396 sunt

2458 2433 2547 2487 alii
2571 2433 2743 2488 Grseci
2772 2432 3051 2487 historici.

2531 2525 2618 2580 IV.
2657 2526 2768 2579 lmo
2811 2526 3077 2595 Evagrius
3127 2524 3182 2579 in
3219 2525 3559 2579 contrarium
3609 2523 3813 2593 apertis
3862 2523 4053 2578 verbis

2458 2619 2784 2672 sententiam
2812 2618 2949 2671 dixit
2977 2636 2990 2671 :
3020 2633 3143 2671 nam
3169 2614 3501 2671 Theodoreti
3547 2613 3843 2668 Historiam
3882 2613 4055 2668 tradit

2459 2710 2526 2765 ad
2585 2710 2697 2764 sola
2754 2708 3051 2763 Theodosii
3103 2709 3343 2779 junioris
3390 2716 3638 2776 tempora
3686 2706 4049 2774 pervenisse;

2460 2800 2598 2854 dixit
2622 2808 2676 2855 et
2706 2798 3068 2868 Nieephorus,
3091 2798 3184 2867 qui
3208 2798 3401 2852 eadem
3431 2812 3556 2851 cum
3584 2795 3817 2864 Evagrio
3841 2792 4051 2859 refert;

2462 2894 2599 2947 dixit
2630 2901 2685 2947 et
2728 2892 2972 2945 Photius.
3027 2909 3044 2941 ‹
3077 2890 3493 2951 Theodoretus,
3520 2888 3720 2957 inquit,
3760 2887 4053 2941 historiam

2464 2980 2740 3037 inchoavit
2783 2980 2851 3034 ab
2883 2979 3077 3035 haeresi
3123 2979 3273 3043 Arii,
3320 2975 3709 3047 pertexuitque
3739 2984 3795 3029 et
3825 2973 3942 3043 ipse
3983 2973 4055 3027 ad

2464 3074 2758 3128 Theodosii
2790 3072 3038 3128 Junioris
3070 3081 3337 3141 tempora,
3372 3078 3428 3123 et
3462 3083 3635 3138 usque
3658 3067 3725 3122 ad
3772 3065 4055 3121 Theodori

779 3158 1075 3213 duodecim
1111 3158 1367 3227 capitulis
1412 3158 1646 3211 strictim
1693 3168 1988 3228 aperteque
2036 3158 2358 3224 restitimus,
2389 3180 2431 3238 ς,
2465 3179 2772 3227 excessum,
2808 3162 3028 3232 quando
3055 3158 3535 3228 Constantinopoli
3586 3171 3868 3212 sacrorum
3911 3156 4059 3209 anti-

782 3259 843 3303 ut
870 3249 1129 3318 praescius
1168 3250 1367 3303 horum
1413 3249 1568 3303 ﬁeret
1609 3250 1949 3315 intellectus,
1979 3252 2145 3306 etiam
2179 3252 2365 3306 rudio—

780 3356 927 3404 rum,
972 3350 1028 3395 et
1075 3342 1303 3395 rationis
1328 3342 1656 3411 expertium.
1702 3341 1838 3408 Quia
1865 3360 1997 3398 vero
2042 3359 2100 3398 se
2136 3344 2366 3398 manife-

782 3438 951 3495 stum,
982 3432 1074 3499 qui
1098 3431 1201 3484 ista
1240 3430 1483 3501 prodidit
1511 3433 1577 3495 ",
1606 3433 1661 3486 in
1692 3433 1929 3488 concilio
1954 3434 2274 3499 declaravit,
2310 3445 2367 3491 et

783 3522 970 3589 plures
997 3537 1064 3575 ex
1094 3523 1201 3586 his,
1230 3523 1322 3591 qui
1345 3534 1737 3588 convenerant,
1768 3525 2007 3594 imperiti
2039 3527 2239 3595 potius,
2264 3544 2366 3583 nec

784 3613 895 3667 ulla
916 3612 1186 3682 dogmatis
1219 3614 1414 3667 imbuti
1450 3614 1665 3679 notitia,
1698 3616 1785 3685 pia
1808 3616 1925 3672 haec
1948 3617 2196 3671 arbitrati
2213 3625 2363 3684 sunt;

783 3718 967 3773 operte
1002 3706 1237 3773 pretium
1272 3705 1450 3759 visum
1488 3713 1591 3769 est,
1642 3706 1841 3760 iterum
1873 3715 2065 3762 contra
2096 3709 2218 3774 niti,
2248 3724 2366 3764 ser-

786 3811 1113 3865 monemque
1162 3796 1497 3859 distendere,
1552 3805 1609 3851 et
1646 3798 1914 3852 succisam
1967 3798 2367 3868 blasphemiam

786 3887 1161 3956 multipliciter
1190 3887 1495 3951 confutare,
1550 3897 1609 3941 ut
1640 3888 2021 3958 ignorantibus
2051 3891 2364 3948 evidentius

786 3980 1180 4047 approbemus,
1220 3980 1686 4049 quemadmodum
1740 3981 2052 4052 Evangeliis
2084 3984 2368 4039 declaren-

788 4080 880 4123 tur
912 4067 1163 4135 adversa,
1212 4085 1335 4139 quae
1359 4086 1508 4126 nunc
1542 4072 1612 4126 ab
1644 4071 1764 4127 istis
1799 4075 2035 4129 maxime
2072 4076 2369 4146 proferun-

789 4168 900 4213 tur.
941 4179 959 4211 ι

857 4249 953 4307 IX.
979 4251 1126 4307 Nihil
1158 4252 1263 4306 hoc
1297 4254 1611 4309 testimonio
1654 4256 1934 4324 potentius
1960 4257 2029 4311 ad
2052 4274 2168 4313 rem
2196 4258 2369 4315 conti-

787 4342 1073 4409 ciendam;
1131 4344 1271 4397 nihil
1335 4344 1649 4401 evidentius
1704 4348 1771 4401 ad
1833 4348 2369 4416 demonstrandum,

786 4445 1055 4503 quantum
1098 4436 1301 4491 Marius
1340 4436 1633 4503 Mercator,
1687 4440 1805 4494 suis
1855 4440 1969 4495 sive
2005 4440 2372 4499 Collectaneis

790 4527 905 4582 sive
930 4526 1219 4597 Operibus,
1245 4530 1495 4584 attulerit
1523 4531 1664 4586 lucis
1700 4532 1767 4586 ad
1789 4532 2084 4588 Historiam
2119 4534 2370 4591 ecclesia-
2404 4528 2448 4586 D

788 4620 1002 4684 sticam,
1036 4634 1145 4689 qua
1172 4630 1328 4691 parte
1361 4621 1703 4694 Pelagianam
1746 4633 1804 4680 et
1827 4625 2208 4682 Nestorianam
2245 4642 2377 4684 cau-

788 4723 906 4764 sam
933 4709 1150 4768 attinet.

1391 4817 1616 4875 CAPUT
1658 4819 1793 4874 Vill.

1173 4904 1348 4979 Opera
1382 4908 1696 4964 Theodoreto
1728 4913 2018 4982 supposita.

863 5019 1158 5090 Supposita
1193 5030 1321 5076 sunt
1348 5023 1450 5077 ista
1473 5024 1718 5093 quinque
1774 5042 1786 5077 :
1838 5024 1991 5079 Libri
2037 5026 2300 5082 nimirum
2332 5029 2373 5085 ι·

794 5112 1175 5180 Historiarum,
1228 5106 1526 5170 Gennadii'
1555 5125 1746 5182 aetate;
1787 5118 2017 5187 epistola
2058 5119 2173 5175 sive
2231 5119 2373 5175 liber

793 5204 873 5259 De
899 5204 1139 5260 Nestorio
1168 5207 1239 5259 ad
1267 5205 1580 5277 Sporacium
1602 5250 1616 5272 ,
1663 5208 1732 5263 ab
1762 5208 2082 5266 hominibus
2111 5213 2249 5267 sexti
2274 5228 2375 5267 sae-

794 5294 901 5349 culi
924 5311 937 5358 ;
964 5293 1087 5348 libri
1119 5297 1235 5350 sive
1262 5312 1530 5350 sermone:
1565 5296 1750 5366 viginti
1804 5306 2003 5368 septem
2044 5299 2108 5352 de
2157 5299 2376 5353 diversis

796 5386 1097 5448 haeresibus,
1136 5400 1194 5441 a.
1215 5385 1439 5451 Photio;
1471 5385 1600 5439 liber
1626 5388 1881 5441 asceticus
1912 5403 1940 5441 a
1971 5389 2160 5444 codice
2190 5390 2376 5444 Phila-

796 5475 1138 5549 delphiensi;
1168 5479 1310 5534 liber
1338 5480 1415 5534 De
1437 5480 1700 5549 formulis,
1720 5496 1749 5534 a
1783 5480 2127 5534 Brassicano.

2467 3265 2580 3311 stes
2603 3255 2879 3311 Sisinnius
2914 3255 3039 3309 fuit.
3086 3273 3103 3306 ι

2536 3363 2601 3416 ν.
2628 3360 3007 3415 Theodoretus
3042 3358 3156 3428 ipse
3183 3355 3505 3411 clarissimis
3532 3361 3588 3408 et
3614 3352 4059 3424 expressissimis

2467 3453 2671 3517 verbis,
2698 3468 2822 3507 cum
2846 3451 3008 3505 ﬁnem
3034 3449 3291 3504 Historiae
3332 3450 3659 3519 imponeret,
3694 3462 3813 3500 eam
3838 3461 3897 3500 se
3936 3459 4066 3501 cer-

2469 3547 2539 3601 tis
2570 3555 2879 3614 temporum
2920 3542 3114 3613 spatiis
3144 3540 3423 3596 deiiniisse
3460 3547 3713 3595 testatur.
3750 3557 3766 3587 ι
3798 3537 3935 3608 Ego,
3969 3536 4061 3591 in-

2467 3637 2607 3707 quit,
2627 3637 2696 3701 ",
2727 3635 2979 3690 Historia:
3012 3633 3176 3687 ﬁnem
3204 3633 3295 3687 hic
3324 3631 3552 3694 faciens,
3578 3632 3810 3685 lectores
3835 3642 3960 3691 oro,
4001 3636 4067 3683 ut

2465 3729 2712 3785 laborem
2743 3735 2992 3782 nostrum
3029 3725 3291 3796 precibus
3319 3724 3435 3778 suis
3456 3728 3835 3791 eompensent.
3878 3718 4062 3785 Quin-

2469 3836 2577 3892 que
2606 3832 2789 3874 autem
2823 3828 2879 3873 et
2911 3825 3132 3873 centum
3164 3830 3434 3870 annorum
3470 3822 3689 3884 tempus
3726 3813 3844 3868 haec
3868 3811 4063 3866 Histo-

2470 3914 2550 3969 ria
2578 3910 2981 3982 complectitur,
3036 3908 3105 3962 ab
3137 3906 3255 3962 Arii
3304 3905 3527 3961 vesania
3577 3903 3882 3974 incipiens,
3911 3902 4066 3957 desi-

2468 4020 2715 4075 nensque
2762 4003 2818 4057 in
2855 4001 3009 4055 obitu
3037 3997 3400 4053 laudabilium
3422 3995 3665 4049 virorum
3695 3993 3972 4047 Theodoti
4010 4000 4069 4046 et

2471 4096 2768 4152 Theodori.
2802 4113 2820 4145 ›
2850 4091 3097 4160 Uterque
3119 4089 3231 4143 fato
3256 4087 3477 4141 functus
3504 4092 3589 4139 est
3618 4098 3763 4139 anno
3786 4083 3914 4137 427.

2538 4208 2627 4263 Vl.
2648 4206 2883 4261 Tantum
2904 4217 3037 4257 vero
3064 4200 3239 4263 abest,
3268 4204 3329 4253 ut
3354 4196 3650 4251 Historiam
3677 4194 3741 4249 ad
3765 4193 4066 4264 imperium

2472 4316 2646 4371 usque
2686 4297 2887 4352 Leonis
2910 4293 3156 4350 Senioris
3179 4289 3522 4363 produxerit,
3553 4296 3613 4342 ut
3650 4286 3755 4341 nisi
3782 4286 4073 4341 inconsul—

2475 4394 2720 4450 tissimus
2777 4391 3060 4446 hominum
3090 4429 3102 4452 ,
3171 4386 3257 4440 vel
3308 4383 3819 4455 impudentissimas
3870 4383 4071 4437 audire

2475 4484 2661 4547 vellet,
2696 4480 3003 4551 producere
3050 4474 3276 4530 omnino
3300 4488 3410 4527 non
3437 4470 3716 4525 debuerit.
3741 4468 3891 4535 Quas
3915 4470 4073 4524 enim

2478 4591 2569 4631 res
2616 4570 3015 4628 ecclesiasticas
3054 4572 3384 4637 prosecutus
3427 4562 3662 4617 fuisset?
3712 4561 4073 4618 Nestorianas

2480 4674 2630 4722 certe
2651 4705 2666 4728 ,
2700 4660 3025 4732 Ephesinas,
3051 4656 3543 4716 Chalcedonenses,
3575 4669 3638 4708 ac
3664 4652 3900 4723 proinde
3917 4670 4070 4717 suas,

2481 4753 2693 4826 Cyrilli,
2713 4752 2837 4814 lbre,
2865 4757 3027 4818 atque
3058 4747 3223 4801 etiam
3248 4743 3473 4798 Diodori
3496 4741 3784 4796 Tarsensis
3804 4757 3868 4796 ac
3889 4741 4075 4797 Theo-

2483 4846 2605 4901 dori
2632 4840 3038 4913 Mopsuesteni;
3072 4838 3138 4892 de
3165 4836 3367 4907 quibus
3408 4834 3450 4888 si
3480 4849 3609 4888 vera
3638 4834 3979 4901 scripsisset,
4014 4850 4073 4889 se

2479 4947 2644 5007 atque
2676 4933 2884 4987 amicos
2911 4944 3097 4985 coram
3130 4927 3377 4983 omnium
3407 4925 3863 4993 consequentium
3891 4942 4074 4981 saecu-

2481 5029 2660 5082 lorum
2693 5023 2938 5078 Ecclesia
2968 5036 3121 5075 reum
3147 5019 3479 5089 peregisset;
3501 5016 3647 5086 quod
3671 5016 4074 5072 inconsiderati

2473 5126 2557 5173 est
2593 5134 2605 5170 :
2643 5114 2687 5169 si
2729 5112 2862 5167 falsa
2910 5112 3112 5181 scripto
3160 5108 3495 5171 mandasset,
3528 5108 3885 5162 reclamasset
3916 5109 4074 5163 orbis

2474 5219 2625 5264 totus
2646 5220 2827 5260 rerum
2847 5203 3120 5267 conscius,
3146 5201 3394 5270 tantique
3422 5198 3838 5255 reclamantium
3870 5199 4077 5253 tumul-

2478 5310 2569 5355 tus
2610 5313 2735 5369 pars
2760 5295 2965 5365 aliqua,
3004 5293 3088 5348 vel
3120 5292 3406 5357 memoria,
3439 5290 3508 5345 ad
3548 5306 3650 5345 nos
3677 5306 3850 5360 usque
3877 5306 4071 5361 perve-

2480 5392 2670 5447 uisset.

2554 5480 2667 5534 Vll.
2695 5478 2748 5534 Si
2769 5480 2913 5534 ultra
2936 5475 3164 5531 Sisinnii
3181 5473 3775 5545 Constantinopolitani
3798 5482 4074 5545 tempora,

2147 5612 2460 5671 SCIIULZ’I
2502 5613 2733 5668 NOTAE}.

872 5755 914 5783 "
947 5755 1065 5808 Vill.
1096 5770 1281 5819 supra,

803 5823 845 5851 "
868 5823 1129 5881 Prodidit.

1329 5772 1381 5825 p.
1435 5756 1550 5809 135.

1211 5843 1310 5883 oco
1344 5826 1437 5882 cil.
1473 5826 1573 5898 leg.
1610 5827 1849 5897 protulit.

1655 5758 1701 5790 ⁷³
1735 5757 1850 5808 νισι.
1896 5765 2015 5825 part
2063 5773 2097 5808 ιι
2143 5753 2382 5824 Operum

1655 5827 1849 5880 rotulil.
1929 5828 1971 5856 ⁷⁵
2014 5826 2133 5882 Lib.
2170 5842 2222 5882 ν.
2249 5840 2296 5879 c.
2337 5826 2390 5879 δε

2463 5800 2485 5809 η.
2540 5755 2858 5811 Mereatoris
2910 5754 3005 5809 lib.
3063 5770 3115 5809 ιιι
3170 5752 3255 5829 (ex
3285 5752 3421 5809 edit.
3461 5751 3652 5818 Carm,
3691 5761 3728 5807 t.
3767 5750 3830 5815 ll,
3868 5766 3922 5822 p.
3958 5750 4073 5822 67).

1955 5828 1971 5853 "‘
2014 5828 2133 5882 Lib.
2170 5842 2222 5891 v,
2249 5840 2296 5879 c.
2337 5828 2423 5879 '59.
