4228 6446
198 389 303 454 353

1358 332 1361 335 ’
1396 381 1490 440 DE
1532 379 1784 439 LIBRIS
1819 350 2326 441 THEODOBETI.

3329 380 3434 443 354

198 502 255 557 id
282 507 397 564 est,
428 500 575 554 ultra
621 511 825 551 annum
873 493 1076 550 Christi
1121 493 1221 546 £27
1258 490 1551 546 ilistoriam
1585 500 1775 560 protu-
1809 494 1848 552 Α
1881 482 2021 552 cari,
2057 490 2300 559 quinque
2355 490 2455 545 hos
2500 489 2672 545 libros
2712 504 2819 546 non
2859 504 2979 545 esse
3004 490 3249 546 diversos
3275 491 3438 563 406

198 591 376 651 lisset,
413 584 575 657 ωε
624 584 749 637 inde.
785 581 974 652 procul
1000 580 1169 634 dubio
1197 579 1385 647 quinta
1415 577 1654 647 synodus
1684 576 1775 630 de-

197 679 569 747 sumpsisset,
609 689 731 744 quae
774 675 1020 727 facerent
1068 671 1364 739 plurimum
1407 668 1473 722 ad
1514 682 1730 721 causam
1759 707 1772 730 ,

199 786 364 840 quam
383 769 603 838 agebat.
632 766 689 819 Si
715 765 865 819 enim
894 764 1039 817 Ibam
1072 771 1128 816 et
1149 761 1497 837 Theodorum
1522 759 1776 813 damnas-

198 869 304 923 set,
345 858 733 929 przejudicium
773 853 1069 908 damnandi
1104 852 1350 906 attulisse
1391 851 1704 913 diceretur;
1732 848 1776 901 si

198 950 565 1012 defendisset,
619 960 747 1001 reus
798 946 924 999 inde
966 954 1219 1013 ageretur
1260 956 1360 997 suo
1405 941 1572 1011 ipsius
1620 938 1775 993 testi-

199 1041 411 1097 monio.

271 1130 414 1185 Vill.
438 1129 567 1185 Hac
594 1144 721 1182 cum
762 1126 1067 1182 indubitata
1109 1126 1237 1188 sint,
1275 1124 1652 1179 contentiosus
1697 1132 1777 1177 ta-

200 1234 328 1273 men
355 1220 562 1288 aliquis
598 1218 835 1289 objicere
862 1224 1046 1285 posset
1074 1215 1215 1269 duo:
1249 1214 1483 1268 alterum
1511 1230 1576 1267 ex
1600 1213 1779 1267 Theo-

199 1312 337 1365 doro
370 1311 625 1373 Lectore,
676 1324 743 1363 ex
790 1308 1123 1362 Damasceno
1159 1304 1412 1360 alterum.
1459 1302 1777 1357 Theodorus

198 1399 350 1453 enim
372 1397 475 1451 lib.
507 1413 546 1451 ιι
578 1395 792 1452 Collect.
816 1435 830 1458 ,
867 1412 884 1445 ι
923 1393 1141 1455 Petrus,
1161 1392 1359 1461 inquit,
1400 1390 1619 1461 Moggus
1644 1393 1775 1446 reli-

200 1491 367 1560 quias
406 1488 687 1543 Timothei
716 1485 1080 1555 Salopbacioli
1102 1483 1361 1538 eﬂ'odisse
1389 1482 1611 1544 dicitur,
1631 1482 1775 1535 idem

200 1595 428 1650 quoque
455 1579 654 1633 scribit
684 1577 1081 1631 Theodoretus.
1116 1592 1133 1625 ι
1172 1573 1237 1626 Ει
1264 1573 1423 1642 paulo
1449 1580 1591 1640 post,
1637 1589 1655 1621 ‹
1678 1570 1779 1625 Ca-

199 1670 525 1725 lendionem
550 1667 687 1722 dicit
711 1666 1025 1720 ordinatum
1070 1662 1239 1717 fuisse
1283 1660 1773 1731 ConstantinOpoli,

199 1777 331 1816 cum
361 1758 704 1814 Theodorito
732 1755 1136 1811 consentiens»
1172 1754 1538 1807 Damascenus
1569 1766 1700 1805 vero
1718 1750 1774 1804 in

1878 578 2039 631 abiis
2073 593 2210 646 quos
2247 578 2590 632 Theodoreto
2623 580 2826 649 juniori
2879 579 3185 633 tribuimus.
3234 581 3435 635 Verum

1878 669 2076 732 obstat,
2110 668 2255 738 quod
2278 669 2654 725 Theodoretus
2681 671 2869 741 junior
2896 670 3146 725 Nestorio
3181 671 3437 727 infensis-

1878 760 2089 825 simus;
2144 760 2403 819 Irenteus,
2471 771 2533 815 ut
2589 772 2802 816 constat
2869 778 2935 815 ex
2973 763 3123 816 Actis
3152 763 3438 831 Ephesium

1877 852 2092 922 synodi,
2121 852 2567 906 ‘addictissimus
2601 853 2782 907 fuerit.
2822 855 2958 908 Vide
3008 869 3128 922 quae
3177 863 3437 922 sequente

1878 940 2219 1009 paragrapho
2250 941 2521 995 dicentur.
2562 939 2735 1006 Quid,
2774 942 2820 993 si
2868 940 3208 996 Hebed-Jesu
3248 941 3437 996 lrenzei

1878 1044 2079 1085 nomen
2115 1045 2217 1100 pro
2254 1031 2581 1085 Theodoreti
2607 1029 2827 1085 nomine
2855 1033 3133 1100 posuerit?

2061 1160 2088 1229 ς
2115 1159 2177 1213 11.
2206 1158 2443 1229 Epistola
2470 1161 2538 1213 ad
2562 1158 2871 1229 Sporacium
2900 1161 2963 1215 de
2986 1161 3243 1216 Nestorio.

1948 1288 1989 1342 l.
2015 1287 2186 1354 Quem
2216 1289 2419 1343 librum
2460 1289 2597 1343 dixit
2636 1289 2978 1358 Sirmondus,
3014 1293 3282 1349 Baronius
3322 1296 3439 1363 epi-

1877 1383 2068 1436 stolam
2096 1383 2369 1447 nominat;
2402 1381 2629 1434 formam
2665 1382 2755 1436 ille
2788 1386 3186 1452 contemplatus
3213 1394 3316 1449 est,
3337 1387 3439 1440 iste

1878 1470 2339 1539 inscriptionem:
2390 1471 2444 1523 id
2492 1471 2757 1541 quidquid
2808 1481 2912 1536 est,
2976 1470 3317 1538 Sirmondus,
3378 1485 3439 1529 ut

1877 1570 1995 1615 erat
2034 1560 2316 1631 perspicax
2348 1571 2403 1615 et
2440 1579 2619 1617 rerum
2649 1565 2889 1632 prudens
2919 1565 3235 1629 aestimator,
3262 1582 3440 1636 neque

1879 1649 2024 1703 inter
2067 1650 2329 1719 epistolas
2361 1652 2680 1714 collocavit,
2728 1667 2905 1721 neque
2944 1655 3134 1708 ordine
3168 1672 3268 1711 suo
3298 1659 3442 1711 inter

1877 1739 2065 1801 libros,
2121 1739 2215 1793 sed
2268 1741 2420 1794 velut
2476 1742 2760 1810 rejiculum
2803 1743 3062 1811 quiddam
3111 1745 3165 1799 in
3202 1746 3440 1817 Operum

198 1849 301 1905 lib.
340 1864 404 1903 ιιι
437 1848 519 1902 De
556 1845 873 1917 imaginibus
914 1844 1069 1914 plura
1108 1843 1398 1913 producit,
1438 1846 1501 1895 ὲκ
1532 1842 1629 1911 τῆς
1674 1841 1776 1895 ἐκ-
1808 1830 1847 1883 Β
1876 1832 2209 1901 Appendice.
2255 1832 2456 1886 Scribit
2507 1841 2708 1896 tamen,
2737 1834 2882 1902 quod
2912 1836 3163 1891 mirabile
3195 1848 3298 1902 est,
3338 1839 3441 1893 Ba~

200 1939 653 2008 κλησιαστικῆς
678 1937 961 2005 Ἱστορίας
1005 1935 1334 2005 Θεοδωριτου
1363 1934 1504 1988 libro
1535 1933 1694 1987 tertio
1721 1940 1777 1985 et

202 2041 427 2103 quarto.

273 2119 368 2174 IX.
398 2120 604 2174 Verum
651 2118 973 2190 jamdudum
1018 2117 1121 2172 viri
1166 2116 1314 2171 docti
1370 2115 1549 2195 locum
1591 2113 1782 2166 Dama-

205 2213 357 2268 sceni
384 2212 774 2275 emendarunt,
810 2220 866 2265 et
900 2224 1000 2280 pro
1032 2209 1365 2263 Theodorito
1406 2206 1777 2268 Theodorum,

203 2304 498 2359 Lectorem
527 2303 802 2366 videlicet,
828 2308 1195 2371 reposuerunt
1224 2317 1237 2352 :
1285 2314 1349 2353 ea
1395 2299 1541 2353 enim
1584 2299 1779 2351 Dama-

205 2410 410 2450 scenus
457 2401 747 2455 memorat,
794 2406 936 2460 quat,
988 2406 1057 2445 ne
1110 2391 1153 2445 si
1187 2390 1533 2444 centenarius
1561 2390 1781 2458 quidem

204 2481 424 2545 fuisset,
457 2479 841 2535 Theodoretus
873 2479 1016 2533 scire
1038 2479 1324 2548 potuisset,
1344 2486 1405 2531 ut
1428 2477 1573 2546 quod
1603 2475 1783 2546 Olym-

204 2574 299 2644 pio
324 2574 533 2628 Ariano
553 2572 779 2642 contigit
808 2585 953 2624 anno
989 2568 1111 2624 498.
1151 2569 1353 2623 Eadem
1398 2568 1539 2622 ratio
1582 2568 1783 2623 refellit

207 2666 439 2735 pariter,
472 2662 621 2733 quod
666 2677 735 2716 ex
782 2660 1055 2715 Theodori
1094 2659 1456 2714 Coilectaneis
1487 2658 1781 2713 adductum

204 2767 292 2811 est
324 2774 339 2808 :
378 2754 703 2809 Timotheus
731 2754 877 2808 enim
919 2752 1329 2823 SaIOphaciolus
1356 2752 1585 2806 excessit
1608 2768 1637 2806 e
1672 2753 1782 2806 vita

206 2846 434 2900 circiter
468 2859 671 2898 annum
696 2842 821 2908 481,
853 2858 961 2912 quo
988 2851 1233 2912 tempore
1261 2840 1561 2897 Calendion
1590 2841 1781 2894 Antio-

208 2937 400 2991 chena:
428 2935 691 2989 Ecclesia:
738 2934 1025 3004 praefectus
1060 2942 1162 2988 est.
1206 2932 1334 2999 Quae
1380 2932 1425 2985 si
1476 2932 1785 3001 scripsisset

210 3028 619 3090 Theodoretus,
647 3025 1017 3095 nonagenario
1046 3024 1219 3093 major
1258 3023 1586 3093 scripsisset.

1878 1924 2087 1984 ronius,
2123 1921 2411 1990 epistolam
2456 1922 2597 1976 hanc
2637 1938 2737 1976 suo
2779 1924 2833 1977 in
2869 1926 3058 1998 codice
3094 1930 3440 1995 praepositam

1879 2010 2046 2065 fuisse
2098 2011 2321 2081 reliquis
2352 2013 2420 2075 ⁷⁸,
2469 2021 2724 2081 tanquam
2780 2014 3111 2070 Theodoreti
3164 2016 3348 2081 fidem,
3386 2029 3443 2073 et

1878 2099 2213 2153 Nestoriante
2276 2100 2553 2155 societatis
2612 2101 2884 2170 publicam
2945 2106 3443 2172 renuntiationem;

1879 2191 1974 2245 sed
2008 2192 2061 2244 id
2090 2193 2293 2244 tactum
2324 2191 2519 2259 opinor
2558 2190 2625 2243 ab
2656 2192 2838 2260 aliquo
2865 2195 3167 2249 amantiore
3194 2196 3442 2257 Theodo-

1880 2281 2008 2344 reti,
2041 2295 2203 2349 quam
2231 2279 2496 2333 veritatis.

1951 2369 2014 2423 ll.
2054 2370 2112 2423 In
2153 2369 2310 2423 libris
2353 2369 2585 2439 vulgatis
2630 2370 2807 2425 media
2860 2372 2945 2425 sui
2980 2382 3155 2442 parte,
3214 2375 3441 2430 totidem

1880 2460 2082 2524 verbis,
2112 2460 2331 2515 conficit
2366 2472 2529 2529 caput
2571 2462 2635 2515 12
2678 2462 2800 2515 libri
2844 2464 3021 2532 quarti
3062 2464 3443 2520 Ilwreticarum

1881 2550 2203 2621 fabularum,
2232 2552 2377 2619 quod
2413 2552 2753 2617 inscribitur,
2781 2553 2856 2606 De
2881 2554 3158 2620 Nestorio;
3198 2558 3443 2627 nihilque

1882 2640 2046 2696 habet
2071 2643 2327 2711 ampiius,
2353 2650 2551 2711 prce-ter
2578 2643 2999 2712 disputationem
3028 2648 3291 2717 prolixam
3315 2665 3440 2705 cum

1882 2730 2112 2800 ipsomet
2148 2730 2419 2796 Nestorio,
2451 2732 2517 2786 ad
2545 2747 2703 2801 quem
2740 2736 2910 2789 oratio
2933 2739 3303 2805 convertitur;
3333 2756 3443 2811 qua

1883 2822 2242 2876 conversione
2278 2823 2415 2875 nihil
2455 2832 2539 2877 est
2582 2823 2909 2880 insolentius
2936 2827 3078 2897 apud
3123 2828 3441 2887 Theodore-

1886 2921 2019 2967 tum.

1955 3026 2043 3080 111.
2079 3025 2311 3096 Scripsit
2346 3042 2495 3092 vero,
2523 3029 2775 3099 quisquis
2803 3008 2887 3086 est
2919 3042 3127 3099 auctor,
3171 3046 3293 3106 post
3334 3038 3443 3094 Ne—

283 3119 351 3174 X.
384 3120 611 3181 Verum,
632 3127 693 3170 ut
726 3132 792 3170 ne
818 3115 1109 3186 scrupulus
1133 3115 1278 3169 ullus
1296 3115 1515 3178 haereat,
1537 3115 1784 3185 aperien-
1809 3158 1851 3215 ο
1886 3120 2138 3183 storium,
2156 3135 2265 3173 non
2292 3120 2454 3175 modo
2476 3121 2820 3190 deportatum
2857 3124 2910 3176 in
2943 3124 3143 3190 Oasim,
3167 3127 3260 3182 sed
3278 3129 3440 3197 etiam

209 3210 377 3273 dum,
413 3210 543 3279 quis
583 3209 672 3262 ille
714 3208 787 3262 sit
816 3206 1196 3261 Theodoretus
1242 3205 1493 3259 Historia:
1526 3208 1779 3274 scriptor,

212 3303 371 3371 cujus
418 3300 673 3354 meminit
723 3298 1043 3354 Theodorus
1071 3280 1285 3351 Lecto'r.
1333 3297 1478 3351 Nihil
1512 3313 1640 3352 vero
1671 3298 1782 3352 dici

214 3398 401 3461 potest
431 3398 529 3443 aut
560 3390 765 3452 verius,
799 3397 892 3442 aut
914 3397 1060 3442 certe
1090 3386 1615 3457 probabilius,quam
1637 3387 1782 3457 quod

212 3480 629 3534 illustrissimus
672 3478 961 3533 Annalium
1020 3478 1254 3547 scriptor
1291 3478 1459 3531 tradit
1486 3478 1573 3529 ’δε
1620 3476 1785 3531 exsti-

213 3570 347 3624 tisse
382 3570 601 3624 scilicet
642 3569 1018 3623 Theodoretos
1065 3568 1204 3622 duos
1235 3584 1248 3620 :
1284 3568 1552 3622 seniorem
1591 3581 1783 3632 unum,

214 3663 309 3731 qui
334 3659 629 3732 Cyrcnsis;
653 3662 932 3731 juniorem
960 3662 1328 3731 alterum,qui
1358 3660 1784 3715 ecclesiasticam

209 3751 477 3823 Cyrensis
500 3750 795 3806 Historiam
829 3754 1187 3807 continuavit.
1232 3752 1454 3806 Addidit
1492 3752 1678 3821 junior
1715 3751 1783 3805 ad

212 3843 455 3897 senioris
504 3842 798 3896 Historiam
848 3842 1021 3896 libros
1064 3842 1329 3911 quinque,
1387 3843 1586 3911 quibus
1632 3858 1785 3897 com-

212 3933 409 4001 plexus
470 3942 553 3987 est
608 3933 879 4003 quidquid
946 3948 1129 3986 rerum
1176 3932 1665 3987 ecclesiasticarum
1715 3932 1783 3987 ab

211 4034 359 4072 anno
390 4020 497 4073 427
528 4018 595 4072 ad
625 4019 822 4073 Justini
861 4020 1213 4089 imperatoris
1252 4020 1407 4073 initia
1440 4028 1650 4090 gestum
1677 4031 1781 4087 est;

211 4118 267 4161 et
299 4108 767 4178 quemadmodum
813 4109 904 4163 ille
951 4109 1019 4162 ab
1056 4109 1171 4162 Arii
1213 4109 1453 4172 vesania,
1498 4110 1577 4163 sic
1610 4111 1711 4164 iste
1753 4125 1784 4164 a

209 4197 459 4251 Nestorii
488 4197 682 4253 hatresi
711 4198 928 4251 initium
957 4198 1133 4251 duxit.

280 4283 393 4344 Xl.’
408 4290 618 4356 Quodsi
647 4290 777 4344 licet
801 4291 1111 4360 conjectura
1141 4290 1216 4344 uti
1253 4292 1310 4344 in
1356 4307 1414 4345 re
1457 4307 1488 4345 a
1525 4290 1785 4360 tempori-

210 4381 318 4435 bus
350 4381 563 4435 nostris
596 4380 891 4434 admodum
922 4392 1151 4442 remota,
1190 4395 1253 4434 ac
1292 4390 1515 4450 propter
1535 4390 1781 4435 veterum

1885 3210 1939 3264 in
1967 3211 2142 3265 reditu
2173 3211 2371 3265 misere
2403 3212 2727 3267 exstinctum
2760 3213 2921 3269 :faeit
2942 3217 3087 3270 enim
3112 3221 3443 3276 mentionem

1886 3301 2281 3371 deportationis
2307 3312 2363 3357 et
2405 3302 2663 3357 interitus
2703 3321 2715 3356 :
2750 3305 2970 3373 scripsit
3001 3307 3165 3377 igitur
3194 3320 3317 3379 post
3348 3327 3447 3365 an-

1885 3408 2017 3447 num
2047 3393 2171 3457 M7,
2201 3408 2310 3463 quo
2339 3409 2483 3448 anno
2531 3394 2759 3464 periisse
2805 3395 3087 3452 Nestorius
3128 3402 3331 3468 apertis
3368 3412 3448 3458 te-

1886 3485 2177 3548 stimoniis,
2209 3493 2303 3539 aut
2325 3494 2471 3540 certe
2511 3489 2869 3556 argumentis,
2903 3492 3232 3545 ostenditur.

1955 3577 2042 3632 IV.
2082 3578 2251 3631 Nemo
2276 3588 2546 3642 veterum,
2584 3578 2729 3646 quod
2770 3578 2967 3641 sciam,
3002 3582 3248 3635 meminit
3287 3583 3443 3642 istius

1886 3667 2153 3739 epistolae,
2185 3676 2457 3737 quatenus
2475 3684 2504 3722 a
2522 3668 2698 3737 capite
2723 3669 3015 3725 undecimo
3036 3672 3145 3741 jam
3170 3672 3317 3728 dicto
3344 3675 3446 3729 dif-

1884 3756 2010 3812 fert.
2035 3757 2167 3811 Nam
2203 3756 2464 3811 Leontius
2499 3758 2552 3811 in
2591 3772 2757 3826 opere
2783 3757 2855 3810 De
2886 3761 3057 3823 sectis,
3091 3768 3147 3813 et
3190 3761 3445 3818 Theodo-

1887 3864 1980 3903 rus
2010 3848 2193 3902 Abbas
2225 3848 2281 3903 in
2320 3857 2641 3918 argumento
2674 3850 2863 3919 synodi
2888 3851 3193 3919 Ephesinaz,
3221 3869 3282 3907 ac
3307 3854 3447 3907 Pho-

1886 3940 1997 3995 tius
2025 3939 2081 3993 in
2114 3938 2336 4004 Codice,
2376 3939 2744 3992 meminerunt
2777 3940 2945 3994 solius
2977 3941 3103 3995 libri
3136 3959 3189 3997 ιν
3227 3944 3447 3999 Ha’rcti-

1886 4046 2071 4084 carum
2108 4027 2443 4097 fabularum,
2470 4029 2523 4081 in
2554 4045 2663 4097 quo
2693 4030 3016 4102 insertalest.

1950 4120 2015 4175 ν.
2054 4121 2122 4175 Ει
2147 4135 2277 4174 vero
2302 4120 2586 4189 scriptum,
2604 4119 2750 4188 quod
2777 4120 2832 4173 in
2860 4121 3227 4190 Appendicem
3258 4126 3447 4195 rejecit

1886 4211 2234 4275 Sirmondus,
2278 4210 2597 4265 nonnullam
2645 4210 2864 4279 quidem
2909 4211 3318 4269 declamationis
3354 4225 3451 4270 aut

1885 4300 2130 4354 historia:
2160 4298 2397 4368 speciem
2422 4298 2661 4367 praefert,
2700 4300 2903 4351 trullam
2926 4301 3186 4368 epistolae.
3218 4303 3372 4368 Nam,
3399 4307 3449 4359 1⁸

1884 4391 2002 4446 Non
2031 4390 2196 4444 habet
2218 4387 2574 4442 honoriﬁcam
2603 4388 2739 4452 viri,
2770 4390 2857 4443 cui
2888 4390 3179 4456 scribitur,
3207 4397 3417 4464 compcl
3436 4426 3449 4436 -

208 4473 499 4527 silentium
548 4471 802 4534 Obscura.
859 4471 1225 4525 Τιιθοάοῐίῐυε
1264 4471 1353 4525 me
1380 4471 1568 4540 iunior
1602 4472 1646 4502 "
1670 4485 1780 4524 ηοη
1813 4482 1856 4536 D
1885 4480 2180 4542 lationem,
2219 4493 2381 4547 quam
2414 4477 2470 4530 in
2500 4476 2751 4546 epistolis
2792 4476 2857 4531 ad
2896 4487 3173 4549 magnates
3197 4482 3449 4539 omittere

208 4563 351 4617 alter
393 4560 617 4615 videtur
658 4576 797 4624 esse,
848 4575 1013 4630 quam
1046 4560 1365 4613 Alindorum
1409 4561 1697 4630 cpiscopus
1724 4560 1779 4613 in

210 4653 501 4723 provincia
532 4651 723 4717 Cariae,
746 4653 841 4721 qui
878 4668 1020 4705 anno
1059 4652 1162 4705 556
1207 4652 1440 4705 concilio
1473 4650 1782 4705 Constanti-

211 4747 540 4815 n0politano
585 4746 790 4800 Hennae
827 4746 1112 4802 interfuit:
1150 4755 1362 4817 tempus
1385 4749 1551 4812 enim,
1585 4763 1782 4803 nomen

210 4846 267 4891 et
301 4836 547 4890 eruditio
570 4844 897 4905 congruunt.

252 4925 400 4995 ⁹1111.
443 4926 505 4981 In
537 4928 780 4998 catalogo
806 4926 1144 4983 Hebed-Jesu
1180 4929 1387 4983 mentio
1434 4928 1499 4981 ﬁt
1534 4927 1784 4984 Historiae

219 5019 547 5088 cujusdam,
599 5034 721 5087 quae
773 5019 1015 5087 quinque
1076 5019 1233 5073 libris
1294 5020 1785 5089 comprehenderet

214 5108 547 5177 ejectionem
589 5108 862 5174 Nestorii,
906 5117 961 5164 et
1002 5110 1206 5173 omnia,
1242 5125 1362 5177 qua:
1388 5110 1440 5162 in
1468 5110 1574 5163 illis
1605 5112 1783 5181 regio-

214 5203 381 5257 nibus
431 5213 585 5273 gesta
618 5212 764 5257 sunt.
808 5203 1009 5257 Auctor
1051 5203 1255 5257 dicitur
1296 5201 1534 5257 Ireumus
1565 5203 1781 5274 Tyrius,

211 5292 554 5361 aqualisque
598 5290 949 5346 Theodoreto
999 5290 1245 5345 innuitur
1291 5290 1410 5359 ipso
1446 5291 1786 5345 recensionis

212 5383 429 5439 ordine.
486 5382 711 5438 Venerit
748 5381 974 5437 fortasse
1008 5382 1063 5436 in
1111 5390 1347 5436 mentem
1403 5380 1567 5435 alicui
1603 5382 1783 5451 suspi-

1890 4569 2271 4624 Theodoretus
2317 4583 2429 4621 non
2472 4569 2631 4622 solet.
2673 4569 2731 4620 2°
2768 4567 2928 4622 Caret
2964 4570 3136 4623 amica
3185 4572 3447 4637 clausula,

1888 4676 2053 4731 quam
2078 4660 2462 4714 Theodoretus
2486 4659 2572 4712 vix
2615 4659 2820 4728 pariter
2850 4674 3088 4728 unquam
3123 4665 3449 4730 pratermit-

1889 4754 1974 4807 tit.
2000 4753 2055 4806 3°
2082 4752 2464 4807 Praefationem
2502 4751 2746 4805 continet
2788 4750 3087 4819 prolixam,
3139 4752 3448 4822 locumque,

1888 4852 1948 4896 ut
1972 4844 2147 4907 aiunt,
2173 4857 2541 4905 communem,
2564 4856 2674 4910 quo
2710 4841 2847 4894 nihil
2881 4841 3170 4895 absurdius
3196 4852 3453 4909 peccatur

1888 4932 1941 4985 iu
1970 4931 2322 5000 epistolarum
2347 4940 2543 4993 artem,
2568 4930 2815 4999 religiose
2836 4944 2865 4981 a
2886 4928 3232 4983 Theodoreto
3262 4930 3451 4985 obser-

1884 5030 2085 5075 vatam.
2128 5023 2181 5074 4°
2219 5021 2520 5075 Fastidiosa
2569 5021 2657 5073 illa
2709 5020 2954 5088 praefatio
2995 5020 3139 5073 aliud
3174 5021 3309 5074 nihil
3343 5032 3448 5083 est,

1884 5127 2046 5180 quam
2097 5111 2332 5164 imitatio
2368 5110 2615 5178 quaedam
2652 5118 2815 5178 atque
2855 5108 3203 5177 ampliﬁcatio
3239 5110 3449 5180 prologi

1879 5201 2023 5253 libro
2055 5207 2251 5268 quarto
2291 5198 2679 5253 ereticarum
2711 5197 3011 5266 fabularum
3048 5196 3275 5266 prteiixi,
3304 5204 3451 5267 quot

1879 5292 2091 5361 puerile
2118 5290 2330 5344 vitium.
2363 5291 2418 5344 5°
2450 5288 2638 5344 Oratio
2661 5289 2726 5343 ad
2759 5289 3070 5343 Nestorium
3106 5285 3282 5359 ipsum
3316 5305 3449 5343 cou-

1882 5384 2139 5445 vertitur,
2172 5380 2477 5453 eujusmodi
2507 5379 2651 5450 apud
2676 5379 3082 5435 Theodoretum
3122 5381 3177 5433 in
3202 5380 3452 5450 epistolis

1552 5534 1867 5591 SCHULZII
1908 5534 2138 5590 MlT/E.

280 5655 328 5687 "
352 5650 554 5709 Annal.
602 5661 642 5705 t.
677 5652 778 5716 Vl,
808 5666 863 5721 p.
897 5651 1018 5705 653.

1128 5652 1171 5683 "
1202 5650 1326 5705 Haec
1378 5652 1599 5721 quidem
1630 5654 1951 5723 conjectura
2000 5653 2177 5707 Caveo
2219 5653 2448 5723 aliisque
2501 5668 2557 5708 se
2602 5647 3169 5723 commendatjt,__sed
3212 5645 3451 5723 junioris

216 5724 362 5779 illius
389 5722 731 5793 Theodoreti
746 5718 948 5793 scripta
983 5722 1071 5774 vix
1100 5718 1703 5793 potuerunt’Gennadio
1732 5718 2097 5788 innotescere,
2134 5731 2195 5777 ut
2219 5725 2329 5793 jam
2362 5718 2587 5778 'monuit
2619 5722 2896 5777 Fabricius
2938 5718 3181 5773 Biblioth.
3212 5718 3302 5771 Gr.
3339 5718 3447 5770 vol.

218 5794 300 5857 Vl,
329 5809 384 5863 p.
413 5792 536 5847 124.
616 5791 658 5823 ⁷⁸
692 5791 813 5845 Vid.
868 5805 1053 5860 supra,
1085 5806 1137 5861 p.
1174 5791 1296 5847 505.
