4228 6446
766 392 871 453 355

1886 376 2263 441 GARNEBII
2303 376 2799 443 DISSERTATIO
2841 383 2895 441 ll

3917 380 4027 443 356

766 502 857 555 vix
894 498 1191 569 quidquam
1243 494 1507 566 reperias.
1541 493 1702 565 407
1751 492 1805 548 6°
1838 489 2018 547 Scatet
2048 492 2338 562 phrasibus
2371 498 2415 554 Α
2444 493 2734 559 docuerit;
2764 494 2922 564 cujus
2948 491 3254 546 doctrinam
3280 491 3749 548 anathematizare
3776 494 3847 547 sit
3875 493 4027 550 idem

766 607 834 645 cx
873 588 1135 659 Gregorio
1180 587 1459 656 Theologo
1503 584 1790 654 pueriliter
1821 581 2099 651 decerptis
2126 621 2139 647 ,
2190 583 2338 651 quod

767 680 1052 749 indignum
1112 678 1480 732 Thcodoreto.
1506 674 1815 743 ‘Decerpue
1853 680 1984 727 sunt
2022 672 2142 727 ista:
2170 673 2345 726 mani-

769 772 908 825 feSte
969 785 1034 824 ex
1086 769 1339 823 Oratione
1402 768 1456 819 in
1511 764 1869 819 Athanasium
1908 763 1976 817 ".
2031 761 2234 831 Ἄλλην
2287 761 2345 825 ἐξ

765 862 934 933 ἄλλης
958 860 1201 931 ἁμείὸων
1231 858 1435 929 χώραν,
1466 856 1721 925 καθάπερ
1766 855 2105 923 Αἰγυπτιακή
2133 870 2216 915 τις
2246 852 2347 921 μά-

773 955 889 1020 στιξ
921 957 985 1024 τῇ
1025 952 1236 1022 μεγάλῃ
1285 949 1394 1003 τῶν
1435 948 1752 1017 ’Δντιοχέων
1788 944 2052 1015 ἐνέσκηψε
2078 944 2252 1008 πόλει,
2290 945 2347 997 ὲν

771 1043 941 1113 ταύτῃ
991 1042 1165 1109 λόγων
1202 1039 1523 1108 ἐλευθερίων
1566 1037 1801 1108 μετρίως
1850 1033 2224 1106 μετεσχηκώς.
2280 1035 2349 1088 Et

771 1134 932 1203 paulo
966 1143 1092 1202 post
1112 1130 1159 1164 '°
1189 1171 1201 1185 .
1235 1130 1499 1184 Ἐνταῦθά
1531 1146 1619 1197 μοι
1646 1130 1830 1180 λοιπὸν
1861 1129 1954 1181 καὶ
1981 1129 2049 1180 τὰ
2074 1126 2349 1198 δράματα,

770 1219 844 1275 ὧν
872 1222 1069 1292 μικροῦ
1105 1222 1317 1290 πλήρης
1349 1220 1497 1272 πᾶσα
1520 1221 1591 1288 γῆ
1622 1235 1679 1270 τε
1704 1218 1796 1269 καὶ
1828 1216 2086 1269 θάλαττα.
2127 1215 2214 1277 Ὠς
2242 1214 2352 1282 γὰρ

770 1315 862 1364 τὴν
902 1315 1155 1383 μέγιστον
1178 1313 1384 1364 ἐκεῖνον
1415 1310 1679 1364 κατέλαὸε
1716 1309 1921 1378 θρνὲνον,
1952 1307 2203 1375 καθάπερ
2231 1304 2353 1357 τινὰ

774 1404 1063 1475 τυραννίδα
1097 1404 1194 1473 τῆς
1230 1402 1639 1474 ἀρχιερωσύνης
1674 1401 1774 1471 τὴν
1813 1400 2145 1470 προστασίαν
2179 1398 2353 1468 ἁρπά-

776 1514 893 1557 σας.
941 1496 1021 1549 Ex
1075 1495 1329 1549 Oratione
1373 1494 1443 1545 ad
1489 1491 1717 1546 Aricinos
1756 1491 1844 1542 "z
1890 1492 2038 1542 Οἴκοι
2079 1488 2146 1542 τὰ
2185 1489 2353 1543 πολλὰ

776 1586 999 1654 βιϐλίοις
1044 1584 1392 1654 προσανέχων
1416 1622 1430 1643 .
1471 1584 1563 1635 καὶ
1613 1581 1732 1635 καθ’
1768 1581 1994 1650 ἡσυχίαν
2031 1579 2205 1649 ἐαυτῷ
2230 1595 2357 1646 συγ-

772 1678 1073 1745 γινόμενος.
1122 1673 1381 1743 Spurium
1416 1672 1582 1741 igitur
1605 1679 1690 1723 est
1724 1666 1887 1737 atquc
1940 1668 2353 1738 supposititium

776 1767 854 1829 id,
893 1768 1270 1837 cujuscunque
1300 1764 1446 1817 modi
1478 1773 1582 1825 est,
1614 1762 1923 1831 scriptum-

2442 602 2507 641 ac
2539 588 2710 656 ipsam
2736 586 2997 656 pietatem
3038 585 3337 651 damnare;
3376 585 3470 655 qui
3503 584 3703 655 injuste
3730 592 3788 640 et
3834 586 4030 656 inique

2442 678 2735 733 damnatus
2765 680 2837 732 sit
2868 678 3107 747 Ephesi;
3158 693 3323 747 quem
3355 678 3490 731 socii
3522 686 3773 746 pastores
3797 677 4032 732 calamis

2444 770 2632 838 inique
2680 769 3022 832 occiderint;
3063 768 3219 837 cujus
3277 766 3694 819 damnatoribus
3741 781 4031 836 nunquam

2444 862 2561 931 ipse
2586 860 2657 915 sit
2684 860 3210 922 communicaturus,
3237 857 3342 911 etsi
3373 857 3722 911 membratim
3744 854 4031 926 discerpa—

2446 963 2555 1007 tur.
2595 972 2612 1003 ι
2665 952 2822 1006 Nunc
2858 966 3009 1015 vero,
3051 950 3097 1004 si
3131 949 3203 1003 sit
3236 956 3433 1004 auctor
3477 948 3746 1015 epistolae,
3786 962 3895 1016 qua
3960 946 4034 1001 de

2448 1046 2650 1115 agitur,
2713 1042 2969 1097 eumdem
3020 1041 3260 1110 appellat
3322 1057 3340 1090 ι
3407 1046 3702 1102 amentem,
3752 1036 4035 1107 ﬂagellant

2449 1137 2851 1207 Aigyptiacum,
2880 1134 3308 1187 instrumentum
3331 1130 3595 1185 daemonis
3616 1127 4035 1183 mendaciorum

2450 1229 2647 1298 patris,
2679 1226 3054 1281 Christianum
3094 1222 3276 1292 specie
3309 1222 3483 1290 magis
3514 1234 3678 1290 quam
3710 1219 3911 1289 reipsa,
3946 1228 4037 1289 ty-

2452 1320 2700 1374 rannidis
2725 1318 3122 1379 all‘ectatorcm,
3168 1314 3420 1383 impium,
3476 1312 3879 1381 blasphemum,
3931 1325 4041 1363 nu-

2452 1410 2655 1480 gaciter
2686 1409 3032 1470 dclirantem,
3060 1406 3227 1459 stulta
3252 1402 3575 1473 sapientem,
3599 1401 3694 1471 qui
3720 1401 4035 1470 simplicem

2454 1512 2509 1557 et
2534 1501 2768 1555 artiﬁcio
2793 1510 3071 1554 carentem
3114 1497 3276 1550 ﬁdem
3309 1506 3552 1549 nostram
3582 1494 3913 1549 Gmcanicis
3945 1508 4040 1546 ar-

2456 1595 2623 1664 gutiis
2652 1593 2907 1657 turbarit,
2945 1590 3037 1659 qui
3077 1589 3396 1659 pontiﬁcatu
3435 1603 3534 1655 per
3572 1593 3791 1639 sanctos
3830 1584 4039 1654 Ephesi

2456 1694 2852 1753 congregatos,
2907 1682 3093 1736 divino
3143 1679 3405 1749 suffragio
3462 1678 3709 1748 dejeetus
3765 1678 3878 1738 sit,
3941 1678 4040 1746 qui

2460 1774 2641 1828 edicto
2673 1772 3016 1843 imperatoris
3040 1771 3223 1825 Oasim
3246 1772 3433 1840 jussus
3456 1768 3726 1830 habitare,
3745 1766 3839 1836 qui
3864 1766 4039 1820 futuri

844 1860 931 1913 Ἦ·
972 1858 1076 1912 Sed
1097 1856 1347 1927 Spurium
1379 1870 1500 1909 esse
1536 1855 1712 1923 ipsum
1756 1869 1974 1924 quoque
2026 1862 2193 1923 caput
2223 1853 2362 1907 duo'
2389 1843 2432 1898 Β
2462 1868 2754 1938 impiorum
2780 1865 3030 1935 supplicii
3065 1864 3214 1917 illinc
3246 1862 3541 1932 sumpserit
3575 1859 3859 1915 exordium
3882 1899 3894 1922 ,
3925 1873 4043 1913 sum

774 1954 1049 2007 decimum
1075 1951 1200 2005 libri
1225 1949 1405 2019 quarti
1448 1948 1829 2002 llmretirarum
1862 1947 2188 2018 fabularum,
2214 1948 2356 2002 invi-

780 2052 943 2112 toque
971 2041 1319 2095 Theodoreto
1354 2048 1627 2102 assulum,
1662 2039 1864 2093 invicte
1898 2038 2191 2093 conﬁcitur
2214 2037 2283 2101 ⁸⁸,
2311 2039 2355 2093 si

778 2135 1135 2187 conferantur
1167 2132 1311 2186 inter
1336 2145 1415 2196 se,
1451 2140 1567 2185 tum
1590 2146 1711 2199 quae
1750 2130 2133 2186 Theodoretus
2167 2130 2220 2184 in
2248 2146 2358 2185 uno

777 2227 1081 2294 eodemque
1107 2238 1273 2294 opere
1310 2224 1692 2278 Hmreticarum
1713 2222 2014 2292 fabularum
2039 2223 2223 2287 habet,
2244 2232 2358 2278 tum

778 2335 899 2387 quae
939 2318 1007 2371 de
1050 2316 1305 2371 Nestorio
1331 2315 1715 2386 episcopisque
1756 2316 1877 2384 ejus
1924 2314 2358 2379 damnatoribus,

779 2412 896 2480 ipse
929 2421 983 2465 et
1014 2407 1315 2462 assumenti
1352 2415 1546 2461 auctor
1572 2405 1844 2460 scribunt.

853 2498 962 2554 VII.
997 2498 1455 2553 Thcodoretusin
1476 2495 1795 2567 praefatione
1816 2496 2084 2551 librorum
2117 2499 2362 2568 quinque

780 2593 1167 2647 llwreticarum
1193 2589 1497 2659 fabularum
1533 2588 1853 2658 pollicetur,
1886 2604 1944 2643 se
1978 2588 2244 2644 adversus
2269 2606 2365 2645 eos

781 2686 1191 2755 disputaturum
1228 2683 1284 2736 in
1319 2681 1463 2736 libro
1481 2680 1952 2751 quinto,quorum
1990 2680 2042 2735 in
2066 2682 2187 2736 aliis
2209 2697 2366 2737 erro-

784 2792 875 2831 res
912 2775 1273 2845 exposuisset.
1332 2773 1511 2839 Quare
1555 2773 1810 2827 hortatur
1866 2772 2071 2827 ibidcm
2120 2790 2237 2837 eos,
2269 2774 2364 2844 qui

784 2870 979 2925 lecturi
1022 2876 1171 2930 sunt,
1209 2884 1227 2916 ι
1267 2873 1329 2919 ιιι
1380 2864 1765 2919 haereticorum
1792 2863 2122 2934 'dogmatum
2170 2880 2369 2918 unum—

782 2963 1039 3031 quodque
1078 2975 1203 3013 cum
1235 2957 1489 3013 veritatis
1541 2957 1791 3011 doctrina
1833 2965 2170 3026 comparent,
2211 2958 2369 3029 cujus

784 3054 863 3108 rei
902 3052 1074 3123 gratia
1112 3049 1342 3120 quintus
1397 3048 1538 3102 liber
1587 3046 1934 3116 conscriptus
1978 3045 2092 3100 sit:
2149 3046 2369 3102 visuros

784 3146 989 3215 quippe
1011 3144 1153 3197 hanc
1178 3140 1352 3195 divini
1391 3140 1632 3209 Spiritus
1667 3139 1886 3193 oracula
1916 3139 2093 3208 sequi,
2123 3138 2215 3193 illa
2236 3154 2367 3194 vero

787 3198 967 3306 prava:
985 3231 1335 3303 cogitationis
1354 3198 1571 3284 inventa
1589 3244 1729 3283 esse.
1743 3247 1761 3279 ι
1781 3228 1942 3297 Atqui
1961 3198 2122 3292 lib.v,
2137 3244 2256 3299 cap.
2276 3230 2365 3294 Η,
2395 3198 2437 3255 C

785 3328 929 3397 quod
947 3336 1031 3381 est
1046 3326 1182 3396 Περί¹
1199 3324 1298 3392 τῆς
1316 3321 1408 3375 τοῦ
1437 3322 1687 3391 Σωτῆρος
1718 3321 2160 3391 (οἰκονομίας,οι8ἰ
2183 3337 2371 3376 recen-

786 3430 903 3474 seat
921 3418 1301 3473 hiereticorum
1328 3414 1571 3477 nomina,
1589 3428 1823 3482 quorum
1842 3420 2001 3466 antea
2018 3413 2280 3467 retulerat
2303 3413 2371 3469 de

790 3510 1186 3567 incarnationis
1204 3507 1467 3578 mysterio
1499 3519 1716 3559 errores
1748 3521 1763 3557 :
1798 3504 2032 3573 appellat
2056 3504 2205 3557 enim
2236 3503 2372 3557 Cer-

790 3605 1011 3666 donem,
1056 3601 1407 3663 Marcionem,
1455 3596 1759 3659 Manetem,
1794 3594 2118 3649 Cerinthum
2144 3634 2158 3657 ,
2204 3594 2372 3648 Ebio-

790 3711 970 3759 meos,
1008 3691 1440 3753 Theodotianos,
1480 3686 1940 3749 Artemonianos,
1991 3686 2369 3748 Photinianos,

791 3788 1004 3850 Arium,
1063 3784 1417 3845 Eunomium,
1477 3789 1533 3834 et
1592 3779 2026 3849 Apollinarium;
2082 3792 2151 3830 ne
2203 3776 2374 3831 verbo

792 3878 1017 3949 quidem
1076 3874 1386 3929 Nestorium
1438 3878 1534 3924 aut
1597 3877 1896 3929 memorat,
1949 3876 2043 3920 aut
2100 3864 2371 3935 indigitat.

796 3970 1071 4024 Debuerat
1098 3976 1304 4027 tamen,
1354 3962 1401 4017 si
1434 3961 1591 4033 prius
1617 3960 1763 4013 inter
1800 3959 2093 4013 hmreticos
2120 3956 2370 4011 censuis-

794 4070 898 4117 SN.

869 4173 1002 4227 vni.
1038 4170 1269 4233 Deinde,
1306 4165 1572 4221 credibile
1625 4178 1735 4217 non
1793 4170 1896 4226 est,
1941 4146 2372 4225 Theodoretum,

794 4267 890 4337 qui
923 4278 1077 4319 suam
1115 4258 1399 4330 magniﬁce
1428 4254 1797 4326 deprtcdicare
1820 4253 2017 4307 solitus
2042 4261 2127 4306 est
2158 4252 2214 4305 in
2246 4268 2376 4321 pro-

796 4358 980 4428 posito
1029 4352 1268 4408 tenendo
1322 4347 1710 4432 constantiam,
1775 4344 1979 4414 quique
2041 4342 2380 4397 conﬁdenter

798 4454 982 4516 negat.
1030 4459 1088 4498 se
1125 4441 1361 4496 similem
1386 4430 1601 4509 polypis
1644 4432 2257 4501 chamelaeontibusque,
2311 4430 2379 4485 ad

2459 1959 2633 2028 ipsius
2658 1957 2911 2012 amentiae
2940 1955 3115 2008 factus
3146 1953 3468 2007 ludibrium.
3502 1971 3519 2002 ι
3559 1951 3692 2018 Quis
3716 1950 3833 2005 hiec
3870 1950 4043 2003 unius

2459 2050 2701 2105 hominis
2729 2049 2897 2102 verba
2933 2062 3054 2101 esse
3088 2044 3296 2122 credat,
3339 2045 3468 2098 licet
3510 2042 3739 2097 diversis
3776 2041 4047 2110 tempori-

2460 2142 2610 2198 bus?
2639 2142 2773 2207 Quis
2799 2141 2950 2194 illius
2975 2139 3184 2201 credat,
3227 2137 3322 2207 qui
3353 2152 3423 2191 ne
3461 2135 3516 2189 in
3542 2134 3776 2189 concilio
3812 2133 4044 2203 quidem

2458 2233 2916 2296 Chalcedonensi,
2954 2230 3308 2301 quantumvis
3336 2237 3567 2298 utraque
3607 2234 3849 2297 potestas
3873 2239 4010 2295 urge
4041 2259 4047 2267 -

2462 2336 2566 2392 ret,
2629 2327 2945 2382 Nestorium
2993 2332 3206 2393 sponte,
3263 2320 3361 2376 sed
3415 2321 3467 2374 vi
3527 2327 3740 2374 tantum
3795 2326 4044 2380 coactus,

2462 2418 2807 2476 damnaverit
2836 2418 2859 2471 ?

2534 2513 2717 2580 Quid?
2765 2510 2911 2582 quod
2965 2509 3314 2563 damnatores
3361 2504 3622 2568 Nestorii,
3667 2517 3806 2573 quos
3831 2502 4044 2573 episto-

2464 2606 2532 2661 la:
2562 2604 2609 2636 ⁸³
2639 2612 2832 2658 auctor
2860 2609 3079 2657 sanctos
3092 2607 3273 2663 vocat,
3301 2605 3355 2650 et
3381 2596 3570 2650 divino
3598 2592 3808 2663 Spiritu
3834 2592 4049 2645 adlatos

2467 2699 2625 2762 dicit,
2662 2695 3048 2751 Theodoretus
3074 2690 3121 2723 “
3159 2690 3397 2760 appellat
3436 2707 3452 2739 ι
3492 2685 3877 2741 interfectores
3905 2683 4049 2738 socii

2466 2780 2724 2861 pastoris,
2752 2796 3106 2856 corruptores
3134 2783 3307 2836 vineae
3352 2780 3456 2835 sibi
3493 2778 3736 2841 credita),
3784 2775 4050 2845 inquina—

2470 2891 2616 2937 tores
2641 2879 2911 2955 portionis
2949 2876 3263 2938 Dominicae,
3290 2872 3628 2927 desolatores
3661 2869 3775 2939 agri
3815 2866 4047 2930 Christi,

2469 2974 2613 3028 ﬁlios
2644 2980 2941 3041 apostatas,
2982 2982 3219 3038 quorum
3266 2979 3462 3019 manus
3488 2962 3712 3033 pollutae
3758 2959 4048 3029 sanguine,

2468 3082 2533 3121 os
2578 3064 2903 3120 meditatum
2948 3060 3333 3130 iniquitatem,
3382 3055 3565 3125 lingua
3608 3052 3931 3123 injustitiam
3976 3051 4055 3104 lo-

2470 3164 2627 3222 cuta;
2669 3175 2685 3207 »
2716 3163 2773 3209 et
2800 3153 2907 3208 alio
2941 3152 2995 3205 in
3024 3152 3177 3217 loco,
3216 3170 3233 3200 ι
3265 3147 3463 3203 surdos
3510 3154 3565 3200 et
3611 3158 3782 3199 caecos
3830 3150 4059 3212 sponta-

2472 3262 2630 3311 neos,
2662 3253 2845 3299 mente
2885 3250 3091 3312 captos,
3126 3236 3546 3308 Apollinarianee
3583 3232 3881 3303 impietatis
3913 3247 4058 3301 pra:-

2477 3352 2665 3401 cones,
2686 3335 2905 3390 invidia:
2944 3331 3237 3400 mancipia,
3267 3328 3361 3397 qui
3394 3324 3615 3380 veritati
3652 3322 3902 3393 proprias
3928 3336 4055 3390 pas-

2476 3430 2661 3483 siones
2716 3424 3031 3496 praeferant,
3078 3420 3283 3491 quique
3327 3424 3551 3488 propter
3592 3415 3862 3468 humanas
3887 3412 4060 3466 alter-

2474 3519 2718 3574 cationes
2749 3517 2861 3571 Deo
2895 3513 3148 3584 praelium
3190 3508 3391 3564 inlerre
3425 3507 3541 3562 ausi
3577 3506 3706 3569 sint,
3741 3515 3848 3559 etc.
3891 3523 3909 3555 ι
3952 3504 4062 3558 lte-

2475 3628 2599 3666 rum
2638 3611 2783 3672 dico,
2813 3608 2936 3678 quis
2967 3604 3158 3661 credat
3186 3603 3304 3657 hac
3352 3600 3420 3655 ab
3465 3614 3577 3653 uno
3616 3598 3921 3665 eodemque
3950 3596 4059 3650 bo--

2475 3706 2645 3768 mine,
2696 3692 2752 3757 et
2789 3698 3012 3771 quidem
3047 3704 3264 3751 amante
3310 3693 3509 3749 famam
3536 3689 3885 3751 constantize,
3907 3687 4059 3743 dicta

2475 3813 2618 3860 esse,
2670 3810 2773 3848 nec
2821 3791 3121 3846 indicatum
3155 3788 3268 3841 ullo
3296 3785 3501 3846 verbo,
3547 3797 3669 3851 quae
3716 3787 3865 3834 tanta
3890 3795 4061 3834 causa

2477 3887 2645 3941 fuerit
2677 3889 2897 3938 mutatae
2926 3890 3075 3934 tanta
3103 3878 3156 3931 in
3186 3891 3245 3930 re
3271 3872 3602 3929 sententiae?

2547 3978 2614 4032 Χ.
2652 3977 2855 4031 Verum
2920 3971 3103 4025 adhuc
3151 3968 3393 4040 pressius
3444 3973 3721 4039 auctorem
3755 3962 4061 4017 assumenti

2478 4081 2535 4125 et
2581 4067 2993 4123 Theodoretum
3030 4063 3209 4133 ipsum
3256 4071 3667 4127 componamus.
3731 4053 4060 4115 Aitauctor,

2480 4173 2538 4212 se
2572 4154 2808 4218 nescire,
2845 4149 3152 4222 cuiusmodi
3188 4147 3386 4201 studiis
3432 4144 3503 4198 sit
3536 4142 3838 4197 innutritus
3860 4141 4063 4195 Nesto-

2481 4248 2619 4302 rius.
2674 4244 2894 4300 Sciebat
2937 4241 3108 4311 probe
3151 4236 3557 4303 Theodoretus,
3612 4230 3887 4287 Theodori
3944 4231 4063 4285 Mo-

2480 4334 2761 4408 psuesteni
2813 4331 3013 4388 studiis
3053 4328 3382 4383 innutritum
3417 4343 3429 4377 :
3460 4322 3565 4377 fuit
3590 4321 3736 4376 enim
3784 4318 4064 4374 condiscio

2482 4427 2646 4497 pulus
2685 4421 2911 4479 Joannis
2968 4417 3337 4480 Antiocheni,
3381 4414 3624 4469 Joannes
3672 4409 3910 4465 Nestorii
3961 4408 4067 4462 sub

798 4543 814 4559 '
847 4513 1096 4607 singula,
1142 4533 1343 4602 quibus
1397 4528 1780 4583 adhazrescunt
1823 4541 2085 4595 corpora,
2145 4523 2376 4578 formam
2414 4532 2453 4584 ο
2484 4516 2777 4573 Theodoro
2804 4513 3085 4584 magistro.

797 4625 1315 4690 commutantibus;
1349 4622 1444 4692 qui
1474 4619 1790 4675 Nestorium
1822 4616 2104 4671 immensis
2127 4615 2383 4669 laudibus

797 4722 1095 4782 extulerat,
1135 4725 1191 4771 ct
1234 4716 1302 4769 iis
1351 4712 1575 4782 quidem
1617 4708 1875 4780 publicis,
1918 4723 1981 4761 ac
2015 4715 2131 4760 toto
2164 4705 2386 4761 Oriente

805 4810 863 4862 in
928 4815 1123 4860 testem
1182 4802 1490 4872 appellato,
1555 4799 1609 4852 in
1660 4797 1913 4851 eumdem
1961 4805 2150 4866 postea
2196 4792 2390 4849 etl‘reni

798 4900 1022 4954 licentia
1050 4895 1446 4951 debacchatum
1473 4907 1616 4955 esse,
1644 4890 1793 4944 nulla
1824 4887 1980 4959 prius
2007 4886 2380 4942 admonitione

800 4991 1108 5064 praemissa,
1144 5004 1252 5057 qua
1286 5002 1476 5042 causas
1508 4990 1859 5039 commutata:
1896 4980 2183 5036 sentcntiae
2210 4979 2379 5033 lecto-

802 5086 978 5145 ribus,
1005 5079 1431 5137 inconstantiam
1455 5075 1785 5147 objecturis,
1822 5072 2097 5126 redderet.

869 5176 961 5232 1X.
987 5174 1301 5229 Nestorium
1338 5178 1486 5225 certe
1530 5183 1641 5221 non
1675 5167 1842 5221 semel
1890 5174 2047 5220 antea
2092 5170 2385 5217 vocaverat

809 5290 826 5321 ι
864 5264 1273 5339 pientissimum
1312 5270 1371 5317 et
1398 5259 1768 5316 venerabilem
1820 5256 2159 5327 episcopum,
2201 5254 2382 5306 virum

802 5356 1250 5418 sanctissimum,
1304 5366 1690 5419 summumque
1740 5350 1833 5404 Dei
1877 5346 2237 5409 sacerdotem,
2292 5344 2386 5414 qui

803 5450 943 5507 nihil
997 5458 1196 5521 praeter
1257 5446 1561 5501 doctrinam
1614 5443 1780 5515 408
1832 5455 2019 5494 sanam
2082 5436 2299 5493 noverit
2334 5444 2391 5490 et

2552 4607 2644 4661 Ait
2695 4614 2908 4669 auctor,
2961 4602 3274 4657 Nestorium
3308 4598 3469 4653 aliam
3523 4611 3589 4650 ex
3630 4594 3735 4649 alia
3782 4591 4066 4662 regionem

2486 4707 2874 4757 commutasse,
2930 4692 3262 4761 tandemque
3312 4689 3365 4743 in
3413 4701 3663 4757 magnam
3715 4681 4068 4738 Antiochiam

2490 4790 2781 4860 irrupisse.
2836 4786 3217 4841 Theodoretus
3264 4788 3496 4836 noverat
3532 4777 3733 4832 vixisse
3778 4774 3832 4829 in
3885 4774 4071 4829 Laura

2491 4883 2666 4939 sancti
2713 4879 2973 4951 Euprepii
3022 4893 3193 4948 prope
3248 4873 3618 4935 Antiochiam,
3656 4870 3767 4923 imo
3793 4869 4073 4923 etAntio-

2490 4974 2628 5028 chiaa
2661 4972 3017 5041 baptizatum,
3043 4984 3167 5023 cum
3203 4965 3383 5020 adhuc
3414 4972 3561 5018 esset
3593 4977 3750 5032 puer.

2491 5054 2499 5062 ’
2562 5066 2652 5118 Ait
2706 5072 2933 5125 auctor,
2980 5059 3287 5114 ostendisse
3332 5053 3648 5110 Nestorium
3698 5052 3754 5105 in
3796 5050 4071 5111 exordio,

2493 5155 2672 5224 qualis
2708 5162 2821 5207 tota
2856 5152 2968 5206 vita
2988 5159 3133 5205 esset
3180 5148 3419 5202 futurus.
3472 5143 3629 5198 Hunc
3687 5140 4077 5196 Theodoretus

2494 5250 2697 5318 ubique
2722 5245 2923 5317 passim
2950 5241 3378 5301 sanctissimum,
3410 5246 3465 5292 et
3503 5237 3674 5306 ipsam
3710 5248 3850 5305 pene
3900 5233 4077 5302 pieta-

2494 5350 2603 5395 tem
2630 5345 2808 5394 VOCﬂL

2562 5430 2703 5497 Quid
2739 5430 2916 5499 plura,
2942 5426 3255 5481 Nestorium
3277 5431 3471 5478 auctor
3493 5418 3815 5476 nominatim
3852 5425 3910 5472 et
3940 5430 4077 5469 con-

2149 5589 2323 5647 SCilU
2333 5589 2464 5645 LZII
2497 5584 2727 5642 ΝυΤᾹΞ.

873 5726 917 5757 ⁷³
948 5721 1081 5776 Vide
1139 5720 1306 5774 verba
1348 5718 1471 5780 ista,
1510 5726 1551 5770 t.
1585 5716 1674 5777 ιν,
1708 5730 1761 5783 p.
1816 5712 1983 5783 1012.7
2079 5707 2322 5783 '°_lbid.,
2360 5702 2652 5783 p._1945._
2772 5697 2912 5783 Ibid.
2954 5695 3154 5783 “falae
3195 5679 3928 5783 haglGarne‘i-‘ii-hvpoﬂif‘si
3956 5675 4082 5783 vitia

805 5747 1081 5865 supras":
1106 5747 2099 5859 Ιὖῗιὲδὸξέῗλδῖὶιίέιὲισ..ὃῖιῖίίηιιε
2131 5747 2740 5845 Ιῗῖἀιὶίι
2767 5747 3031 5837 ξῖιῖιίρὶιίδ
3063 5747 3149 5819 1—2.
3195 5763 3240 5796 ⁵³
3271 5759 3636 5816 Τὴεοάονριηε.
3668 5747 3930 5809 ῧυὰἰηιις
3960 5747 4000 5802 1.
4028 5760 4080 5801 c.

808 5867 961 5924 addit
1002 5878 1170 5917 rents.
