  <div class='ocr_page' id='page_1' title='image "/cluster/home/n/w/nwhite01/storage/ocr_20150623/84/nnc1.0114605970/188.png"; bbox 0 0 4228 6446; ppageno 0'>
   <div class='ocr_carea' id='block_1_1' title="bbox 214 363 314 428">
    <p class='ocr_par' dir='ltr' id='par_1_1' title="bbox 214 363 314 428">
     <span class='ocr_line' id='line_1_1' title="bbox 214 363 314 428; baseline 0.02 -2"><span class='ocrx_word' id='word_1_1' title='bbox 214 363 314 428; x_wconf 78' lang='lat'><strong>357</strong></span> 
     </span>
    </p>
   </div>
   <div class='ocr_carea' id='block_1_2' title="bbox 1383 357 2293 424">
    <p class='ocr_par' dir='ltr' id='par_1_2' title="bbox 1383 357 2293 424">
     <span class='ocr_line' id='line_1_2' title="bbox 1383 357 2293 424; baseline 0.005 -5"><span class='ocrx_word' id='word_1_2' title='bbox 1383 358 1478 420; x_wconf 81' lang='lat' dir='ltr'><strong>DE</strong></span> <span class='ocrx_word' id='word_1_3' title='bbox 1518 359 1771 420; x_wconf 74' lang='lat' dir='ltr'><strong>LIBRIS</strong></span> <span class='ocrx_word' id='word_1_4' title='bbox 1810 357 2259 424; x_wconf 74' lang='lat' dir='ltr'><strong>TIIECDORET</strong></span> <span class='ocrx_word' id='word_1_5' title='bbox 2270 362 2293 423; x_wconf 83' lang='lat' dir='ltr'>I</span> 
     </span>
    </p>
   </div>
   <div class='ocr_carea' id='block_1_3' title="bbox 3354 377 3459 441">
    <p class='ocr_par' dir='ltr' id='par_1_3' title="bbox 3354 377 3459 441">
     <span class='ocr_line' id='line_1_3' title="bbox 3354 377 3459 441; baseline 0.029 -3"><span class='ocrx_word' id='word_1_6' title='bbox 3354 377 3459 441; x_wconf 76' lang='lat'><strong>358</strong></span> 
     </span>
    </p>
   </div>
   <div class='ocr_carea' id='block_1_4' title="bbox 215 473 3453 554">
    <p class='ocr_par' dir='ltr' id='par_1_4' title="bbox 215 473 3453 554">
     <span class='ocr_line' id='line_1_4' title="bbox 215 473 3453 554; baseline 0.003 -24"><span class='ocrx_word' id='word_1_7' title='bbox 215 476 465 543; x_wconf 88' lang='lat' dir='ltr'><strong>temptim</strong></span> <span class='ocrx_word' id='word_1_8' title='bbox 521 474 799 544; x_wconf 78' lang='lat' dir='ltr'><strong>appellat;</strong></span> <span class='ocrx_word' id='word_1_9' title='bbox 848 473 1009 545; x_wconf 55' lang='lat'><strong>[.09</strong></span> <span class='ocrx_word' id='word_1_10' title='bbox 1052 488 1321 542; x_wconf 78' lang='lat' dir='ltr'><strong>nusquam</strong></span> <span class='ocrx_word' id='word_1_11' title='bbox 1370 474 1502 537; x_wconf 74' lang='lat' dir='ltr'><strong>fere,</strong></span> <span class='ocrx_word' id='word_1_12' title='bbox 1538 483 1629 527; x_wconf 83' lang='lat' dir='ltr'><strong>aut</strong></span> <span class='ocrx_word' id='word_1_13' title='bbox 1656 489 1792 527; x_wconf 86' lang='lat' dir='ltr'><strong>non-</strong></span> <span class='ocrx_word' id='word_1_14' title='bbox 1822 476 1865 533; x_wconf 79' lang='grc' dir='ltr'><strong>Δ</strong></span> <span class='ocrx_word' id='word_1_15' title='bbox 1956 473 2068 529; x_wconf 77' lang='lat' dir='ltr'><strong>XV.</strong></span> <span class='ocrx_word' id='word_1_16' title='bbox 2102 476 2329 539; x_wconf 84' lang='lat' dir='ltr'><strong>Deinde,</strong></span> <span class='ocrx_word' id='word_1_17' title='bbox 2362 482 2575 533; x_wconf 64' lang='lat' dir='ltr'><strong>tameti</strong></span> <span class='ocrx_word' id='word_1_18' title='bbox 2622 480 2934 543; x_wconf 78' lang='lat' dir='ltr'><strong>Historiam,</strong></span> <span class='ocrx_word' id='word_1_19' title='bbox 2972 498 3078 551; x_wconf 83' lang='lat' dir='ltr'><strong>qua</strong></span> <span class='ocrx_word' id='word_1_20' title='bbox 3118 484 3185 538; x_wconf 78' lang='lat' dir='ltr'><strong>de</strong></span> <span class='ocrx_word' id='word_1_21' title='bbox 3223 487 3453 554; x_wconf 80' lang='lat' dir='ltr'><strong>agimus,</strong></span> 
     </span>
    </p>
   </div>
   <div class='ocr_carea' id='block_1_5' title="bbox 214 565 1786 634">
    <p class='ocr_par' dir='ltr' id='par_1_5' title="bbox 214 565 1786 634">
     <span class='ocr_line' id='line_1_5' title="bbox 214 565 1786 634; baseline 0.003 -18"><span class='ocrx_word' id='word_1_22' title='bbox 214 565 315 617; x_wconf 86' lang='lat' dir='ltr'><strong>nisi</strong></span> <span class='ocrx_word' id='word_1_23' title='bbox 336 566 643 619; x_wconf 79' lang='lat' dir='ltr'><strong>honoriﬁce</strong></span> <span class='ocrx_word' id='word_1_24' title='bbox 662 566 1055 619; x_wconf 86' lang='lat' dir='ltr'><strong>Thcodoretus.</strong></span> <span class='ocrx_word' id='word_1_25' title='bbox 1079 565 1146 619; x_wconf 86' lang='lat' dir='ltr'><strong>Et</strong></span> <span class='ocrx_word' id='word_1_26' title='bbox 1173 580 1305 618; x_wconf 85' lang='lat' dir='ltr'><strong>vero</strong></span> <span class='ocrx_word' id='word_1_27' title='bbox 1320 565 1364 595; x_wconf 80' lang='grc'><strong>⁸⁵</strong></span> <span class='ocrx_word' id='word_1_28' title='bbox 1392 566 1567 634; x_wconf 86' lang='lat' dir='ltr'><strong>capite</strong></span> <span class='ocrx_word' id='word_1_29' title='bbox 1590 566 1643 617; x_wconf 83' lang='lat' dir='ltr'><strong>ll</strong></span> <span class='ocrx_word' id='word_1_30' title='bbox 1662 566 1786 620; x_wconf 90' lang='lat' dir='ltr'><strong>libri</strong></span> 
     </span>
    </p>
   </div>
   <div class='ocr_carea' id='block_1_6' title="bbox 213 655 1792 723">
    <p class='ocr_par' dir='ltr' id='par_1_6' title="bbox 213 655 1792 723">
     <span class='ocr_line' id='line_1_6' title="bbox 213 655 1792 723; baseline 0.002 -16"><span class='ocrx_word' id='word_1_31' title='bbox 213 655 391 723; x_wconf 92' lang='lat' dir='ltr'><strong>quinti</strong></span> <span class='ocrx_word' id='word_1_32' title='bbox 424 670 554 709; x_wconf 88' lang='lat' dir='ltr'><strong>cum</strong></span> <span class='ocrx_word' id='word_1_33' title='bbox 588 664 940 709; x_wconf 83' lang='lat' dir='ltr'><strong>enumeraret</strong></span> <span class='ocrx_word' id='word_1_34' title='bbox 984 656 1219 710; x_wconf 62' lang='lat' dir='ltr'><strong>haereses</strong></span> <span class='ocrx_word' id='word_1_35' title='bbox 1256 655 1519 709; x_wconf 86' lang='lat' dir='ltr'><strong>adversus</strong></span> <span class='ocrx_word' id='word_1_36' title='bbox 1547 658 1792 710; x_wconf 79' lang='lat' dir='ltr'><strong>incarna-</strong></span> 
     </span>
    </p>
   </div>
   <div class='ocr_carea' id='block_1_7' title="bbox 213 743 1791 815">
    <p class='ocr_par' dir='ltr' id='par_1_7' title="bbox 213 743 1791 815">
     <span class='ocr_line' id='line_1_7' title="bbox 213 743 1791 815; baseline 0.001 -17"><span class='ocrx_word' id='word_1_37' title='bbox 213 746 381 811; x_wconf 81' lang='lat' dir='ltr'><strong>tionis</strong></span> <span class='ocrx_word' id='word_1_38' title='bbox 413 743 604 809; x_wconf 84' lang='lat' dir='ltr'><strong>ﬁdem,</strong></span> <span class='ocrx_word' id='word_1_39' title='bbox 637 747 1084 815; x_wconf 86' lang='lat' dir='ltr'><strong>singularumque</strong></span> <span class='ocrx_word' id='word_1_40' title='bbox 1128 758 1380 800; x_wconf 89' lang='lat' dir='ltr'><strong>auctores</strong></span> <span class='ocrx_word' id='word_1_41' title='bbox 1406 756 1464 800; x_wconf 90' lang='lat' dir='ltr'><strong>et</strong></span> <span class='ocrx_word' id='word_1_42' title='bbox 1497 747 1791 801; x_wconf 73' lang='lat' dir='ltr'><strong>acerrimos</strong></span> 
     </span>
    </p>
   </div>
   <div class='ocr_carea' id='block_1_8' title="bbox 213 830 1793 899">
    <p class='ocr_par' dir='ltr' id='par_1_8' title="bbox 213 830 1793 899">
     <span class='ocr_line' id='line_1_8' title="bbox 213 830 1793 899; baseline 0 -10"><span class='ocrx_word' id='word_1_43' title='bbox 213 836 541 891; x_wconf 81' lang='lat' dir='ltr'><strong>defensores</strong></span> <span class='ocrx_word' id='word_1_44' title='bbox 576 846 910 899; x_wconf 87' lang='lat' dir='ltr'><strong>recenseret,</strong></span> <span class='ocrx_word' id='word_1_45' title='bbox 942 838 1146 890; x_wconf 84' lang='lat' dir='ltr'><strong>nullam</strong></span> <span class='ocrx_word' id='word_1_46' title='bbox 1201 836 1330 890; x_wconf 75' lang='lat' dir='ltr'><strong>fecit</strong></span> <span class='ocrx_word' id='word_1_47' title='bbox 1380 830 1611 890; x_wconf 75' lang='lat' dir='ltr'><strong>Nesrorii</strong></span> <span class='ocrx_word' id='word_1_48' title='bbox 1642 851 1793 889; x_wconf 88' lang='lat' dir='ltr'><strong>men-</strong></span> 
     </span>
    </p>
   </div>
   <div class='ocr_carea' id='block_1_9' title="bbox 215 926 1793 998">
    <p class='ocr_par' dir='ltr' id='par_1_9' title="bbox 215 926 1793 998">
     <span class='ocr_line' id='line_1_9' title="bbox 215 926 1793 998; baseline 0.001 -20"><span class='ocrx_word' id='word_1_49' title='bbox 215 928 467 990; x_wconf 79' lang='lat' dir='ltr'><strong>tionem;</strong></span> <span class='ocrx_word' id='word_1_50' title='bbox 523 928 795 982; x_wconf 84' lang='lat' dir='ltr'><strong>debuerat</strong></span> <span class='ocrx_word' id='word_1_51' title='bbox 836 936 1018 982; x_wconf 77' lang='lat' dir='ltr'><strong>tamen</strong></span> <span class='ocrx_word' id='word_1_52' title='bbox 1059 926 1317 993; x_wconf 78' lang='lat' dir='ltr'><strong>maxime,</strong></span> <span class='ocrx_word' id='word_1_53' title='bbox 1364 944 1489 981; x_wconf 88' lang='lat' dir='ltr'><strong>cum</strong></span> <span class='ocrx_word' id='word_1_54' title='bbox 1541 934 1793 998; x_wconf 74' lang='lat' dir='ltr'><strong>ageretur</strong></span> 
     </span>
    </p>
   </div>
   <div class='ocr_carea' id='block_1_10' title="bbox 220 1015 1662 1084">
    <p class='ocr_par' dir='ltr' id='par_1_10' title="bbox 220 1015 1662 1084">
     <span class='ocr_line' id='line_1_10' title="bbox 220 1015 1662 1084; baseline -0.001 -15"><span class='ocrx_word' id='word_1_55' title='bbox 220 1015 286 1069; x_wconf 86' lang='lat' dir='ltr'><strong>de</strong></span> <span class='ocrx_word' id='word_1_56' title='bbox 312 1016 382 1069; x_wconf 90' lang='lat' dir='ltr'><strong>iis</strong></span> <span class='ocrx_word' id='word_1_57' title='bbox 414 1016 513 1084; x_wconf 87' lang='lat' dir='ltr'><strong>qui</strong></span> <span class='ocrx_word' id='word_1_58' title='bbox 538 1015 819 1070; x_wconf 86' lang='lat' dir='ltr'><strong>Christum</strong></span> <span class='ocrx_word' id='word_1_59' title='bbox 847 1032 1048 1084; x_wconf 90' lang='lat' dir='ltr'><strong>purum</strong></span> <span class='ocrx_word' id='word_1_60' title='bbox 1073 1016 1351 1070; x_wconf 83' lang='lat' dir='ltr'><strong>hominem</strong></span> <span class='ocrx_word' id='word_1_61' title='bbox 1386 1017 1662 1071; x_wconf 80' lang='lat' dir='ltr'><strong>dixerunt.</strong></span> 
     </span>
    </p>
   </div>
   <div class='ocr_carea' id='block_1_11' title="bbox 284 1102 1795 1173">
    <p class='ocr_par' dir='ltr' id='par_1_11' title="bbox 284 1102 1795 1173">
     <span class='ocr_line' id='line_1_11' title="bbox 284 1102 1795 1173; baseline 0.003 -18"><span class='ocrx_word' id='word_1_62' title='bbox 284 1102 377 1155; x_wconf 78' lang='lat' dir='ltr'><strong>XI.</strong></span> <span class='ocrx_word' id='word_1_63' title='bbox 411 1104 581 1172; x_wconf 84' lang='lat' dir='ltr'><strong>Atqui</strong></span> <span class='ocrx_word' id='word_1_64' title='bbox 610 1104 811 1158; x_wconf 79' lang='lat' dir='ltr'><strong>dixerit</strong></span> <span class='ocrx_word' id='word_1_65' title='bbox 842 1105 1115 1173; x_wconf 87' lang='lat' dir='ltr'><strong>quispiam</strong></span> <span class='ocrx_word' id='word_1_66' title='bbox 1144 1122 1157 1158; x_wconf 89' lang='lat'><strong>:</strong></span> <span class='ocrx_word' id='word_1_67' title='bbox 1196 1106 1426 1160; x_wconf 87' lang='lat' dir='ltr'><strong>Photius</strong></span> <span class='ocrx_word' id='word_1_68' title='bbox 1458 1115 1514 1160; x_wconf 90' lang='lat' dir='ltr'><strong>et</strong></span> <span class='ocrx_word' id='word_1_69' title='bbox 1545 1104 1795 1160; x_wconf 86' lang='lat' dir='ltr'><strong>Theodo-</strong></span> 
     </span>
    </p>
   </div>
   <div class='ocr_carea' id='block_1_12' title="bbox 215 1192 1792 1263">
    <p class='ocr_par' dir='ltr' id='par_1_12' title="bbox 215 1192 1792 1263">
     <span class='ocr_line' id='line_1_12' title="bbox 215 1192 1792 1263; baseline 0.002 -19"><span class='ocrx_word' id='word_1_70' title='bbox 215 1207 308 1245; x_wconf 89' lang='lat' dir='ltr'><strong>rus</strong></span> <span class='ocrx_word' id='word_1_71' title='bbox 338 1192 554 1255; x_wconf 79' lang='lat' dir='ltr'><strong>Abbas,</strong></span> <span class='ocrx_word' id='word_1_72' title='bbox 585 1203 841 1248; x_wconf 85' lang='lat' dir='ltr'><strong>auctores</strong></span> <span class='ocrx_word' id='word_1_73' title='bbox 869 1193 1060 1262; x_wconf 83' lang='lat' dir='ltr'><strong>procul</strong></span> <span class='ocrx_word' id='word_1_74' title='bbox 1095 1194 1265 1247; x_wconf 91' lang='lat' dir='ltr'><strong>dubio</strong></span> <span class='ocrx_word' id='word_1_75' title='bbox 1299 1209 1492 1263; x_wconf 76' lang='lat' dir='ltr'><strong>graves</strong></span> <span class='ocrx_word' id='word_1_76' title='bbox 1544 1203 1599 1247; x_wconf 87' lang='lat' dir='ltr'><strong>et</strong></span> <span class='ocrx_word' id='word_1_77' title='bbox 1649 1193 1792 1247; x_wconf 90' lang='lat' dir='ltr'><strong>anti-</strong></span> 
     </span>
    </p>
   </div>
   <div class='ocr_carea' id='block_1_13' title="bbox 214 1278 1793 1352">
    <p class='ocr_par' dir='ltr' id='par_1_13' title="bbox 214 1278 1793 1352">
     <span class='ocr_line' id='line_1_13' title="bbox 214 1278 1793 1352; baseline 0.001 -17"><span class='ocrx_word' id='word_1_78' title='bbox 214 1282 329 1349; x_wconf 89' lang='lat' dir='ltr'><strong>qui.</strong></span> <span class='ocrx_word' id='word_1_79' title='bbox 384 1291 558 1351; x_wconf 82' lang='lat' dir='ltr'><strong>caput</strong></span> <span class='ocrx_word' id='word_1_80' title='bbox 613 1278 999 1337; x_wconf 83' lang='lat' dir='ltr'><strong>duodecimum</strong></span> <span class='ocrx_word' id='word_1_81' title='bbox 1036 1284 1161 1337; x_wconf 91' lang='lat' dir='ltr'><strong>libri</strong></span> <span class='ocrx_word' id='word_1_82' title='bbox 1197 1285 1374 1352; x_wconf 84' lang='lat' dir='ltr'><strong>quarti</strong></span> <span class='ocrx_word' id='word_1_83' title='bbox 1412 1284 1793 1338; x_wconf 76' lang='lat' dir='ltr'><strong>ereticarum</strong></span> 
     </span>
    </p>
   </div>
   <div class='ocr_carea' id='block_1_14' title="bbox 216 1371 1793 1442">
    <p class='ocr_par' dir='ltr' id='par_1_14' title="bbox 216 1371 1793 1442">
     <span class='ocr_line' id='line_1_14' title="bbox 216 1371 1793 1442; baseline 0.002 -19"><span class='ocrx_word' id='word_1_84' title='bbox 216 1371 553 1439; x_wconf 77' lang='lat' dir='ltr'><strong>fabularum,</strong></span> <span class='ocrx_word' id='word_1_85' title='bbox 570 1373 715 1441; x_wconf 91' lang='lat' dir='ltr'><strong>quod</strong></span> <span class='ocrx_word' id='word_1_86' title='bbox 743 1373 811 1426; x_wconf 92' lang='lat' dir='ltr'><strong>ab</strong></span> <span class='ocrx_word' id='word_1_87' title='bbox 833 1374 1064 1442; x_wconf 91' lang='lat' dir='ltr'><strong>epistola</strong></span> <span class='ocrx_word' id='word_1_88' title='bbox 1091 1388 1201 1427; x_wconf 89' lang='lat' dir='ltr'><strong>non</strong></span> <span class='ocrx_word' id='word_1_89' title='bbox 1225 1374 1429 1435; x_wconf 70' lang='lat' dir='ltr'><strong>differt,</strong></span> <span class='ocrx_word' id='word_1_90' title='bbox 1449 1374 1793 1427; x_wconf 88' lang='lat' dir='ltr'><strong>&#39;l‘heodoreto</strong></span> 
     </span>
    </p>
   </div>
   <div class='ocr_carea' id='block_1_15' title="bbox 218 1464 1794 1532">
    <p class='ocr_par' dir='ltr' id='par_1_15' title="bbox 218 1464 1794 1532">
     <span class='ocr_line' id='line_1_15' title="bbox 218 1464 1794 1532; baseline 0.002 -17"><span class='ocrx_word' id='word_1_91' title='bbox 218 1464 512 1526; x_wconf 88' lang='lat' dir='ltr'><strong>tribuunt;</strong></span> <span class='ocrx_word' id='word_1_92' title='bbox 561 1464 695 1532; x_wconf 89' lang='lat' dir='ltr'><strong>quin</strong></span> <span class='ocrx_word' id='word_1_93' title='bbox 741 1465 906 1518; x_wconf 88' lang='lat' dir='ltr'><strong>etiam</strong></span> <span class='ocrx_word' id='word_1_94' title='bbox 960 1464 1224 1518; x_wconf 79' lang='lat' dir='ltr'><strong>Leontius</strong></span> <span class='ocrx_word' id='word_1_95' title='bbox 1292 1472 1348 1518; x_wconf 92' lang='lat' dir='ltr'><strong>et</strong></span> <span class='ocrx_word' id='word_1_96' title='bbox 1416 1465 1794 1519; x_wconf 72' lang='lat' dir='ltr'><strong>&#39;l‘lieodoretus</strong></span> 
     </span>
    </p>
   </div>
   <div class='ocr_carea' id='block_1_16' title="bbox 216 1551 1791 1622">
    <p class='ocr_par' dir='ltr' id='par_1_16' title="bbox 216 1551 1791 1622">
     <span class='ocr_line' id='line_1_16' title="bbox 216 1551 1791 1622; baseline -0.001 -18"><span class='ocrx_word' id='word_1_97' title='bbox 216 1552 343 1605; x_wconf 84' lang='lat' dir='ltr'><strong>inde</strong></span> <span class='ocrx_word' id='word_1_98' title='bbox 373 1551 579 1622; x_wconf 86' lang='lat' dir='ltr'><strong>jubent</strong></span> <span class='ocrx_word' id='word_1_99' title='bbox 625 1553 868 1622; x_wconf 81' lang='lat' dir='ltr'><strong>agnosci.</strong></span> <span class='ocrx_word' id='word_1_100' title='bbox 913 1563 1178 1622; x_wconf 85' lang='lat' dir='ltr'><strong>quantum</strong></span> <span class='ocrx_word' id='word_1_101' title='bbox 1204 1568 1402 1607; x_wconf 74' lang='lat' dir='ltr'><strong>exosus</strong></span> <span class='ocrx_word' id='word_1_102' title='bbox 1435 1564 1581 1607; x_wconf 78' lang='lat' dir='ltr'><strong>eSsct</strong></span> <span class='ocrx_word' id='word_1_103' title='bbox 1612 1554 1791 1607; x_wconf 81' lang='lat' dir='ltr'><strong>Theo-</strong></span> 
     </span>
    </p>
   </div>
   <div class='ocr_carea' id='block_1_17' title="bbox 217 1644 1793 1714">
    <p class='ocr_par' dir='ltr' id='par_1_17' title="bbox 217 1644 1793 1714">
     <span class='ocr_line' id='line_1_17' title="bbox 217 1644 1793 1714; baseline -0.001 -16"><span class='ocrx_word' id='word_1_104' title='bbox 217 1644 411 1699; x_wconf 87' lang='lat' dir='ltr'><strong>doreto</strong></span> <span class='ocrx_word' id='word_1_105' title='bbox 432 1645 725 1700; x_wconf 82' lang='lat' dir='ltr'><strong>Nestorius</strong></span> <span class='ocrx_word' id='word_1_106' title='bbox 757 1663 768 1697; x_wconf 94' lang='lat'>:</span> <span class='ocrx_word' id='word_1_107' title='bbox 795 1645 934 1699; x_wconf 87' lang='lat' dir='ltr'><strong>adde</strong></span> <span class='ocrx_word' id='word_1_108' title='bbox 966 1644 1113 1713; x_wconf 85' lang='lat' dir='ltr'><strong>quod</strong></span> <span class='ocrx_word' id='word_1_109' title='bbox 1143 1645 1464 1714; x_wconf 86' lang='lat' dir='ltr'><strong>jubentibus</strong></span> <span class='ocrx_word' id='word_1_110' title='bbox 1493 1653 1793 1713; x_wconf 80' lang='lat' dir='ltr'><strong>paruerunt</strong></span> 
     </span>
    </p>
   </div>
   <div class='ocr_carea' id='block_1_18' title="bbox 218 1736 1790 1805">
    <p class='ocr_par' dir='ltr' id='par_1_18' title="bbox 218 1736 1790 1805">
     <span class='ocr_line' id='line_1_18' title="bbox 218 1736 1790 1805; baseline 0 -16"><span class='ocrx_word' id='word_1_111' title='bbox 218 1738 595 1803; x_wconf 85' lang='lat' dir='ltr'><strong>posteriorum</strong></span> <span class='ocrx_word' id='word_1_112' title='bbox 618 1747 927 1805; x_wconf 84' lang='lat' dir='ltr'><strong>temporum</strong></span> <span class='ocrx_word' id='word_1_113' title='bbox 962 1736 1068 1788; x_wconf 78' lang='lat' dir='ltr'><strong>viri</strong></span> <span class='ocrx_word' id='word_1_114' title='bbox 1096 1752 1224 1790; x_wconf 87' lang='lat' dir='ltr'><strong>sane</strong></span> <span class='ocrx_word' id='word_1_115' title='bbox 1252 1736 1627 1799; x_wconf 81' lang='lat' dir='ltr'><strong>eruditissimi,</strong></span> <span class='ocrx_word' id='word_1_116' title='bbox 1656 1752 1790 1805; x_wconf 86' lang='lat' dir='ltr'><strong>quo-</strong></span> 
     </span>
    </p>
   </div>
   <div class='ocr_carea' id='block_1_19' title="bbox 220 1828 1655 1896">
    <p class='ocr_par' dir='ltr' id='par_1_19' title="bbox 220 1828 1655 1896">
     <span class='ocr_line' id='line_1_19' title="bbox 220 1828 1655 1896; baseline 0.002 -17"><span class='ocrx_word' id='word_1_117' title='bbox 220 1843 339 1880; x_wconf 90' lang='lat' dir='ltr'><strong>rum</strong></span> <span class='ocrx_word' id='word_1_118' title='bbox 372 1828 697 1896; x_wconf 86' lang='lat' dir='ltr'><strong>opinionem</strong></span> <span class='ocrx_word' id='word_1_119' title='bbox 724 1828 1032 1883; x_wconf 80' lang='lat' dir='ltr'><strong>convellere</strong></span> <span class='ocrx_word' id='word_1_120' title='bbox 1056 1842 1164 1881; x_wconf 90' lang='lat' dir='ltr'><strong>non</strong></span> <span class='ocrx_word' id='word_1_121' title='bbox 1197 1828 1334 1882; x_wconf 83' lang='lat' dir='ltr'><strong>levis</strong></span> <span class='ocrx_word' id='word_1_122' title='bbox 1351 1836 1435 1883; x_wconf 89' lang='lat' dir='ltr'><strong>est</strong></span> <span class='ocrx_word' id='word_1_123' title='bbox 1457 1843 1655 1896; x_wconf 69' lang='lat' dir='ltr'><strong>Operae.</strong></span> 
     </span>
    </p>
   </div>
   <div class='ocr_carea' id='block_1_20' title="bbox 289 1918 1798 1980">
    <p class='ocr_par' dir='ltr' id='par_1_20' title="bbox 289 1918 1798 1980">
     <span class='ocr_line' id='line_1_20' title="bbox 289 1918 1798 1980; baseline 0.001 -9"><span class='ocrx_word' id='word_1_124' title='bbox 289 1918 404 1972; x_wconf 75' lang='lat' dir='ltr'><strong>XII.</strong></span> <span class='ocrx_word' id='word_1_125' title='bbox 445 1920 521 1972; x_wconf 84' lang='lat' dir='ltr'><strong>Ea</strong></span> <span class='ocrx_word' id='word_1_126' title='bbox 548 1935 636 1973; x_wconf 89' lang='lat' dir='ltr'><strong>me</strong></span> <span class='ocrx_word' id='word_1_127' title='bbox 669 1918 831 1980; x_wconf 87' lang='lat' dir='ltr'><strong>ratio,</strong></span> <span class='ocrx_word' id='word_1_128' title='bbox 855 1919 1051 1979; x_wconf 84' lang='lat' dir='ltr'><strong>fateor,</strong></span> <span class='ocrx_word' id='word_1_129' title='bbox 1078 1918 1173 1972; x_wconf 92' lang='lat' dir='ltr'><strong>diu</strong></span> <span class='ocrx_word' id='word_1_130' title='bbox 1200 1919 1375 1973; x_wconf 85' lang='lat' dir='ltr'><strong>tenuit</strong></span> <span class='ocrx_word' id='word_1_131' title='bbox 1404 1934 1503 1972; x_wconf 90' lang='lat' dir='ltr'><strong>suo</strong></span> <span class='ocrx_word' id='word_1_132' title='bbox 1524 1930 1798 1973; x_wconf 86' lang='lat' dir='ltr'><strong>momento</strong></span> 
     </span>
    </p>
   </div>
   <div class='ocr_carea' id='block_1_21' title="bbox 217 2009 1795 2077">
    <p class='ocr_par' dir='ltr' id='par_1_21' title="bbox 217 2009 1795 2077">
     <span class='ocr_line' id='line_1_21' title="bbox 217 2009 1795 2077; baseline 0.001 -16"><span class='ocrx_word' id='word_1_133' title='bbox 217 2024 555 2077; x_wconf 82' lang='lat' dir='ltr'><strong>suspensum</strong></span> <span class='ocrx_word' id='word_1_134' title='bbox 598 2025 663 2064; x_wconf 88' lang='lat' dir='ltr'><strong>ac</strong></span> <span class='ocrx_word' id='word_1_135' title='bbox 702 2009 956 2075; x_wconf 91' lang='lat' dir='ltr'><strong>dubium,</strong></span> <span class='ocrx_word' id='word_1_136' title='bbox 996 2025 1100 2064; x_wconf 91' lang='lat' dir='ltr'><strong>nec</strong></span> <span class='ocrx_word' id='word_1_137' title='bbox 1139 2010 1441 2064; x_wconf 90' lang='lat' dir='ltr'><strong>etiamnum</strong></span> <span class='ocrx_word' id='word_1_138' title='bbox 1476 2010 1608 2064; x_wconf 84' lang='lat' dir='ltr'><strong>sinit</strong></span> <span class='ocrx_word' id='word_1_139' title='bbox 1644 2025 1795 2073; x_wconf 85' lang='lat' dir='ltr'><strong>esse,</strong></span> 
     </span>
    </p>
   </div>
   <div class='ocr_carea' id='block_1_22' title="bbox 218 2102 1797 2172">
    <p class='ocr_par' dir='ltr' id='par_1_22' title="bbox 218 2102 1797 2172">
     <span class='ocr_line' id='line_1_22' title="bbox 218 2102 1797 2172; baseline 0.003 -20"><span class='ocrx_word' id='word_1_140' title='bbox 218 2110 297 2154; x_wconf 82' lang='lat' dir='ltr'><strong>tot</strong></span> <span class='ocrx_word' id='word_1_141' title='bbox 332 2102 465 2156; x_wconf 86' lang='lat' dir='ltr'><strong>licet</strong></span> <span class='ocrx_word' id='word_1_142' title='bbox 494 2102 773 2171; x_wconf 89' lang='lat' dir='ltr'><strong>tantisque</strong></span> <span class='ocrx_word' id='word_1_143' title='bbox 795 2104 849 2157; x_wconf 92' lang='lat' dir='ltr'><strong>in</strong></span> <span class='ocrx_word' id='word_1_144' title='bbox 874 2104 1211 2158; x_wconf 89' lang='lat' dir='ltr'><strong>contrarium</strong></span> <span class='ocrx_word' id='word_1_145' title='bbox 1240 2104 1573 2172; x_wconf 77' lang='lat' dir='ltr'><strong>argumentis</strong></span> <span class='ocrx_word' id='word_1_146' title='bbox 1598 2118 1797 2171; x_wconf 78' lang='lat' dir='ltr'><strong>urgen-</strong></span> 
     </span>
    </p>
   </div>
   <div class='ocr_carea' id='block_1_23' title="bbox 220 2191 1794 2257">
    <p class='ocr_par' dir='ltr' id='par_1_23' title="bbox 220 2191 1794 2257">
     <span class='ocr_line' id='line_1_23' title="bbox 220 2191 1794 2257; baseline 0.001 -14"><span class='ocrx_word' id='word_1_147' title='bbox 220 2191 385 2253; x_wconf 83' lang='lat' dir='ltr'><strong>tibus,</strong></span> <span class='ocrx_word' id='word_1_148' title='bbox 430 2191 830 2244; x_wconf 87' lang='lat' dir='ltr'><strong>certissimum.</strong></span> <span class='ocrx_word' id='word_1_149' title='bbox 870 2193 1074 2246; x_wconf 77' lang='lat' dir='ltr'><strong>Verum</strong></span> <span class='ocrx_word' id='word_1_150' title='bbox 1122 2208 1151 2245; x_wconf 91' lang='lat' dir='ltr'><strong>a</strong></span> <span class='ocrx_word' id='word_1_151' title='bbox 1192 2192 1466 2245; x_wconf 85' lang='lat' dir='ltr'><strong>sententia</strong></span> <span class='ocrx_word' id='word_1_152' title='bbox 1509 2192 1794 2257; x_wconf 75' lang='lat' dir='ltr'><strong>dimoveri,</strong></span> 
     </span>
    </p>
   </div>
   <div class='ocr_carea' id='block_1_24' title="bbox 220 2282 1798 2352">
    <p class='ocr_par' dir='ltr' id='par_1_24' title="bbox 220 2282 1798 2352">
     <span class='ocr_line' id='line_1_24' title="bbox 220 2282 1798 2352; baseline 0.001 -17"><span class='ocrx_word' id='word_1_153' title='bbox 220 2298 317 2336; x_wconf 91' lang='lat' dir='ltr'><strong>nec</strong></span> <span class='ocrx_word' id='word_1_154' title='bbox 342 2284 606 2345; x_wconf 85' lang='lat' dir='ltr'><strong>istorum,</strong></span> <span class='ocrx_word' id='word_1_155' title='bbox 633 2298 737 2337; x_wconf 87' lang='lat' dir='ltr'><strong>nec</strong></span> <span class='ocrx_word' id='word_1_156' title='bbox 772 2282 987 2336; x_wconf 91' lang='lat' dir='ltr'><strong>illorum</strong></span> <span class='ocrx_word' id='word_1_157' title='bbox 1015 2283 1339 2338; x_wconf 87' lang='lat' dir='ltr'><strong>auctoritate</strong></span> <span class='ocrx_word' id='word_1_158' title='bbox 1368 2299 1588 2352; x_wconf 85' lang='lat' dir='ltr'><strong>possum</strong></span> <span class='ocrx_word' id='word_1_159' title='bbox 1610 2284 1798 2348; x_wconf 85' lang='lat' dir='ltr'><strong>;video</strong></span> 
     </span>
    </p>
   </div>
   <div class='ocr_carea' id='block_1_25' title="bbox 219 2371 1801 2441">
    <p class='ocr_par' dir='ltr' id='par_1_25' title="bbox 219 2371 1801 2441">
     <span class='ocr_line' id='line_1_25' title="bbox 219 2371 1801 2441; baseline 0.001 -17"><span class='ocrx_word' id='word_1_160' title='bbox 219 2372 423 2441; x_wconf 90' lang='lat' dir='ltr'><strong>quippe</strong></span> <span class='ocrx_word' id='word_1_161' title='bbox 451 2386 562 2440; x_wconf 88' lang='lat' dir='ltr'><strong>qua</strong></span> <span class='ocrx_word' id='word_1_162' title='bbox 591 2379 744 2440; x_wconf 88' lang='lat' dir='ltr'><strong>parte</strong></span> <span class='ocrx_word' id='word_1_163' title='bbox 774 2371 1022 2426; x_wconf 88' lang='lat' dir='ltr'><strong>elevetur</strong></span> <span class='ocrx_word' id='word_1_164' title='bbox 1051 2372 1095 2402; x_wconf 84' lang='grc'><strong>⁸⁸</strong></span> <span class='ocrx_word' id='word_1_165' title='bbox 1123 2389 1135 2425; x_wconf 92' lang='lat'><strong>:</strong></span> <span class='ocrx_word' id='word_1_166' title='bbox 1168 2387 1295 2425; x_wconf 90' lang='lat' dir='ltr'><strong>nam</strong></span> <span class='ocrx_word' id='word_1_167' title='bbox 1328 2372 1432 2425; x_wconf 91' lang='lat' dir='ltr'><strong>viri</strong></span> <span class='ocrx_word' id='word_1_168' title='bbox 1461 2386 1801 2439; x_wconf 81' lang='lat' dir='ltr'><strong>consequen-</strong></span> 
     </span>
    </p>
   </div>
   <div class='ocr_carea' id='block_1_26' title="bbox 220 2461 1795 2528">
    <p class='ocr_par' dir='ltr' id='par_1_26' title="bbox 220 2461 1795 2528">
     <span class='ocr_line' id='line_1_26' title="bbox 220 2461 1795 2528; baseline -0.003 -11"><span class='ocrx_word' id='word_1_169' title='bbox 220 2466 289 2519; x_wconf 90' lang='lat' dir='ltr'><strong>tis</strong></span> <span class='ocrx_word' id='word_1_170' title='bbox 312 2464 413 2519; x_wconf 63' lang='grc' dir='ltr'><strong>τενί</strong></span> <span class='ocrx_word' id='word_1_171' title='bbox 449 2464 717 2528; x_wconf 86' lang='lat' dir='ltr'><strong>Leontio,</strong></span> <span class='ocrx_word' id='word_1_172' title='bbox 748 2463 942 2519; x_wconf 83' lang='lat' dir='ltr'><strong>Photio</strong></span> <span class='ocrx_word' id='word_1_173' title='bbox 984 2472 1039 2518; x_wconf 90' lang='lat' dir='ltr'><strong>et</strong></span> <span class='ocrx_word' id='word_1_174' title='bbox 1083 2463 1372 2517; x_wconf 87' lang='lat' dir='ltr'><strong>Theodoro</strong></span> <span class='ocrx_word' id='word_1_175' title='bbox 1400 2461 1754 2517; x_wconf 86' lang='lat' dir='ltr'><strong>crediderunt</strong></span> <span class='ocrx_word' id='word_1_176' title='bbox 1784 2478 1795 2513; x_wconf 88' lang='lat'><strong>:</strong></span> 
     </span>
    </p>
   </div>
   <div class='ocr_carea' id='block_1_27' title="bbox 222 2553 1795 2623">
    <p class='ocr_par' dir='ltr' id='par_1_27' title="bbox 222 2553 1795 2623">
     <span class='ocr_line' id='line_1_27' title="bbox 222 2553 1795 2623; baseline -0.004 -12"><span class='ocrx_word' id='word_1_177' title='bbox 222 2556 489 2611; x_wconf 84' lang='lat' dir='ltr'><strong>Leontius</strong></span> <span class='ocrx_word' id='word_1_178' title='bbox 542 2567 727 2611; x_wconf 88' lang='lat' dir='ltr'><strong>autem</strong></span> <span class='ocrx_word' id='word_1_179' title='bbox 768 2571 892 2611; x_wconf 91' lang='lat' dir='ltr'><strong>cum</strong></span> <span class='ocrx_word' id='word_1_180' title='bbox 951 2556 1169 2609; x_wconf 89' lang='lat' dir='ltr'><strong>duobus</strong></span> <span class='ocrx_word' id='word_1_181' title='bbox 1216 2554 1328 2609; x_wconf 88' lang='lat' dir='ltr'><strong>fere</strong></span> <span class='ocrx_word' id='word_1_182' title='bbox 1382 2563 1505 2623; x_wconf 88' lang='lat' dir='ltr'><strong>post</strong></span> <span class='ocrx_word' id='word_1_183' title='bbox 1553 2553 1795 2615; x_wconf 73' lang='lat' dir='ltr'><strong>saeculis,</strong></span> 
     </span>
    </p>
   </div>
   <div class='ocr_carea' id='block_1_28' title="bbox 221 2643 1795 2712">
    <p class='ocr_par' dir='ltr' id='par_1_28' title="bbox 221 2643 1795 2712">
     <span class='ocr_line' id='line_1_28' title="bbox 221 2643 1795 2712; baseline -0.004 -11"><span class='ocrx_word' id='word_1_184' title='bbox 221 2647 453 2701; x_wconf 81' lang='lat' dir='ltr'><strong>Pliotius</strong></span> <span class='ocrx_word' id='word_1_185' title='bbox 486 2645 685 2703; x_wconf 88' lang='lat' dir='ltr'><strong>tribus.</strong></span> <span class='ocrx_word' id='word_1_186' title='bbox 709 2644 1031 2699; x_wconf 89' lang='lat' dir='ltr'><strong>Theodorus</strong></span> <span class='ocrx_word' id='word_1_187' title='bbox 1065 2643 1245 2697; x_wconf 90' lang='lat' dir='ltr'><strong>adhuc</strong></span> <span class='ocrx_word' id='word_1_188' title='bbox 1276 2643 1452 2698; x_wconf 89' lang='lat' dir='ltr'><strong>serius</strong></span> <span class='ocrx_word' id='word_1_189' title='bbox 1479 2644 1795 2712; x_wconf 86' lang='lat' dir='ltr'><strong>scripserit;</strong></span> 
     </span>
    </p>
   </div>
   <div class='ocr_carea' id='block_1_29' title="bbox 222 2734 1798 2808">
    <p class='ocr_par' dir='ltr' id='par_1_29' title="bbox 222 2734 1798 2808">
     <span class='ocr_line' id='line_1_29' title="bbox 222 2734 1798 2808; baseline -0.004 -14"><span class='ocrx_word' id='word_1_190' title='bbox 222 2748 527 2808; x_wconf 89' lang='lat' dir='ltr'><strong>potuerunt</strong></span> <span class='ocrx_word' id='word_1_191' title='bbox 553 2753 661 2792; x_wconf 88' lang='lat' dir='ltr'><strong>non</strong></span> <span class='ocrx_word' id='word_1_192' title='bbox 693 2737 983 2791; x_wconf 85' lang='lat' dir='ltr'><strong>admodum</strong></span> <span class='ocrx_word' id='word_1_193' title='bbox 1016 2736 1220 2790; x_wconf 82' lang='lat' dir='ltr'><strong>diﬂicili</strong></span> <span class='ocrx_word' id='word_1_194' title='bbox 1266 2736 1483 2805; x_wconf 81' lang='lat' dir='ltr'><strong>negotio</strong></span> <span class='ocrx_word' id='word_1_195' title='bbox 1518 2734 1649 2797; x_wconf 88' lang='lat' dir='ltr'><strong>falli,</strong></span> <span class='ocrx_word' id='word_1_196' title='bbox 1696 2734 1798 2788; x_wconf 90' lang='lat' dir='ltr'><strong>hac</strong></span> 
     </span>
    </p>
   </div>
   <div class='ocr_carea' id='block_1_30' title="bbox 221 2822 1799 2897">
    <p class='ocr_par' dir='ltr' id='par_1_30' title="bbox 221 2822 1799 2897">
     <span class='ocr_line' id='line_1_30' title="bbox 221 2822 1799 2897; baseline -0.004 -17"><span class='ocrx_word' id='word_1_197' title='bbox 221 2828 528 2897; x_wconf 83' lang='lat' dir='ltr'><strong>appendice</strong></span> <span class='ocrx_word' id='word_1_198' title='bbox 545 2825 866 2896; x_wconf 85' lang='lat' dir='ltr'><strong>jamdudum</strong></span> <span class='ocrx_word' id='word_1_199' title='bbox 883 2825 952 2878; x_wconf 87' lang='lat' dir='ltr'><strong>ab</strong></span> <span class='ocrx_word' id='word_1_200' title='bbox 976 2826 1163 2893; x_wconf 91' lang='lat' dir='ltr'><strong>aliquo</strong></span> <span class='ocrx_word' id='word_1_201' title='bbox 1188 2823 1519 2877; x_wconf 84' lang='lat' dir='ltr'><strong>Theodoreti</strong></span> <span class='ocrx_word' id='word_1_202' title='bbox 1550 2822 1799 2875; x_wconf 88' lang='lat' dir='ltr'><strong>studioso</strong></span> 
     </span>
    </p>
   </div>
   <div class='ocr_carea' id='block_1_31' title="bbox 221 2912 1798 2987">
    <p class='ocr_par' dir='ltr' id='par_1_31' title="bbox 221 2912 1798 2987">
     <span class='ocr_line' id='line_1_31' title="bbox 221 2912 1798 2987; baseline -0.005 -13"><span class='ocrx_word' id='word_1_203' title='bbox 221 2920 289 2974; x_wconf 85' lang='lat' dir='ltr'><strong>ad</strong></span> <span class='ocrx_word' id='word_1_204' title='bbox 346 2919 556 2973; x_wconf 85' lang='lat' dir='ltr'><strong>librum</strong></span> <span class='ocrx_word' id='word_1_205' title='bbox 597 2927 855 2987; x_wconf 90' lang='lat' dir='ltr'><strong>quartum</strong></span> <span class='ocrx_word' id='word_1_206' title='bbox 914 2916 1299 2971; x_wconf 68' lang='lat' dir='ltr'><strong>Hereticarum</strong></span> <span class='ocrx_word' id='word_1_207' title='bbox 1344 2913 1645 2984; x_wconf 80' lang='lat' dir='ltr'><strong>fabularum</strong></span> <span class='ocrx_word' id='word_1_208' title='bbox 1701 2912 1798 2967; x_wconf 85' lang='lat' dir='ltr'><strong>ad-</strong></span> 
     </span>
    </p>
   </div>
   <div class='ocr_carea' id='block_1_32' title="bbox 223 3010 357 3064">
    <p class='ocr_par' dir='ltr' id='par_1_32' title="bbox 223 3010 357 3064">
     <span class='ocr_line' id='line_1_32' title="bbox 223 3010 357 3064; baseline -0.015 0"><span class='ocrx_word' id='word_1_209' title='bbox 223 3010 357 3064; x_wconf 87' lang='lat' dir='ltr'><strong>dita.</strong></span> 
     </span>
    </p>
   </div>
   <div class='ocr_carea' id='block_1_33' title="bbox 290 3095 1796 3169">
    <p class='ocr_par' dir='ltr' id='par_1_33' title="bbox 290 3095 1796 3169">
     <span class='ocr_line' id='line_1_33' title="bbox 290 3095 1796 3169; baseline -0.005 -14"><span class='ocrx_word' id='word_1_210' title='bbox 290 3100 433 3155; x_wconf 75' lang='lat' dir='ltr'><strong>XIII.</strong></span> <span class='ocrx_word' id='word_1_211' title='bbox 472 3099 581 3155; x_wconf 90' lang='lat' dir='ltr'><strong>Sed</strong></span> <span class='ocrx_word' id='word_1_212' title='bbox 621 3114 735 3169; x_wconf 91' lang='lat' dir='ltr'><strong>quo</strong></span> <span class='ocrx_word' id='word_1_213' title='bbox 775 3107 1018 3168; x_wconf 91' lang='lat' dir='ltr'><strong>tempore</strong></span> <span class='ocrx_word' id='word_1_214' title='bbox 1064 3095 1214 3151; x_wconf 89' lang='lat' dir='ltr'><strong>fraus</strong></span> <span class='ocrx_word' id='word_1_215' title='bbox 1256 3095 1429 3149; x_wconf 87' lang='lat' dir='ltr'><strong>facta?</strong></span> <span class='ocrx_word' id='word_1_216' title='bbox 1451 3096 1607 3150; x_wconf 86' lang='lat' dir='ltr'><strong>Circa</strong></span> <span class='ocrx_word' id='word_1_217' title='bbox 1634 3096 1796 3164; x_wconf 85' lang='lat' dir='ltr'><strong>quin-</strong></span> 
     </span>
    </p>
   </div>
   <div class='ocr_carea' id='block_1_34' title="bbox 224 3185 1796 3262">
    <p class='ocr_par' dir='ltr' id='par_1_34' title="bbox 224 3185 1796 3262">
     <span class='ocr_line' id='line_1_34' title="bbox 224 3185 1796 3262; baseline -0.005 -15"><span class='ocrx_word' id='word_1_218' title='bbox 224 3203 354 3257; x_wconf 90' lang='lat' dir='ltr'><strong>tam,</strong></span> <span class='ocrx_word' id='word_1_219' title='bbox 396 3193 619 3261; x_wconf 88' lang='lat' dir='ltr'><strong>opinor,</strong></span> <span class='ocrx_word' id='word_1_220' title='bbox 651 3189 919 3262; x_wconf 74' lang='lat' dir='ltr'><strong>synodum</strong></span> <span class='ocrx_word' id='word_1_221' title='bbox 939 3229 953 3253; x_wconf 95' lang='lat'><strong>,</strong></span> <span class='ocrx_word' id='word_1_222' title='bbox 989 3189 1047 3243; x_wconf 93' lang='lat' dir='ltr'><strong>in</strong></span> <span class='ocrx_word' id='word_1_223' title='bbox 1089 3203 1195 3258; x_wconf 88' lang='lat' dir='ltr'><strong>qua</strong></span> <span class='ocrx_word' id='word_1_224' title='bbox 1221 3188 1511 3240; x_wconf 85' lang='lat' dir='ltr'><strong>damnatus</strong></span> <span class='ocrx_word' id='word_1_225' title='bbox 1543 3185 1796 3239; x_wconf 90' lang='lat' dir='ltr'><strong>Theodo-</strong></span> 
     </span>
    </p>
   </div>
   <div class='ocr_carea' id='block_1_35' title="bbox 224 3277 1797 3346">
    <p class='ocr_par' dir='ltr' id='par_1_35' title="bbox 224 3277 1797 3346">
     <span class='ocr_line' id='line_1_35' title="bbox 224 3277 1797 3346; baseline -0.005 -10"><span class='ocrx_word' id='word_1_226' title='bbox 224 3292 373 3337; x_wconf 89' lang='lat' dir='ltr'><strong>retus</strong></span> <span class='ocrx_word' id='word_1_227' title='bbox 402 3297 532 3336; x_wconf 90' lang='lat' dir='ltr'><strong>cum</strong></span> <span class='ocrx_word' id='word_1_228' title='bbox 555 3290 722 3343; x_wconf 81' lang='lat' dir='ltr'><strong>esset,</strong></span> <span class='ocrx_word' id='word_1_229' title='bbox 749 3279 983 3333; x_wconf 89' lang='lat' dir='ltr'><strong>voluerit</strong></span> <span class='ocrx_word' id='word_1_230' title='bbox 1019 3278 1248 3332; x_wconf 86' lang='lat' dir='ltr'><strong>fortasse</strong></span> <span class='ocrx_word' id='word_1_231' title='bbox 1280 3277 1546 3346; x_wconf 82' lang='lat' dir='ltr'><strong>quiSpiam</strong></span> <span class='ocrx_word' id='word_1_232' title='bbox 1602 3291 1797 3345; x_wconf 90' lang='lat' dir='ltr'><strong>purum</strong></span> 
     </span>
    </p>
   </div>
   <div class='ocr_carea' id='block_1_36' title="bbox 222 3367 1795 3439">
    <p class='ocr_par' dir='ltr' id='par_1_36' title="bbox 222 3367 1795 3439">
     <span class='ocr_line' id='line_1_36' title="bbox 222 3367 1795 3439; baseline -0.005 -12"><span class='ocrx_word' id='word_1_233' title='bbox 222 3373 610 3427; x_wconf 87' lang='lat' dir='ltr'><strong>consensionis</strong></span> <span class='ocrx_word' id='word_1_234' title='bbox 626 3386 752 3425; x_wconf 91' lang='lat' dir='ltr'><strong>cum</strong></span> <span class='ocrx_word' id='word_1_235' title='bbox 776 3371 1031 3425; x_wconf 88' lang='lat' dir='ltr'><strong>Nestorio</strong></span> <span class='ocrx_word' id='word_1_236' title='bbox 1050 3376 1327 3439; x_wconf 70' lang='lat' dir='ltr'><strong>praestare,</strong></span> <span class='ocrx_word' id='word_1_237' title='bbox 1346 3367 1667 3436; x_wconf 69' lang='lat' dir='ltr'><strong>caeterisque</strong></span> <span class='ocrx_word' id='word_1_238' title='bbox 1689 3382 1795 3420; x_wconf 89' lang='lat' dir='ltr'><strong>non</strong></span> 
     </span>
    </p>
   </div>
   <div class='ocr_carea' id='block_1_37' title="bbox 222 3458 1800 3525">
    <p class='ocr_par' dir='ltr' id='par_1_37' title="bbox 222 3458 1800 3525">
     <span class='ocr_line' id='line_1_37' title="bbox 222 3458 1800 3525; baseline -0.004 -8"><span class='ocrx_word' id='word_1_239' title='bbox 222 3463 627 3517; x_wconf 89' lang='lat' dir='ltr'><strong>curiosissimis</strong></span> <span class='ocrx_word' id='word_1_240' title='bbox 673 3461 929 3525; x_wconf 86' lang='lat' dir='ltr'><strong>suadere,</strong></span> <span class='ocrx_word' id='word_1_241' title='bbox 979 3459 1126 3513; x_wconf 87' lang='lat' dir='ltr'><strong>haud</strong></span> <span class='ocrx_word' id='word_1_242' title='bbox 1167 3459 1328 3513; x_wconf 90' lang='lat' dir='ltr'><strong>aliam</strong></span> <span class='ocrx_word' id='word_1_243' title='bbox 1362 3458 1531 3512; x_wconf 89' lang='lat' dir='ltr'><strong>fuisse</strong></span> <span class='ocrx_word' id='word_1_244' title='bbox 1578 3458 1800 3511; x_wconf 88' lang='lat' dir='ltr'><strong>damna-</strong></span> 
     </span>
    </p>
   </div>
   <div class='ocr_carea' id='block_1_38' title="bbox 223 3547 1800 3619">
    <p class='ocr_par' dir='ltr' id='par_1_38' title="bbox 223 3547 1800 3619">
     <span class='ocr_line' id='line_1_38' title="bbox 223 3547 1800 3619; baseline -0.004 -12"><span class='ocrx_word' id='word_1_245' title='bbox 223 3553 388 3608; x_wconf 88' lang='lat' dir='ltr'><strong>tionis</strong></span> <span class='ocrx_word' id='word_1_246' title='bbox 417 3567 667 3615; x_wconf 88' lang='lat' dir='ltr'><strong>causam,</strong></span> <span class='ocrx_word' id='word_1_247' title='bbox 700 3566 862 3618; x_wconf 87' lang='lat' dir='ltr'><strong>quam</strong></span> <span class='ocrx_word' id='word_1_248' title='bbox 889 3550 1036 3619; x_wconf 92' lang='lat' dir='ltr'><strong>quod</strong></span> <span class='ocrx_word' id='word_1_249' title='bbox 1070 3549 1355 3619; x_wconf 86' lang='lat' dir='ltr'><strong>injuriose,</strong></span> <span class='ocrx_word' id='word_1_250' title='bbox 1379 3557 1439 3601; x_wconf 89' lang='lat' dir='ltr'><strong>ut</strong></span> <span class='ocrx_word' id='word_1_251' title='bbox 1469 3547 1529 3601; x_wconf 86' lang='lat' dir='ltr'><strong>ﬁt</strong></span> <span class='ocrx_word' id='word_1_252' title='bbox 1557 3548 1800 3601; x_wconf 78' lang='lat' dir='ltr'><strong>fervente</strong></span> 
     </span>
    </p>
   </div>
   <div class='ocr_carea' id='block_1_39' title="bbox 223 3639 1799 3715">
    <p class='ocr_par' dir='ltr' id='par_1_39' title="bbox 223 3639 1799 3715">
     <span class='ocr_line' id='line_1_39' title="bbox 223 3639 1799 3715; baseline -0.006 -16"><span class='ocrx_word' id='word_1_253' title='bbox 223 3644 620 3715; x_wconf 84' lang='lat' dir='ltr'><strong>disputatione,</strong></span> <span class='ocrx_word' id='word_1_254' title='bbox 644 3643 1018 3712; x_wconf 76' lang='lat' dir='ltr'><strong>cum‘Cyrillo</strong></span> <span class='ocrx_word' id='word_1_255' title='bbox 1047 3641 1607 3695; x_wconf 89' lang='lat' dir='ltr'><strong>contendisset.Tunc</strong></span> <span class='ocrx_word' id='word_1_256' title='bbox 1638 3639 1799 3693; x_wconf 84' lang='lat' dir='ltr'><strong>credo</strong></span> 
     </span>
    </p>
   </div>
   <div class='ocr_carea' id='block_1_40' title="bbox 224 3729 1798 3800">
    <p class='ocr_par' dir='ltr' id='par_1_40' title="bbox 224 3729 1798 3800">
     <span class='ocr_line' id='line_1_40' title="bbox 224 3729 1798 3800; baseline -0.004 -10"><span class='ocrx_word' id='word_1_257' title='bbox 224 3736 444 3797; x_wconf 84' lang='lat' dir='ltr'><strong>factam,</strong></span> <span class='ocrx_word' id='word_1_258' title='bbox 474 3745 536 3786; x_wconf 93' lang='lat' dir='ltr'><strong>ut</strong></span> <span class='ocrx_word' id='word_1_259' title='bbox 571 3748 696 3786; x_wconf 89' lang='lat' dir='ltr'><strong>cuin</strong></span> <span class='ocrx_word' id='word_1_260' title='bbox 746 3732 968 3800; x_wconf 86' lang='lat' dir='ltr'><strong>hujusce</strong></span> <span class='ocrx_word' id='word_1_261' title='bbox 997 3730 1376 3784; x_wconf 88' lang='lat' dir='ltr'><strong>consensionis</strong></span> <span class='ocrx_word' id='word_1_262' title='bbox 1423 3729 1798 3783; x_wconf 83' lang='lat' dir='ltr'><strong>Theodoretus</strong></span> 
     </span>
    </p>
   </div>
   <div class='ocr_carea' id='block_1_41' title="bbox 225 3820 1797 3893">
    <p class='ocr_par' dir='ltr' id='par_1_41' title="bbox 225 3820 1797 3893">
     <span class='ocr_line' id='line_1_41' title="bbox 225 3820 1797 3893; baseline -0.004 -13"><span class='ocrx_word' id='word_1_263' title='bbox 225 3828 429 3881; x_wconf 86' lang='lat' dir='ltr'><strong>litteris</strong></span> <span class='ocrx_word' id='word_1_264' title='bbox 461 3826 517 3878; x_wconf 90' lang='lat' dir='ltr'><strong>in</strong></span> <span class='ocrx_word' id='word_1_265' title='bbox 559 3824 754 3893; x_wconf 89' lang='lat' dir='ltr'><strong>quinta</strong></span> <span class='ocrx_word' id='word_1_266' title='bbox 787 3822 993 3893; x_wconf 83' lang='lat' dir='ltr'><strong>synodo</strong></span> <span class='ocrx_word' id='word_1_267' title='bbox 1022 3820 1211 3876; x_wconf 87' lang='lat' dir='ltr'><strong>relatis</strong></span> <span class='ocrx_word' id='word_1_268' title='bbox 1256 3820 1413 3874; x_wconf 84' lang='lat' dir='ltr'><strong>facile</strong></span> <span class='ocrx_word' id='word_1_269' title='bbox 1442 3821 1797 3875; x_wconf 87' lang='lat' dir='ltr'><strong>convincere--</strong></span> 
     </span>
    </p>
   </div>
   <div class='ocr_carea' id='block_1_42' title="bbox 227 3910 1801 3978">
    <p class='ocr_par' dir='ltr' id='par_1_42' title="bbox 227 3910 1801 3978">
     <span class='ocr_line' id='line_1_42' title="bbox 227 3910 1801 3978; baseline -0.004 -7"><span class='ocrx_word' id='word_1_270' title='bbox 227 3928 336 3978; x_wconf 88' lang='lat' dir='ltr'><strong>tur,</strong></span> <span class='ocrx_word' id='word_1_271' title='bbox 364 3917 467 3970; x_wconf 87' lang='lat' dir='ltr'><strong>has</strong></span> <span class='ocrx_word' id='word_1_272' title='bbox 497 3915 566 3967; x_wconf 89' lang='lat' dir='ltr'><strong>ab</strong></span> <span class='ocrx_word' id='word_1_273' title='bbox 594 3914 873 3967; x_wconf 63' lang='lat' dir='ltr'><strong>haereticis</strong></span> <span class='ocrx_word' id='word_1_274' title='bbox 906 3911 1166 3965; x_wconf 81' lang='lat' dir='ltr'><strong>confictas</strong></span> <span class='ocrx_word' id='word_1_275' title='bbox 1185 3911 1344 3963; x_wconf 85' lang='lat' dir='ltr'><strong>amici</strong></span> <span class='ocrx_word' id='word_1_276' title='bbox 1382 3910 1707 3963; x_wconf 89' lang='lat' dir='ltr'><strong>Theodoreti</strong></span> <span class='ocrx_word' id='word_1_277' title='bbox 1744 3910 1801 3964; x_wconf 90' lang='lat' dir='ltr'><strong>in</strong></span> 
     </span>
    </p>
   </div>
   <div class='ocr_carea' id='block_1_43' title="bbox 226 3998 1799 4075">
    <p class='ocr_par' dir='ltr' id='par_1_43' title="bbox 226 3998 1799 4075">
     <span class='ocr_line' id='line_1_43' title="bbox 226 3998 1799 4075; baseline -0.003 -19"><span class='ocrx_word' id='word_1_278' title='bbox 226 4006 425 4075; x_wconf 84' lang='lat' dir='ltr'><strong>vulgus</strong></span> <span class='ocrx_word' id='word_1_279' title='bbox 484 4004 779 4073; x_wconf 89' lang='lat' dir='ltr'><strong>jactarent.</strong></span> <span class='ocrx_word' id='word_1_280' title='bbox 843 3999 973 4065; x_wconf 75' lang='lat' dir='ltr'><strong>Quae</strong></span> <span class='ocrx_word' id='word_1_281' title='bbox 1028 3999 1170 4052; x_wconf 87' lang='lat' dir='ltr'><strong>fama</strong></span> <span class='ocrx_word' id='word_1_282' title='bbox 1223 3998 1453 4053; x_wconf 82' lang='lat' dir='ltr'><strong>Leontio</strong></span> <span class='ocrx_word' id='word_1_283' title='bbox 1506 3998 1799 4068; x_wconf 85' lang='lat' dir='ltr'><strong>imposuit,</strong></span> 
     </span>
    </p>
   </div>
   <div class='ocr_carea' id='block_1_44' title="bbox 226 4091 1802 4165">
    <p class='ocr_par' dir='ltr' id='par_1_44' title="bbox 226 4091 1802 4165">
     <span class='ocr_line' id='line_1_44' title="bbox 226 4091 1802 4165; baseline -0.004 -16"><span class='ocrx_word' id='word_1_284' title='bbox 226 4095 629 4165; x_wconf 86' lang='lat' dir='ltr'><strong>quinquaginta</strong></span> <span class='ocrx_word' id='word_1_285' title='bbox 685 4092 907 4147; x_wconf 90' lang='lat' dir='ltr'><strong>circiter</strong></span> <span class='ocrx_word' id='word_1_286' title='bbox 940 4100 1063 4161; x_wconf 91' lang='lat' dir='ltr'><strong>post</strong></span> <span class='ocrx_word' id='word_1_287' title='bbox 1093 4106 1265 4144; x_wconf 89' lang='lat' dir='ltr'><strong>annos</strong></span> <span class='ocrx_word' id='word_1_288' title='bbox 1307 4091 1507 4144; x_wconf 90' lang='lat' dir='ltr'><strong>librum</strong></span> <span class='ocrx_word' id='word_1_289' title='bbox 1540 4091 1607 4144; x_wconf 90' lang='lat' dir='ltr'><strong>de</strong></span> <span class='ocrx_word' id='word_1_290' title='bbox 1641 4091 1802 4144; x_wconf 84' lang='lat' dir='ltr'><strong>sectis</strong></span> 
     </span>
    </p>
   </div>
   <div class='ocr_carea' id='block_1_45' title="bbox 224 4188 513 4243">
    <p class='ocr_par' dir='ltr' id='par_1_45' title="bbox 224 4188 513 4243">
     <span class='ocr_line' id='line_1_45' title="bbox 224 4188 513 4243; baseline -0.021 0"><span class='ocrx_word' id='word_1_291' title='bbox 224 4188 513 4243; x_wconf 82' lang='lat' dir='ltr'><strong>scribenti.</strong></span> 
     </span>
    </p>
   </div>
   <div class='ocr_carea' id='block_1_46' title="bbox 294 4269 1801 4340">
    <p class='ocr_par' dir='ltr' id='par_1_46' title="bbox 294 4269 1801 4340">
     <span class='ocr_line' id='line_1_46' title="bbox 294 4269 1801 4340; baseline -0.005 -11"><span class='ocrx_word' id='word_1_292' title='bbox 294 4275 440 4329; x_wconf 75' lang='lat' dir='ltr'><strong>XIV.</strong></span> <span class='ocrx_word' id='word_1_293' title='bbox 487 4273 594 4329; x_wconf 87' lang='lat' dir='ltr'><strong>Sed</strong></span> <span class='ocrx_word' id='word_1_294' title='bbox 630 4270 859 4326; x_wconf 83' lang='lat' dir='ltr'><strong>instabit</strong></span> <span class='ocrx_word' id='word_1_295' title='bbox 887 4271 1086 4340; x_wconf 86' lang='lat' dir='ltr'><strong>aliquis</strong></span> <span class='ocrx_word' id='word_1_296' title='bbox 1132 4288 1145 4323; x_wconf 92' lang='lat'>:</span> <span class='ocrx_word' id='word_1_297' title='bbox 1193 4270 1249 4324; x_wconf 85' lang='lat' dir='ltr'><strong>Si</strong></span> <span class='ocrx_word' id='word_1_298' title='bbox 1298 4269 1577 4339; x_wconf 90' lang='lat' dir='ltr'><strong>popularis</strong></span> <span class='ocrx_word' id='word_1_299' title='bbox 1616 4269 1801 4337; x_wconf 82' lang='lat' dir='ltr'><strong>Opinio</strong></span> 
     </span>
    </p>
   </div>
   <div class='ocr_carea' id='block_1_47' title="bbox 224 4361 1800 4433">
    <p class='ocr_par' dir='ltr' id='par_1_47' title="bbox 224 4361 1800 4433">
     <span class='ocr_line' id='line_1_47' title="bbox 224 4361 1800 4433; baseline -0.007 -10"><span class='ocrx_word' id='word_1_300' title='bbox 224 4367 493 4424; x_wconf 82' lang='lat' dir='ltr'><strong>convulsa</strong></span> <span class='ocrx_word' id='word_1_301' title='bbox 526 4373 668 4428; x_wconf 86' lang='lat' dir='ltr'><strong>ruat,</strong></span> <span class='ocrx_word' id='word_1_302' title='bbox 706 4363 950 4433; x_wconf 88' lang='lat' dir='ltr'><strong>illudque</strong></span> <span class='ocrx_word' id='word_1_303' title='bbox 999 4371 1371 4418; x_wconf 88' lang='lat' dir='ltr'><strong>assumentum</strong></span> <span class='ocrx_word' id='word_1_304' title='bbox 1419 4362 1545 4414; x_wconf 91' lang='lat' dir='ltr'><strong>libri</strong></span> <span class='ocrx_word' id='word_1_305' title='bbox 1572 4362 1681 4430; x_wconf 88' lang='lat' dir='ltr'><strong>jam</strong></span> <span class='ocrx_word' id='word_1_306' title='bbox 1716 4361 1800 4413; x_wconf 87' lang='lat' dir='ltr'><strong>di-</strong></span> 
     </span>
    </p>
   </div>
   <div class='ocr_carea' id='block_1_48' title="bbox 227 4452 1802 4528">
    <p class='ocr_par' dir='ltr' id='par_1_48' title="bbox 227 4452 1802 4528">
     <span class='ocr_line' id='line_1_48' title="bbox 227 4452 1802 4528; baseline -0.005 -15"><span class='ocrx_word' id='word_1_307' title='bbox 227 4461 299 4513; x_wconf 89' lang='lat' dir='ltr'><strong>cti</strong></span> <span class='ocrx_word' id='word_1_308' title='bbox 330 4457 747 4528; x_wconf 88' lang='lat' dir='ltr'><strong>supposititium</strong></span> <span class='ocrx_word' id='word_1_309' title='bbox 782 4457 872 4519; x_wconf 90' lang='lat' dir='ltr'><strong>sit,</strong></span> <span class='ocrx_word' id='word_1_310' title='bbox 909 4456 1130 4510; x_wconf 89' lang='lat' dir='ltr'><strong>nutabit</strong></span> <span class='ocrx_word' id='word_1_311' title='bbox 1160 4455 1295 4509; x_wconf 82' lang='lat' dir='ltr'><strong>fides</strong></span> <span class='ocrx_word' id='word_1_312' title='bbox 1320 4453 1564 4508; x_wconf 69' lang='lat' dir='ltr'><strong>historize</strong></span> <span class='ocrx_word' id='word_1_313' title='bbox 1595 4452 1662 4507; x_wconf 90' lang='lat' dir='ltr'><strong>de</strong></span> <span class='ocrx_word' id='word_1_314' title='bbox 1688 4468 1802 4505; x_wconf 50' lang='lat' dir='ltr'><strong>mo.</strong></span> 
     </span>
    </p>
   </div>
   <div class='ocr_carea' id='block_1_49' title="bbox 226 4542 1800 4611">
    <p class='ocr_par' dir='ltr' id='par_1_49' title="bbox 226 4542 1800 4611">
     <span class='ocr_line' id='line_1_49' title="bbox 226 4542 1800 4611; baseline -0.004 -10"><span class='ocrx_word' id='word_1_315' title='bbox 226 4550 383 4603; x_wconf 86' lang='lat' dir='ltr'><strong>ribus</strong></span> <span class='ocrx_word' id='word_1_316' title='bbox 431 4556 489 4602; x_wconf 89' lang='lat' dir='ltr'><strong>et</strong></span> <span class='ocrx_word' id='word_1_317' title='bbox 536 4548 650 4601; x_wconf 91' lang='lat' dir='ltr'><strong>vita</strong></span> <span class='ocrx_word' id='word_1_318' title='bbox 697 4546 934 4601; x_wconf 85' lang='lat' dir='ltr'><strong>Nestorii</strong></span> <span class='ocrx_word' id='word_1_319' title='bbox 990 4544 1293 4599; x_wconf 64' lang='lat' dir='ltr'><strong>Antiochiae</strong></span> <span class='ocrx_word' id='word_1_320' title='bbox 1330 4552 1482 4606; x_wconf 90' lang='lat' dir='ltr'><strong>acta,</strong></span> <span class='ocrx_word' id='word_1_321' title='bbox 1519 4559 1639 4611; x_wconf 77' lang='lat' dir='ltr'><strong>qua:</strong></span> <span class='ocrx_word' id='word_1_322' title='bbox 1674 4542 1800 4595; x_wconf 90' lang='lat' dir='ltr'><strong>inde</strong></span> 
     </span>
    </p>
   </div>
   <div class='ocr_carea' id='block_1_50' title="bbox 229 4636 1801 4707">
    <p class='ocr_par' dir='ltr' id='par_1_50' title="bbox 229 4636 1801 4707">
     <span class='ocr_line' id='line_1_50' title="bbox 229 4636 1801 4707; baseline -0.003 -16"><span class='ocrx_word' id='word_1_323' title='bbox 229 4647 446 4693; x_wconf 85' lang='lat' dir='ltr'><strong>tantum</strong></span> <span class='ocrx_word' id='word_1_324' title='bbox 474 4639 612 4693; x_wconf 89' lang='lat' dir='ltr'><strong>disci</strong></span> <span class='ocrx_word' id='word_1_325' title='bbox 643 4639 893 4693; x_wconf 89' lang='lat' dir='ltr'><strong>creditur</strong></span> <span class='ocrx_word' id='word_1_326' title='bbox 927 4655 941 4690; x_wconf 89' lang='lat'>:</span> <span class='ocrx_word' id='word_1_327' title='bbox 973 4637 1247 4707; x_wconf 90' lang='lat' dir='ltr'><strong>quomodo</strong></span> <span class='ocrx_word' id='word_1_328' title='bbox 1288 4636 1435 4690; x_wconf 90' lang='lat' dir='ltr'><strong>enim</strong></span> <span class='ocrx_word' id='word_1_329' title='bbox 1467 4637 1672 4690; x_wconf 91' lang='lat' dir='ltr'><strong>incerto</strong></span> <span class='ocrx_word' id='word_1_330' title='bbox 1700 4651 1801 4687; x_wconf 80' lang='lat' dir='ltr'><strong>au-</strong></span> 
     </span>
    </p>
   </div>
   <div class='ocr_carea' id='block_1_51' title="bbox 230 4726 1802 4786">
    <p class='ocr_par' dir='ltr' id='par_1_51' title="bbox 230 4726 1802 4786">
     <span class='ocr_line' id='line_1_51' title="bbox 230 4726 1802 4786; baseline -0.004 0"><span class='ocrx_word' id='word_1_331' title='bbox 230 4733 365 4786; x_wconf 83' lang='lat' dir='ltr'><strong>ctori</strong></span> <span class='ocrx_word' id='word_1_332' title='bbox 395 4740 549 4785; x_wconf 88' lang='lat' dir='ltr'><strong>certa</strong></span> <span class='ocrx_word' id='word_1_333' title='bbox 584 4730 721 4785; x_wconf 86' lang='lat' dir='ltr'><strong>ﬁdes</strong></span> <span class='ocrx_word' id='word_1_334' title='bbox 753 4730 1120 4785; x_wconf 87' lang='lat' dir='ltr'><strong>adhibeatur?</strong></span> <span class='ocrx_word' id='word_1_335' title='bbox 1165 4729 1362 4784; x_wconf 83' lang='lat' dir='ltr'><strong>Verum</strong></span> <span class='ocrx_word' id='word_1_336' title='bbox 1407 4728 1511 4781; x_wconf 91' lang='lat' dir='ltr'><strong>etsi</strong></span> <span class='ocrx_word' id='word_1_337' title='bbox 1548 4726 1802 4780; x_wconf 86' lang='lat' dir='ltr'><strong>Theodo-</strong></span> 
     </span>
    </p>
   </div>
   <div class='ocr_carea' id='block_1_52' title="bbox 226 4817 1801 4882">
    <p class='ocr_par' dir='ltr' id='par_1_52' title="bbox 226 4817 1801 4882">
     <span class='ocr_line' id='line_1_52' title="bbox 226 4817 1801 4882; baseline -0.003 -7"><span class='ocrx_word' id='word_1_338' title='bbox 226 4830 382 4875; x_wconf 87' lang='lat' dir='ltr'><strong>retus</strong></span> <span class='ocrx_word' id='word_1_339' title='bbox 452 4837 565 4875; x_wconf 92' lang='lat' dir='ltr'><strong>non</strong></span> <span class='ocrx_word' id='word_1_340' title='bbox 621 4821 691 4873; x_wconf 91' lang='lat' dir='ltr'><strong>sit</strong></span> <span class='ocrx_word' id='word_1_341' title='bbox 750 4820 1049 4875; x_wconf 88' lang='lat' dir='ltr'><strong>assumenti</strong></span> <span class='ocrx_word' id='word_1_342' title='bbox 1108 4826 1323 4882; x_wconf 82' lang='lat' dir='ltr'><strong>auctor,</strong></span> <span class='ocrx_word' id='word_1_343' title='bbox 1386 4833 1496 4871; x_wconf 90' lang='lat' dir='ltr'><strong>non</strong></span> <span class='ocrx_word' id='word_1_344' title='bbox 1542 4817 1801 4871; x_wconf 88' lang='lat' dir='ltr'><strong>continuo</strong></span> 
     </span>
    </p>
   </div>
   <div class='ocr_carea' id='block_1_53' title="bbox 230 4908 1799 4982">
    <p class='ocr_par' dir='ltr' id='par_1_53' title="bbox 230 4908 1799 4982">
     <span class='ocr_line' id='line_1_53' title="bbox 230 4908 1799 4982; baseline -0.002 -18"><span class='ocrx_word' id='word_1_345' title='bbox 230 4912 415 4982; x_wconf 83' lang='lat' dir='ltr'><strong>ignota</strong></span> <span class='ocrx_word' id='word_1_346' title='bbox 450 4921 615 4966; x_wconf 90' lang='lat' dir='ltr'><strong>erunt</strong></span> <span class='ocrx_word' id='word_1_347' title='bbox 637 4927 757 4981; x_wconf 74' lang='lat' dir='ltr'><strong>qua:</strong></span> <span class='ocrx_word' id='word_1_348' title='bbox 792 4911 859 4965; x_wconf 92' lang='lat' dir='ltr'><strong>de</strong></span> <span class='ocrx_word' id='word_1_349' title='bbox 888 4911 996 4964; x_wconf 86' lang='lat' dir='ltr'><strong>vita</strong></span> <span class='ocrx_word' id='word_1_350' title='bbox 1024 4910 1260 4964; x_wconf 88' lang='lat' dir='ltr'><strong>Nestorii</strong></span> <span class='ocrx_word' id='word_1_351' title='bbox 1302 4909 1407 4962; x_wconf 89' lang='lat' dir='ltr'><strong>hoc</strong></span> <span class='ocrx_word' id='word_1_352' title='bbox 1441 4909 1497 4962; x_wconf 88' lang='lat' dir='ltr'><strong>in</strong></span> <span class='ocrx_word' id='word_1_353' title='bbox 1527 4908 1648 4962; x_wconf 92' lang='lat' dir='ltr'><strong>loco</strong></span> <span class='ocrx_word' id='word_1_354' title='bbox 1690 4916 1799 4961; x_wconf 83' lang='lat' dir='ltr'><strong>tra—</strong></span> 
     </span>
    </p>
   </div>
   <div class='ocr_carea' id='block_1_54' title="bbox 231 4998 1799 5071">
    <p class='ocr_par' dir='ltr' id='par_1_54' title="bbox 231 4998 1799 5071">
     <span class='ocr_line' id='line_1_54' title="bbox 231 4998 1799 5071; baseline -0.003 -15"><span class='ocrx_word' id='word_1_355' title='bbox 231 5004 444 5057; x_wconf 89' lang='lat' dir='ltr'><strong>duntur</strong></span> <span class='ocrx_word' id='word_1_356' title='bbox 469 5021 482 5054; x_wconf 95' lang='lat'>:</span> <span class='ocrx_word' id='word_1_357' title='bbox 520 5017 646 5055; x_wconf 90' lang='lat' dir='ltr'><strong>nam</strong></span> <span class='ocrx_word' id='word_1_358' title='bbox 675 5002 874 5071; x_wconf 90' lang='lat' dir='ltr'><strong>primo,</strong></span> <span class='ocrx_word' id='word_1_359' title='bbox 900 5014 1020 5070; x_wconf 65' lang='lat' dir='ltr'><strong>qua:</strong></span> <span class='ocrx_word' id='word_1_360' title='bbox 1048 5014 1177 5053; x_wconf 86' lang='lat' dir='ltr'><strong>vera</strong></span> <span class='ocrx_word' id='word_1_361' title='bbox 1204 5007 1352 5061; x_wconf 90' lang='lat' dir='ltr'><strong>sunt,</strong></span> <span class='ocrx_word' id='word_1_362' title='bbox 1374 5006 1433 5050; x_wconf 88' lang='lat' dir='ltr'><strong>ut</strong></span> <span class='ocrx_word' id='word_1_363' title='bbox 1459 4998 1658 5051; x_wconf 81' lang='lat' dir='ltr'><strong>eximia</strong></span> <span class='ocrx_word' id='word_1_364' title='bbox 1684 4998 1799 5051; x_wconf 90' lang='lat' dir='ltr'><strong>elo-</strong></span> 
     </span>
    </p>
   </div>
   <div class='ocr_carea' id='block_1_55' title="bbox 229 5085 1799 5161">
    <p class='ocr_par' dir='ltr' id='par_1_55' title="bbox 229 5085 1799 5161">
     <span class='ocr_line' id='line_1_55' title="bbox 229 5085 1799 5161; baseline -0.004 -16"><span class='ocrx_word' id='word_1_365' title='bbox 229 5091 482 5161; x_wconf 89' lang='lat' dir='ltr'><strong>quentia,</strong></span> <span class='ocrx_word' id='word_1_366' title='bbox 512 5089 903 5157; x_wconf 82' lang='lat' dir='ltr'><strong>extemporalis</strong></span> <span class='ocrx_word' id='word_1_367' title='bbox 922 5087 1139 5142; x_wconf 89' lang='lat' dir='ltr'><strong>dicendi</strong></span> <span class='ocrx_word' id='word_1_368' title='bbox 1166 5085 1415 5147; x_wconf 90' lang='lat' dir='ltr'><strong>facultas,</strong></span> <span class='ocrx_word' id='word_1_369' title='bbox 1439 5094 1493 5139; x_wconf 92' lang='lat' dir='ltr'><strong>et</strong></span> <span class='ocrx_word' id='word_1_370' title='bbox 1520 5085 1799 5139; x_wconf 87' lang='lat' dir='ltr'><strong>abstinen-</strong></span> 
     </span>
    </p>
   </div>
   <div class='ocr_carea' id='block_1_56' title="bbox 230 5176 1801 5250">
    <p class='ocr_par' dir='ltr' id='par_1_56' title="bbox 230 5176 1801 5250">
     <span class='ocr_line' id='line_1_56' title="bbox 230 5176 1801 5250; baseline -0.004 -15"><span class='ocrx_word' id='word_1_371' title='bbox 230 5185 338 5247; x_wconf 85' lang='lat' dir='ltr'><strong>tia,</strong></span> <span class='ocrx_word' id='word_1_372' title='bbox 398 5180 606 5250; x_wconf 89' lang='lat' dir='ltr'><strong>quibus</strong></span> <span class='ocrx_word' id='word_1_373' title='bbox 661 5178 1127 5234; x_wconf 90' lang='lat' dir='ltr'><strong>conciliatricibus</strong></span> <span class='ocrx_word' id='word_1_374' title='bbox 1176 5176 1523 5246; x_wconf 90' lang='lat' dir='ltr'><strong>imperatoris</strong></span> <span class='ocrx_word' id='word_1_375' title='bbox 1575 5177 1801 5244; x_wconf 83' lang='lat' dir='ltr'><strong>gratiam</strong></span> 
     </span>
    </p>
   </div>
   <div class='ocr_carea' id='block_1_57' title="bbox 230 5265 1804 5342">
    <p class='ocr_par' dir='ltr' id='par_1_57' title="bbox 230 5265 1804 5342">
     <span class='ocr_line' id='line_1_57' title="bbox 230 5265 1804 5342; baseline -0.004 -16"><span class='ocrx_word' id='word_1_376' title='bbox 230 5272 467 5342; x_wconf 82' lang='lat' dir='ltr'><strong>adeptus</strong></span> <span class='ocrx_word' id='word_1_377' title='bbox 487 5278 591 5335; x_wconf 85' lang='lat' dir='ltr'><strong>est,</strong></span> <span class='ocrx_word' id='word_1_378' title='bbox 638 5285 707 5324; x_wconf 82' lang='lat' dir='ltr'><strong>ex</strong></span> <span class='ocrx_word' id='word_1_379' title='bbox 751 5269 819 5323; x_wconf 79' lang='grc' dir='ltr'><strong>Μ.</strong></span> <span class='ocrx_word' id='word_1_380' title='bbox 852 5269 1149 5323; x_wconf 85' lang='lat' dir='ltr'><strong>Mercatore</strong></span> <span class='ocrx_word' id='word_1_381' title='bbox 1177 5266 1420 5337; x_wconf 85' lang='lat' dir='ltr'><strong>ejusdem</strong></span> <span class='ocrx_word' id='word_1_382' title='bbox 1460 5281 1583 5320; x_wconf 87' lang='lat' dir='ltr'><strong>cum</strong></span> <span class='ocrx_word' id='word_1_383' title='bbox 1612 5265 1804 5319; x_wconf 85' lang='lat' dir='ltr'><strong>Nesto-</strong></span> 
     </span>
    </p>
   </div>
   <div class='ocr_carea' id='block_1_58' title="bbox 232 5356 1803 5431">
    <p class='ocr_par' dir='ltr' id='par_1_58' title="bbox 232 5356 1803 5431">
     <span class='ocr_line' id='line_1_58' title="bbox 232 5356 1803 5431; baseline -0.003 -16"><span class='ocrx_word' id='word_1_384' title='bbox 232 5362 314 5416; x_wconf 86' lang='lat' dir='ltr'><strong>rio</strong></span> <span class='ocrx_word' id='word_1_385' title='bbox 366 5361 568 5422; x_wconf 67' lang='lat' dir='ltr'><strong>aetatis,</strong></span> <span class='ocrx_word' id='word_1_386' title='bbox 630 5358 794 5431; x_wconf 64' lang='grc'><strong>410</strong></span> <span class='ocrx_word' id='word_1_387' title='bbox 852 5366 1014 5427; x_wconf 90' lang='lat' dir='ltr'><strong>atque</strong></span> <span class='ocrx_word' id='word_1_388' title='bbox 1054 5358 1218 5412; x_wconf 90' lang='lat' dir='ltr'><strong>etiam</strong></span> <span class='ocrx_word' id='word_1_389' title='bbox 1264 5371 1329 5410; x_wconf 80' lang='lat' dir='ltr'><strong>ex</strong></span> <span class='ocrx_word' id='word_1_390' title='bbox 1374 5357 1596 5409; x_wconf 87' lang='lat' dir='ltr'><strong>Socrate</strong></span> <span class='ocrx_word' id='word_1_391' title='bbox 1646 5356 1803 5410; x_wconf 90' lang='lat' dir='ltr'><strong>inno-</strong></span> 
     </span>
    </p>
   </div>
   <div class='ocr_carea' id='block_1_59' title="bbox 232 5460 473 5509">
    <p class='ocr_par' dir='ltr' id='par_1_59' title="bbox 232 5460 473 5509">
     <span class='ocr_line' id='line_1_59' title="bbox 232 5460 473 5509; baseline -0.004 -3"><span class='ocrx_word' id='word_1_392' title='bbox 232 5460 473 5509; x_wconf 88' lang='lat' dir='ltr'><strong>tescurit.</strong></span> 
     </span>
    </p>
   </div>
   <div class='ocr_carea' id='block_1_60' title="bbox 1895 567 3458 645">
    <p class='ocr_par' dir='ltr' id='par_1_60' title="bbox 1895 567 3458 645">
     <span class='ocr_line' id='line_1_60' title="bbox 1895 567 3458 645; baseline 0.007 -26"><span class='ocrx_word' id='word_1_393' title='bbox 1895 567 2277 622; x_wconf 82' lang='lat' dir='ltr'><strong>&#39;lheodoretus</strong></span> <span class='ocrx_word' id='word_1_394' title='bbox 2320 568 2574 639; x_wconf 71' lang='lat' dir='ltr'><strong>Cyr-ensis</strong></span> <span class='ocrx_word' id='word_1_395' title='bbox 2614 588 2721 626; x_wconf 86' lang='lat' dir='ltr'><strong>non</strong></span> <span class='ocrx_word' id='word_1_396' title='bbox 2758 572 3059 642; x_wconf 86' lang='lat' dir='ltr'><strong>scripserit,</strong></span> <span class='ocrx_word' id='word_1_397' title='bbox 3107 584 3285 645; x_wconf 88' lang='lat' dir='ltr'><strong>potest</strong></span> <span class='ocrx_word' id='word_1_398' title='bbox 3318 578 3458 633; x_wconf 80' lang='lat' dir='ltr'><strong>alter</strong></span> 
     </span>
    </p>
   </div>
   <div class='ocr_carea' id='block_1_61' title="bbox 1894 658 3456 729">
    <p class='ocr_par' dir='ltr' id='par_1_61' title="bbox 1894 658 3456 729">
     <span class='ocr_line' id='line_1_61' title="bbox 1894 658 3456 729; baseline 0.01 -20"><span class='ocrx_word' id='word_1_399' title='bbox 1894 658 2109 727; x_wconf 87' lang='lat' dir='ltr'><strong>aliquis,</strong></span> <span class='ocrx_word' id='word_1_400' title='bbox 2170 674 2274 712; x_wconf 83' lang='lat' dir='ltr'><strong>nec</strong></span> <span class='ocrx_word' id='word_1_401' title='bbox 2320 660 2572 728; x_wconf 86' lang='lat' dir='ltr'><strong>ignobilis</strong></span> <span class='ocrx_word' id='word_1_402' title='bbox 2620 678 2720 717; x_wconf 88' lang='lat' dir='ltr'><strong>nec</strong></span> <span class='ocrx_word' id='word_1_403' title='bbox 2761 664 2986 717; x_wconf 82' lang='lat' dir='ltr'><strong>alterius</strong></span> <span class='ocrx_word' id='word_1_404' title='bbox 3041 667 3299 729; x_wconf 86' lang='lat' dir='ltr'><strong>nominis,</strong></span> <span class='ocrx_word' id='word_1_405' title='bbox 3346 669 3456 724; x_wconf 85' lang='lat' dir='ltr'><strong>dici</strong></span> 
     </span>
    </p>
   </div>
   <div class='ocr_carea' id='block_1_62' title="bbox 1893 746 3455 813">
    <p class='ocr_par' dir='ltr' id='par_1_62' title="bbox 1893 746 3455 813">
     <span class='ocr_line' id='line_1_62' title="bbox 1893 746 3455 813; baseline 0.007 -13"><span class='ocrx_word' id='word_1_406' title='bbox 1893 759 2102 801; x_wconf 78' lang='lat' dir='ltr'><strong>auctor.</strong></span> <span class='ocrx_word' id='word_1_407' title='bbox 2128 746 2269 802; x_wconf 89' lang='lat' dir='ltr'><strong>Olim</strong></span> <span class='ocrx_word' id='word_1_408' title='bbox 2287 758 2437 803; x_wconf 84' lang='lat' dir='ltr'><strong>certe</strong></span> <span class='ocrx_word' id='word_1_409' title='bbox 2453 751 2817 809; x_wconf 82' lang='lat' dir='ltr'><strong>Damascenus</strong></span> <span class='ocrx_word' id='word_1_410' title='bbox 2839 764 2895 809; x_wconf 86' lang='lat' dir='ltr'><strong>et</strong></span> <span class='ocrx_word' id='word_1_411' title='bbox 2916 755 3235 811; x_wconf 84' lang='lat' dir='ltr'><strong>Theodorus</strong></span> <span class='ocrx_word' id='word_1_412' title='bbox 3260 758 3455 813; x_wconf 74' lang='lat' dir='ltr'><strong>Lector</strong></span> 
     </span>
    </p>
   </div>
   <div class='ocr_carea' id='block_1_63' title="bbox 1893 838 3457 913">
    <p class='ocr_par' dir='ltr' id='par_1_63' title="bbox 1893 838 3457 913">
     <span class='ocr_line' id='line_1_63' title="bbox 1893 838 3457 913; baseline 0.009 -23"><span class='ocrx_word' id='word_1_413' title='bbox 1893 838 2116 892; x_wconf 82' lang='lat' dir='ltr'><strong>Patrum</strong></span> <span class='ocrx_word' id='word_1_414' title='bbox 2143 848 2324 904; x_wconf 83' lang='lat' dir='ltr'><strong>aetate,</strong></span> <span class='ocrx_word' id='word_1_415' title='bbox 2362 840 2629 896; x_wconf 81' lang='lat' dir='ltr'><strong>Baronius</strong></span> <span class='ocrx_word' id='word_1_416' title='bbox 2654 859 2783 898; x_wconf 79' lang='lat' dir='ltr'><strong>vero</strong></span> <span class='ocrx_word' id='word_1_417' title='bbox 2802 846 2868 899; x_wconf 91' lang='lat' dir='ltr'><strong>ad</strong></span> <span class='ocrx_word' id='word_1_418' title='bbox 2890 863 3093 901; x_wconf 90' lang='lat' dir='ltr'><strong>annum</strong></span> <span class='ocrx_word' id='word_1_419' title='bbox 3120 847 3241 911; x_wconf 58' lang='lat'><strong>49$,</strong></span> <span class='ocrx_word' id='word_1_420' title='bbox 3280 866 3332 902; x_wconf 93' lang='lat' dir='ltr'><strong>n.</strong></span> <span class='ocrx_word' id='word_1_421' title='bbox 3369 850 3457 913; x_wconf 88' lang='lat'><strong>60,</strong></span> 
     </span>
    </p>
   </div>
   <div class='ocr_carea' id='block_1_64' title="bbox 1893 930 3463 1007">
    <p class='ocr_par' dir='ltr' id='par_1_64' title="bbox 1893 930 3463 1007">
     <span class='ocr_line' id='line_1_64' title="bbox 1893 930 3463 1007; baseline 0.007 -24"><span class='ocrx_word' id='word_1_422' title='bbox 1893 930 2207 997; x_wconf 77' lang='lat' dir='ltr'><strong>producunt</strong></span> <span class='ocrx_word' id='word_1_423' title='bbox 2257 931 2656 986; x_wconf 83' lang='lat' dir='ltr'><strong>Theodoretum</strong></span> <span class='ocrx_word' id='word_1_424' title='bbox 2701 935 2950 1001; x_wconf 83' lang='lat' dir='ltr'><strong>alterum,</strong></span> <span class='ocrx_word' id='word_1_425' title='bbox 2990 940 3082 1007; x_wconf 90' lang='lat' dir='ltr'><strong>qui</strong></span> <span class='ocrx_word' id='word_1_426' title='bbox 3131 938 3463 994; x_wconf 77' lang='lat' dir='ltr'><strong>Ecclesiastt-</strong></span> 
     </span>
    </p>
   </div>
   <div class='ocr_carea' id='block_1_65' title="bbox 1894 1023 3461 1100">
    <p class='ocr_par' dir='ltr' id='par_1_65' title="bbox 1894 1023 3461 1100">
     <span class='ocr_line' id='line_1_65' title="bbox 1894 1023 3461 1100; baseline 0.01 -29"><span class='ocrx_word' id='word_1_427' title='bbox 1894 1036 2008 1073; x_wconf 86' lang='lat' dir='ltr'><strong>cam</strong></span> <span class='ocrx_word' id='word_1_428' title='bbox 2035 1023 2309 1077; x_wconf 78' lang='lat' dir='ltr'><strong>historiam</strong></span> <span class='ocrx_word' id='word_1_429' title='bbox 2332 1026 2722 1093; x_wconf 90' lang='lat' dir='ltr'><strong>composuerit,</strong></span> <span class='ocrx_word' id='word_1_430' title='bbox 2749 1028 2953 1095; x_wconf 89' lang='lat' dir='ltr'><strong>quique</strong></span> <span class='ocrx_word' id='word_1_431' title='bbox 2983 1031 3139 1099; x_wconf 91' lang='lat' dir='ltr'><strong>longe</strong></span> <span class='ocrx_word' id='word_1_432' title='bbox 3170 1047 3198 1085; x_wconf 92' lang='lat' dir='ltr'><strong>a</strong></span> <span class='ocrx_word' id='word_1_433' title='bbox 3234 1030 3461 1100; x_wconf 75' lang='lat' dir='ltr'><strong>Cyrensi</strong></span> 
     </span>
    </p>
   </div>
   <div class='ocr_carea' id='block_1_66' title="bbox 1894 1107 3457 1187">
    <p class='ocr_par' dir='ltr' id='par_1_66' title="bbox 1894 1107 3457 1187">
     <span class='ocr_line' id='line_1_66' title="bbox 1894 1107 3457 1187; baseline 0.007 -25"><span class='ocrx_word' id='word_1_434' title='bbox 1894 1107 2080 1173; x_wconf 82' lang='lat' dir='ltr'><strong>distet,</strong></span> <span class='ocrx_word' id='word_1_435' title='bbox 2108 1127 2234 1165; x_wconf 90' lang='lat' dir='ltr'><strong>cum</strong></span> <span class='ocrx_word' id='word_1_436' title='bbox 2272 1129 2360 1166; x_wconf 90' lang='lat' dir='ltr'><strong>res</strong></span> <span class='ocrx_word' id='word_1_437' title='bbox 2388 1114 2673 1168; x_wconf 81' lang='lat' dir='ltr'><strong>Anastasio</strong></span> <span class='ocrx_word' id='word_1_438' title='bbox 2717 1116 3019 1185; x_wconf 89' lang='lat' dir='ltr'><strong>imperante</strong></span> <span class='ocrx_word' id='word_1_439' title='bbox 3049 1129 3225 1187; x_wconf 84' lang='lat' dir='ltr'><strong>gestas</strong></span> <span class='ocrx_word' id='word_1_440' title='bbox 3253 1131 3457 1175; x_wconf 89' lang='lat' dir='ltr'><strong>narret.</strong></span> 
     </span>
    </p>
   </div>
   <div class='ocr_carea' id='block_1_67' title="bbox 1898 1197 3460 1281">
    <p class='ocr_par' dir='ltr' id='par_1_67' title="bbox 1898 1197 3460 1281">
     <span class='ocr_line' id='line_1_67' title="bbox 1898 1197 3460 1281; baseline 0.01 -31"><span class='ocrx_word' id='word_1_441' title='bbox 1898 1197 2057 1252; x_wconf 84' lang='lat' dir='ltr'><strong>Hunc</strong></span> <span class='ocrx_word' id='word_1_442' title='bbox 2080 1208 2296 1255; x_wconf 90' lang='lat' dir='ltr'><strong>veteres</strong></span> <span class='ocrx_word' id='word_1_443' title='bbox 2337 1202 2412 1254; x_wconf 91' lang='lat' dir='ltr'><strong>illi</strong></span> <span class='ocrx_word' id='word_1_444' title='bbox 2449 1202 2557 1256; x_wconf 94' lang='lat' dir='ltr'><strong>duo</strong></span> <span class='ocrx_word' id='word_1_445' title='bbox 2585 1204 2988 1261; x_wconf 87' lang='lat' dir='ltr'><strong>Theodoretum</strong></span> <span class='ocrx_word' id='word_1_446' title='bbox 3014 1209 3336 1277; x_wconf 89' lang='lat' dir='ltr'><strong>simpliciter</strong></span> <span class='ocrx_word' id='word_1_447' title='bbox 3363 1227 3460 1281; x_wconf 88' lang='lat' dir='ltr'><strong>ap-</strong></span> 
     </span>
    </p>
   </div>
   <div class='ocr_carea' id='block_1_68' title="bbox 1893 1290 3462 1371">
    <p class='ocr_par' dir='ltr' id='par_1_68' title="bbox 1893 1290 3462 1371">
     <span class='ocr_line' id='line_1_68' title="bbox 1893 1290 3462 1371; baseline 0.009 -28"><span class='ocrx_word' id='word_1_448' title='bbox 1893 1290 2120 1358; x_wconf 81' lang='lat' dir='ltr'><strong>pellant,</strong></span> <span class='ocrx_word' id='word_1_449' title='bbox 2149 1291 2426 1360; x_wconf 87' lang='lat' dir='ltr'><strong>juniorem</strong></span> <span class='ocrx_word' id='word_1_450' title='bbox 2451 1292 2714 1348; x_wconf 88' lang='lat' dir='ltr'><strong>Baronius</strong></span> <span class='ocrx_word' id='word_1_451' title='bbox 2733 1298 3242 1369; x_wconf 85' lang='lat' dir='ltr'><strong>nominat,eumque</strong></span> <span class='ocrx_word' id='word_1_452' title='bbox 3275 1312 3462 1371; x_wconf 88' lang='lat' dir='ltr'><strong>aperte</strong></span> 
     </span>
    </p>
   </div>
   <div class='ocr_carea' id='block_1_69' title="bbox 1894 1378 3459 1451">
    <p class='ocr_par' dir='ltr' id='par_1_69' title="bbox 1894 1378 3459 1451">
     <span class='ocr_line' id='line_1_69' title="bbox 1894 1378 3459 1451; baseline 0.008 -22"><span class='ocrx_word' id='word_1_453' title='bbox 1894 1378 2089 1445; x_wconf 86' lang='lat' dir='ltr'><strong>probat</strong></span> <span class='ocrx_word' id='word_1_454' title='bbox 2121 1393 2229 1431; x_wconf 90' lang='lat' dir='ltr'><strong>non</strong></span> <span class='ocrx_word' id='word_1_455' title='bbox 2255 1394 2283 1432; x_wconf 91' lang='lat' dir='ltr'><strong>a</strong></span> <span class='ocrx_word' id='word_1_456' title='bbox 2314 1379 2537 1449; x_wconf 84' lang='lat' dir='ltr'><strong>Cyrensi</strong></span> <span class='ocrx_word' id='word_1_457' title='bbox 2589 1388 2796 1434; x_wconf 90' lang='lat' dir='ltr'><strong>tantum</strong></span> <span class='ocrx_word' id='word_1_458' title='bbox 2846 1382 3191 1439; x_wconf 87' lang='lat' dir='ltr'><strong>Theodoreto</strong></span> <span class='ocrx_word' id='word_1_459' title='bbox 3216 1388 3459 1451; x_wconf 74' lang='lat' dir='ltr'><strong>differre,</strong></span> 
     </span>
    </p>
   </div>
   <div class='ocr_carea' id='block_1_70' title="bbox 1896 1468 3460 1544">
    <p class='ocr_par' dir='ltr' id='par_1_70' title="bbox 1896 1468 3460 1544">
     <span class='ocr_line' id='line_1_70' title="bbox 1896 1468 3460 1544; baseline 0.009 -24"><span class='ocrx_word' id='word_1_460' title='bbox 1896 1468 1989 1521; x_wconf 89' lang='lat' dir='ltr'><strong>sed</strong></span> <span class='ocrx_word' id='word_1_461' title='bbox 2022 1470 2187 1522; x_wconf 87' lang='lat' dir='ltr'><strong>etiam</strong></span> <span class='ocrx_word' id='word_1_462' title='bbox 2241 1485 2270 1523; x_wconf 88' lang='lat' dir='ltr'><strong>a</strong></span> <span class='ocrx_word' id='word_1_463' title='bbox 2316 1470 2605 1524; x_wconf 89' lang='lat' dir='ltr'><strong>Theodoro</strong></span> <span class='ocrx_word' id='word_1_464' title='bbox 2641 1473 2888 1537; x_wconf 85' lang='lat' dir='ltr'><strong>Lectore,</strong></span> <span class='ocrx_word' id='word_1_465' title='bbox 2926 1474 2980 1528; x_wconf 91' lang='lat' dir='ltr'><strong>in</strong></span> <span class='ocrx_word' id='word_1_466' title='bbox 3008 1490 3116 1544; x_wconf 88' lang='lat' dir='ltr'><strong>quo</strong></span> <span class='ocrx_word' id='word_1_467' title='bbox 3146 1477 3460 1534; x_wconf 86' lang='lat' dir='ltr'><strong>Damasceni</strong></span> 
     </span>
    </p>
   </div>
   <div class='ocr_carea' id='block_1_71' title="bbox 1896 1555 3465 1636">
    <p class='ocr_par' dir='ltr' id='par_1_71' title="bbox 1896 1555 3465 1636">
     <span class='ocr_line' id='line_1_71' title="bbox 1896 1555 3465 1636; baseline 0.01 -28"><span class='ocrx_word' id='word_1_468' title='bbox 1896 1555 2237 1611; x_wconf 88' lang='lat' dir='ltr'><strong>Scholiasten</strong></span> <span class='ocrx_word' id='word_1_469' title='bbox 2280 1561 2477 1613; x_wconf 90' lang='lat' dir='ltr'><strong>merito</strong></span> <span class='ocrx_word' id='word_1_470' title='bbox 2506 1562 2749 1631; x_wconf 85' lang='lat' dir='ltr'><strong>castigat,</strong></span> <span class='ocrx_word' id='word_1_471' title='bbox 2811 1573 2873 1617; x_wconf 90' lang='lat' dir='ltr'><strong>ut</strong></span> <span class='ocrx_word' id='word_1_472' title='bbox 2917 1581 3078 1633; x_wconf 91' lang='lat' dir='ltr'><strong>quem</strong></span> <span class='ocrx_word' id='word_1_473' title='bbox 3112 1577 3359 1636; x_wconf 87' lang='lat' dir='ltr'><strong>oporteat</strong></span> <span class='ocrx_word' id='word_1_474' title='bbox 3385 1570 3465 1623; x_wconf 89' lang='lat' dir='ltr'><strong>in-</strong></span> 
     </span>
    </p>
   </div>
   <div class='ocr_carea' id='block_1_72' title="bbox 1894 1648 3460 1729">
    <p class='ocr_par' dir='ltr' id='par_1_72' title="bbox 1894 1648 3460 1729">
     <span class='ocr_line' id='line_1_72' title="bbox 1894 1648 3460 1729; baseline 0.009 -28"><span class='ocrx_word' id='word_1_475' title='bbox 1894 1648 2110 1703; x_wconf 84' lang='lat' dir='ltr'><strong>curiose</strong></span> <span class='ocrx_word' id='word_1_476' title='bbox 2145 1660 2415 1705; x_wconf 88' lang='lat' dir='ltr'><strong>versatum</strong></span> <span class='ocrx_word' id='word_1_477' title='bbox 2454 1668 2573 1707; x_wconf 89' lang='lat' dir='ltr'><strong>esse</strong></span> <span class='ocrx_word' id='word_1_478' title='bbox 2604 1656 2658 1707; x_wconf 85' lang='lat' dir='ltr'><strong>in</strong></span> <span class='ocrx_word' id='word_1_479' title='bbox 2685 1654 2804 1708; x_wconf 92' lang='lat' dir='ltr'><strong>loco</strong></span> <span class='ocrx_word' id='word_1_480' title='bbox 2832 1656 3460 1729; x_wconf 85' lang='lat' dir='ltr'><strong>Damasceni,siquidem</strong></span> 
     </span>
    </p>
   </div>
   <div class='ocr_carea' id='block_1_73' title="bbox 1894 1741 3462 1827">
    <p class='ocr_par' dir='ltr' id='par_1_73' title="bbox 1894 1741 3462 1827">
     <span class='ocr_line' id='line_1_73' title="bbox 1894 1741 3462 1827; baseline 0.006 -33"><span class='ocrx_word' id='word_1_481' title='bbox 1894 1741 2293 1795; x_wconf 85' lang='lat' dir='ltr'><strong>emendandum</strong></span> <span class='ocrx_word' id='word_1_482' title='bbox 2329 1751 2481 1827; x_wconf 78' lang='lat' dir='ltr'><strong>ratus</strong></span> <span class='ocrx_word' id='word_1_483' title='bbox 2529 1746 2629 1803; x_wconf 83' lang='lat' dir='ltr'><strong>sit.</strong></span> <span class='ocrx_word' id='word_1_484' title='bbox 2682 1761 2989 1815; x_wconf 88' lang='lat' dir='ltr'><strong>nomenque</strong></span> <span class='ocrx_word' id='word_1_485' title='bbox 3040 1748 3313 1803; x_wconf 91' lang='lat' dir='ltr'><strong>Theodori</strong></span> <span class='ocrx_word' id='word_1_486' title='bbox 3361 1766 3462 1820; x_wconf 89' lang='lat' dir='ltr'><strong>pro</strong></span> 
     </span>
    </p>
   </div>
   <div class='ocr_carea' id='block_1_74' title="bbox 1830 1815 3458 1906">
    <p class='ocr_par' dir='ltr' id='par_1_74' title="bbox 1830 1815 3458 1906">
     <span class='ocr_line' id='line_1_74' title="bbox 1830 1815 3458 1906; baseline 0.008 -24"><span class='ocrx_word' id='word_1_487' title='bbox 1830 1815 1869 1867; x_wconf 74' lang='grc' dir='ltr'><strong><em>Β</em></strong></span> <span class='ocrx_word' id='word_1_488' title='bbox 1898 1832 2118 1885; x_wconf 89' lang='lat' dir='ltr'><strong>nomine</strong></span> <span class='ocrx_word' id='word_1_489' title='bbox 2166 1818 2493 1888; x_wconf 74' lang='lat' dir='ltr'><strong>Theodoreti</strong></span> <span class='ocrx_word' id='word_1_490' title='bbox 2548 1836 2967 1905; x_wconf 77' lang='lat' dir='ltr'><strong>subjiciendum.</strong></span> <span class='ocrx_word' id='word_1_491' title='bbox 3038 1840 3263 1906; x_wconf 64' lang='lat' dir='ltr'><strong>Quantae</strong></span> <span class='ocrx_word' id='word_1_492' title='bbox 3313 1815 3458 1895; x_wconf 80' lang='lat' dir='ltr'><strong>enim</strong></span> 
     </span>
    </p>
   </div>
   <div class='ocr_carea' id='block_1_75' title="bbox 1902 1921 3462 1991">
    <p class='ocr_par' dir='ltr' id='par_1_75' title="bbox 1902 1921 3462 1991">
     <span class='ocr_line' id='line_1_75' title="bbox 1902 1921 3462 1991; baseline 0.01 -20"><span class='ocrx_word' id='word_1_493' title='bbox 1902 1921 2125 1975; x_wconf 73' lang='lat' dir='ltr'><strong>incuria:</strong></span> <span class='ocrx_word' id='word_1_494' title='bbox 2180 1930 2266 1976; x_wconf 91' lang='lat' dir='ltr'><strong>est</strong></span> <span class='ocrx_word' id='word_1_495' title='bbox 2320 1923 2509 1979; x_wconf 54' lang='lat' dir='ltr'><strong>isthtec</strong></span> <span class='ocrx_word' id='word_1_496' title='bbox 2567 1926 2898 1991; x_wconf 88' lang='lat' dir='ltr'><strong>emendatio,</strong></span> <span class='ocrx_word' id='word_1_497' title='bbox 2968 1945 3092 1983; x_wconf 90' lang='lat' dir='ltr'><strong>cum</strong></span> <span class='ocrx_word' id='word_1_498' title='bbox 3144 1931 3462 1987; x_wconf 82' lang='lat' dir='ltr'><strong>Theodorus</strong></span> 
     </span>
    </p>
   </div>
   <div class='ocr_carea' id='block_1_76' title="bbox 1901 2012 3463 2077">
    <p class='ocr_par' dir='ltr' id='par_1_76' title="bbox 1901 2012 3463 2077">
     <span class='ocr_line' id='line_1_76' title="bbox 1901 2012 3463 2077; baseline 0.008 -13"><span class='ocrx_word' id='word_1_499' title='bbox 1901 2012 2301 2066; x_wconf 83' lang='lat' dir='ltr'><strong>&#39;l&#39;lieodoretuin</strong></span> <span class='ocrx_word' id='word_1_500' title='bbox 2344 2014 2491 2069; x_wconf 89' lang='lat' dir='ltr'><strong>hunc</strong></span> <span class='ocrx_word' id='word_1_501' title='bbox 2542 2016 2761 2070; x_wconf 85' lang='lat' dir='ltr'><strong>laudet?</strong></span> <span class='ocrx_word' id='word_1_502' title='bbox 2812 2018 3044 2073; x_wconf 89' lang='lat' dir='ltr'><strong>Baronio</strong></span> <span class='ocrx_word' id='word_1_503' title='bbox 3096 2032 3463 2077; x_wconf 84' lang='lat' dir='ltr'><strong>consentanea</strong></span> 
     </span>
    </p>
   </div>
   <div class='ocr_carea' id='block_1_77' title="bbox 1897 2104 3459 2169">
    <p class='ocr_par' dir='ltr' id='par_1_77' title="bbox 1897 2104 3459 2169">
     <span class='ocr_line' id='line_1_77' title="bbox 1897 2104 3459 2169; baseline 0.01 -15"><span class='ocrx_word' id='word_1_504' title='bbox 1897 2104 2089 2156; x_wconf 77' lang='lat' dir='ltr'><strong>scribit</strong></span> <span class='ocrx_word' id='word_1_505' title='bbox 2112 2105 2195 2157; x_wconf 90' lang='lat' dir='ltr'><strong>vir</strong></span> <span class='ocrx_word' id='word_1_506' title='bbox 2232 2106 2488 2160; x_wconf 85' lang='lat' dir='ltr'><strong>eruditus</strong></span> <span class='ocrx_word' id='word_1_507' title='bbox 2527 2108 2793 2164; x_wconf 88' lang='lat' dir='ltr'><strong>Henricus</strong></span> <span class='ocrx_word' id='word_1_508' title='bbox 2837 2112 3084 2167; x_wconf 77' lang='lat' dir='ltr'><strong>Valesius</strong></span> <span class='ocrx_word' id='word_1_509' title='bbox 3118 2113 3172 2166; x_wconf 90' lang='lat' dir='ltr'><strong>in</strong></span> <span class='ocrx_word' id='word_1_510' title='bbox 3203 2114 3356 2169; x_wconf 86' lang='lat' dir='ltr'><strong>Notis</strong></span> <span class='ocrx_word' id='word_1_511' title='bbox 3393 2117 3459 2168; x_wconf 89' lang='lat' dir='ltr'><strong>ad</strong></span> 
     </span>
    </p>
   </div>
   <div class='ocr_carea' id='block_1_78' title="bbox 1900 2196 2567 2252">
    <p class='ocr_par' dir='ltr' id='par_1_78' title="bbox 1900 2196 2567 2252">
     <span class='ocr_line' id='line_1_78' title="bbox 1900 2196 2567 2252; baseline 0.007 -5"><span class='ocrx_word' id='word_1_512' title='bbox 1900 2196 2174 2250; x_wconf 84' lang='lat' dir='ltr'><strong>Theodori</strong></span> <span class='ocrx_word' id='word_1_513' title='bbox 2202 2196 2567 2252; x_wconf 84' lang='lat' dir='ltr'><strong>Collectanea.</strong></span> 
     </span>
    </p>
   </div>
   <div class='ocr_carea' id='block_1_79' title="bbox 1969 2309 3463 2389">
    <p class='ocr_par' dir='ltr' id='par_1_79' title="bbox 1969 2309 3463 2389">
     <span class='ocr_line' id='line_1_79' title="bbox 1969 2309 3463 2389; baseline 0.008 -27"><span class='ocrx_word' id='word_1_514' title='bbox 1969 2309 2106 2363; x_wconf 74' lang='lat' dir='ltr'><strong>XVI.</strong></span> <span class='ocrx_word' id='word_1_515' title='bbox 2142 2310 2331 2365; x_wconf 86' lang='lat' dir='ltr'><strong>Sentio</strong></span> <span class='ocrx_word' id='word_1_516' title='bbox 2360 2315 2525 2378; x_wconf 78' lang='lat' dir='ltr'><strong>igitur</strong></span> <span class='ocrx_word' id='word_1_517' title='bbox 2556 2322 2726 2367; x_wconf 91' lang='lat' dir='ltr'><strong>totum</strong></span> <span class='ocrx_word' id='word_1_518' title='bbox 2759 2315 2809 2370; x_wconf 91' lang='lat' dir='ltr'><strong>id</strong></span> <span class='ocrx_word' id='word_1_519' title='bbox 2844 2317 2910 2381; x_wconf 82' lang='grc'><strong>⁸⁷,</strong></span> <span class='ocrx_word' id='word_1_520' title='bbox 2943 2318 3088 2387; x_wconf 93' lang='lat' dir='ltr'><strong>quod</strong></span> <span class='ocrx_word' id='word_1_521' title='bbox 3116 2319 3198 2373; x_wconf 74' lang='lat' dir='ltr'><strong>vel</strong></span> <span class='ocrx_word' id='word_1_522' title='bbox 3234 2319 3463 2389; x_wconf 82' lang='lat' dir='ltr'><strong>epistola</strong></span> 
     </span>
    </p>
   </div>
   <div class='ocr_carea' id='block_1_80' title="bbox 1898 2400 3465 2473">
    <p class='ocr_par' dir='ltr' id='par_1_80' title="bbox 1898 2400 3465 2473">
     <span class='ocr_line' id='line_1_80' title="bbox 1898 2400 3465 2473; baseline 0.008 -21"><span class='ocrx_word' id='word_1_523' title='bbox 1898 2400 1981 2453; x_wconf 84' lang='lat' dir='ltr'><strong>vel</strong></span> <span class='ocrx_word' id='word_1_524' title='bbox 2034 2400 2211 2468; x_wconf 88' lang='lat' dir='ltr'><strong>capite</strong></span> <span class='ocrx_word' id='word_1_525' title='bbox 2270 2402 2595 2458; x_wconf 83' lang='lat' dir='ltr'><strong>duodecimo</strong></span> <span class='ocrx_word' id='word_1_526' title='bbox 2650 2408 2983 2473; x_wconf 85' lang='lat' dir='ltr'><strong>continetur,</strong></span> <span class='ocrx_word' id='word_1_527' title='bbox 3050 2426 3078 2463; x_wconf 90' lang='lat' dir='ltr'><strong>a</strong></span> <span class='ocrx_word' id='word_1_528' title='bbox 3123 2410 3465 2466; x_wconf 88' lang='lat' dir='ltr'><strong>Theodoreto</strong></span> 
     </span>
    </p>
   </div>
   <div class='ocr_carea' id='block_1_81' title="bbox 1893 2490 3461 2574">
    <p class='ocr_par' dir='ltr' id='par_1_81' title="bbox 1893 2490 3461 2574">
     <span class='ocr_line' id='line_1_81' title="bbox 1893 2490 3461 2574; baseline 0.009 -31"><span class='ocrx_word' id='word_1_529' title='bbox 1893 2490 2111 2560; x_wconf 87' lang='lat' dir='ltr'><strong>juniore</strong></span> <span class='ocrx_word' id='word_1_530' title='bbox 2141 2496 2505 2559; x_wconf 89' lang='lat' dir='ltr'><strong>compositum</strong></span> <span class='ocrx_word' id='word_1_531' title='bbox 2538 2498 2723 2559; x_wconf 86' lang='lat' dir='ltr'><strong>fuisse.</strong></span> <span class='ocrx_word' id='word_1_532' title='bbox 2758 2510 2813 2553; x_wconf 85' lang='lat' dir='ltr'><strong>et</strong></span> <span class='ocrx_word' id='word_1_533' title='bbox 2843 2503 3185 2570; x_wconf 86' lang='lat' dir='ltr'><strong>suppositum</strong></span> <span class='ocrx_word' id='word_1_534' title='bbox 3216 2502 3461 2574; x_wconf 85' lang='lat' dir='ltr'><strong>Cyrensi.</strong></span> 
     </span>
    </p>
   </div>
   <div class='ocr_carea' id='block_1_82' title="bbox 1900 2580 3465 2661">
    <p class='ocr_par' dir='ltr' id='par_1_82' title="bbox 1900 2580 3465 2661">
     <span class='ocr_line' id='line_1_82' title="bbox 1900 2580 3465 2661; baseline 0.01 -28"><span class='ocrx_word' id='word_1_535' title='bbox 1900 2580 2057 2634; x_wconf 82' lang='lat' dir='ltr'><strong>Ratio</strong></span> <span class='ocrx_word' id='word_1_536' title='bbox 2095 2580 2367 2636; x_wconf 89' lang='lat' dir='ltr'><strong>sentiendi</strong></span> <span class='ocrx_word' id='word_1_537' title='bbox 2424 2592 2524 2646; x_wconf 89' lang='lat' dir='ltr'><strong>est,</strong></span> <span class='ocrx_word' id='word_1_538' title='bbox 2579 2588 2722 2654; x_wconf 89' lang='lat' dir='ltr'><strong>quod</strong></span> <span class='ocrx_word' id='word_1_539' title='bbox 2776 2599 3180 2654; x_wconf 86' lang='lat' dir='ltr'><strong>assumentum,</strong></span> <span class='ocrx_word' id='word_1_540' title='bbox 3227 2609 3336 2661; x_wconf 91' lang='lat' dir='ltr'><strong>quo</strong></span> <span class='ocrx_word' id='word_1_541' title='bbox 3397 2594 3465 2648; x_wconf 86' lang='lat' dir='ltr'><strong>de</strong></span> 
     </span>
    </p>
   </div>
   <div class='ocr_carea' id='block_1_83' title="bbox 1899 2670 3464 2745">
    <p class='ocr_par' dir='ltr' id='par_1_83' title="bbox 1899 2670 3464 2745">
     <span class='ocr_line' id='line_1_83' title="bbox 1899 2670 3464 2745; baseline 0.009 -23"><span class='ocrx_word' id='word_1_542' title='bbox 1899 2670 2135 2738; x_wconf 86' lang='lat' dir='ltr'><strong>agimus,</strong></span> <span class='ocrx_word' id='word_1_543' title='bbox 2196 2680 2404 2739; x_wconf 83' lang='lat' dir='ltr'><strong>partem</strong></span> <span class='ocrx_word' id='word_1_544' title='bbox 2470 2672 2637 2727; x_wconf 90' lang='lat' dir='ltr'><strong>fuisse</strong></span> <span class='ocrx_word' id='word_1_545' title='bbox 2691 2676 2943 2730; x_wconf 72' lang='lat' dir='ltr'><strong>Historia:</strong></span> <span class='ocrx_word' id='word_1_546' title='bbox 2995 2679 3287 2732; x_wconf 80' lang='lat' dir='ltr'><strong>ostendant</strong></span> <span class='ocrx_word' id='word_1_547' title='bbox 3333 2683 3464 2745; x_wconf 89' lang='lat' dir='ltr'><strong>tria,</strong></span> 
     </span>
    </p>
   </div>
   <div class='ocr_carea' id='block_1_84' title="bbox 1898 2759 3462 2843">
    <p class='ocr_par' dir='ltr' id='par_1_84' title="bbox 1898 2759 3462 2843">
     <span class='ocr_line' id='line_1_84' title="bbox 1898 2759 3462 2843; baseline 0.012 -32"><span class='ocrx_word' id='word_1_548' title='bbox 1898 2759 2217 2824; x_wconf 84' lang='lat' dir='ltr'><strong>exordium,</strong></span> <span class='ocrx_word' id='word_1_549' title='bbox 2270 2763 2509 2816; x_wconf 90' lang='lat' dir='ltr'><strong>medium</strong></span> <span class='ocrx_word' id='word_1_550' title='bbox 2571 2773 2622 2818; x_wconf 87' lang='lat' dir='ltr'><strong>et</strong></span> <span class='ocrx_word' id='word_1_551' title='bbox 2678 2765 2818 2821; x_wconf 83' lang='lat' dir='ltr'><strong>ﬁnis.</strong></span> <span class='ocrx_word' id='word_1_552' title='bbox 2877 2767 2967 2822; x_wconf 86' lang='lat' dir='ltr'><strong>Sic</strong></span> <span class='ocrx_word' id='word_1_553' title='bbox 3021 2770 3165 2824; x_wconf 85' lang='lat' dir='ltr'><strong>enim</strong></span> <span class='ocrx_word' id='word_1_554' title='bbox 3230 2772 3462 2843; x_wconf 88' lang='lat' dir='ltr'><strong>incipit:</strong></span> 
     </span>
    </p>
   </div>
   <div class='ocr_carea' id='block_1_85' title="bbox 1908 2851 3467 2937">
    <p class='ocr_par' dir='ltr' id='par_1_85' title="bbox 1908 2851 3467 2937">
     <span class='ocr_line' id='line_1_85' title="bbox 1908 2851 3467 2937; baseline 0.013 -36"><span class='ocrx_word' id='word_1_555' title='bbox 1908 2870 1925 2901; x_wconf 85' lang='grc'>‹</span> <span class='ocrx_word' id='word_1_556' title='bbox 1964 2851 2259 2921; x_wconf 87' lang='lat' dir='ltr'><strong>Postquam</strong></span> <span class='ocrx_word' id='word_1_557' title='bbox 2296 2855 2500 2908; x_wconf 87' lang='lat' dir='ltr'><strong>mundo</strong></span> <span class='ocrx_word' id='word_1_558' title='bbox 2537 2858 2795 2925; x_wconf 86' lang='lat' dir='ltr'><strong>paulatim</strong></span> <span class='ocrx_word' id='word_1_559' title='bbox 2827 2860 3064 2925; x_wconf 85' lang='lat' dir='ltr'><strong>labente,</strong></span> <span class='ocrx_word' id='word_1_560' title='bbox 3109 2870 3162 2915; x_wconf 89' lang='lat' dir='ltr'><strong>et</strong></span> <span class='ocrx_word' id='word_1_561' title='bbox 3200 2864 3267 2917; x_wconf 91' lang='lat' dir='ltr'><strong>ad</strong></span> <span class='ocrx_word' id='word_1_562' title='bbox 3303 2865 3467 2937; x_wconf 87' lang='lat' dir='ltr'><strong>hujus</strong></span> 
     </span>
    </p>
   </div>
   <div class='ocr_carea' id='block_1_86' title="bbox 1900 2943 3466 3025">
    <p class='ocr_par' dir='ltr' id='par_1_86' title="bbox 1900 2943 3466 3025">
     <span class='ocr_line' id='line_1_86' title="bbox 1900 2943 3466 3025; baseline 0.011 -31"><span class='ocrx_word' id='word_1_563' title='bbox 1900 2943 2140 2996; x_wconf 84' lang='lat' dir='ltr'><strong>universi</strong></span> <span class='ocrx_word' id='word_1_564' title='bbox 2187 2944 2603 2999; x_wconf 79' lang='lat' dir='ltr'><strong>dissolutionem</strong></span> <span class='ocrx_word' id='word_1_565' title='bbox 2650 2948 2961 3013; x_wconf 84' lang='lat' dir='ltr'><strong>festinante,</strong></span> <span class='ocrx_word' id='word_1_566' title='bbox 2989 2954 3364 3025; x_wconf 86' lang='lat' dir='ltr'><strong>unusquisque</strong></span> <span class='ocrx_word' id='word_1_567' title='bbox 3406 2974 3466 3013; x_wconf 90' lang='lat' dir='ltr'><strong>se</strong></span> 
     </span>
    </p>
   </div>
   <div class='ocr_carea' id='block_1_87' title="bbox 1902 3032 3462 3118">
    <p class='ocr_par' dir='ltr' id='par_1_87' title="bbox 1902 3032 3462 3118">
     <span class='ocr_line' id='line_1_87' title="bbox 1902 3032 3462 3118; baseline 0.013 -33"><span class='ocrx_word' id='word_1_568' title='bbox 1902 3032 2157 3087; x_wconf 89' lang='lat' dir='ltr'><strong>idoneum</strong></span> <span class='ocrx_word' id='word_1_569' title='bbox 2196 3036 2415 3103; x_wconf 88' lang='lat' dir='ltr'><strong>pietatis</strong></span> <span class='ocrx_word' id='word_1_570' title='bbox 2439 3039 2757 3108; x_wconf 89' lang='lat' dir='ltr'><strong>magistrum</strong></span> <span class='ocrx_word' id='word_1_571' title='bbox 2795 3043 3145 3107; x_wconf 75' lang='lat' dir='ltr'><strong>existimavit,</strong></span> <span class='ocrx_word' id='word_1_572' title='bbox 3177 3063 3302 3101; x_wconf 90' lang='lat' dir='ltr'><strong>cum</strong></span> <span class='ocrx_word' id='word_1_573' title='bbox 3334 3065 3462 3118; x_wconf 88' lang='lat' dir='ltr'><strong>pro-</strong></span> 
     </span>
    </p>
   </div>
   <div class='ocr_carea' id='block_1_88' title="bbox 1825 3125 3462 3202">
    <p class='ocr_par' dir='ltr' id='par_1_88' title="bbox 1825 3125 3462 3202">
     <span class='ocr_line' id='line_1_88' title="bbox 1825 3125 3462 3202; baseline 0.012 -29"><span class='ocrx_word' id='word_1_574' title='bbox 1825 3131 2022 3198; x_wconf 53' lang='lat' dir='ltr'><strong>c&#39;pter</strong></span> <span class='ocrx_word' id='word_1_575' title='bbox 2069 3125 2391 3192; x_wconf 69' lang='lat' dir='ltr'><strong>ignorantiae</strong></span> <span class='ocrx_word' id='word_1_576' title='bbox 2440 3127 2638 3182; x_wconf 87' lang='lat' dir='ltr'><strong>fastum</strong></span> <span class='ocrx_word' id='word_1_577' title='bbox 2696 3146 2858 3185; x_wconf 88' lang='lat' dir='ltr'><strong>nemo</strong></span> <span class='ocrx_word' id='word_1_578' title='bbox 2887 3134 3095 3188; x_wconf 87' lang='lat' dir='ltr'><strong>discere</strong></span> <span class='ocrx_word' id='word_1_579' title='bbox 3145 3138 3462 3202; x_wconf 81' lang='lat' dir='ltr'><strong>sustineret,</strong></span> 
     </span>
    </p>
   </div>
   <div class='ocr_carea' id='block_1_89' title="bbox 1898 3214 3461 3291">
    <p class='ocr_par' dir='ltr' id='par_1_89' title="bbox 1898 3214 3461 3291">
     <span class='ocr_line' id='line_1_89' title="bbox 1898 3214 3461 3291; baseline 0.012 -25"><span class='ocrx_word' id='word_1_580' title='bbox 1898 3214 2172 3269; x_wconf 90' lang='lat' dir='ltr'><strong>homicida</strong></span> <span class='ocrx_word' id='word_1_581' title='bbox 2207 3216 2439 3281; x_wconf 60' lang='lat' dir='ltr'><strong>daemon,</strong></span> <span class='ocrx_word' id='word_1_582' title='bbox 2484 3219 2753 3274; x_wconf 90' lang='lat' dir='ltr'><strong>mendacii</strong></span> <span class='ocrx_word' id='word_1_583' title='bbox 2794 3232 2966 3291; x_wconf 90' lang='lat' dir='ltr'><strong>pater,</strong></span> <span class='ocrx_word' id='word_1_584' title='bbox 3003 3225 3335 3282; x_wconf 86' lang='lat' dir='ltr'><strong>zizaniorum</strong></span> <span class='ocrx_word' id='word_1_585' title='bbox 3380 3245 3461 3284; x_wconf 91' lang='lat' dir='ltr'><strong>se-</strong></span> 
     </span>
    </p>
   </div>
   <div class='ocr_carea' id='block_1_90' title="bbox 1899 3304 3465 3379">
    <p class='ocr_par' dir='ltr' id='par_1_90' title="bbox 1899 3304 3465 3379">
     <span class='ocr_line' id='line_1_90' title="bbox 1899 3304 3465 3379; baseline 0.012 -23"><span class='ocrx_word' id='word_1_586' title='bbox 1899 3304 2166 3368; x_wconf 91' lang='lat' dir='ltr'><strong>minator,</strong></span> <span class='ocrx_word' id='word_1_587' title='bbox 2221 3322 2331 3361; x_wconf 91' lang='lat' dir='ltr'><strong>non</strong></span> <span class='ocrx_word' id='word_1_588' title='bbox 2384 3310 2617 3378; x_wconf 89' lang='lat' dir='ltr'><strong>amplius</strong></span> <span class='ocrx_word' id='word_1_589' title='bbox 2644 3326 2741 3379; x_wconf 91' lang='lat' dir='ltr'><strong>per</strong></span> <span class='ocrx_word' id='word_1_590' title='bbox 2773 3323 3028 3369; x_wconf 81' lang='lat' dir='ltr'><strong>externos</strong></span> <span class='ocrx_word' id='word_1_591' title='bbox 3062 3326 3115 3371; x_wconf 92' lang='lat' dir='ltr'><strong>et</strong></span> <span class='ocrx_word' id='word_1_592' title='bbox 3147 3319 3465 3375; x_wconf 84' lang='lat' dir='ltr'><strong>manifestos</strong></span> 
     </span>
    </p>
   </div>
   <div class='ocr_carea' id='block_1_91' title="bbox 1901 3392 3463 3468">
    <p class='ocr_par' dir='ltr' id='par_1_91' title="bbox 1901 3392 3463 3468">
     <span class='ocr_line' id='line_1_91' title="bbox 1901 3392 3463 3468; baseline 0.012 -23"><span class='ocrx_word' id='word_1_593' title='bbox 1901 3392 2085 3447; x_wconf 90' lang='lat' dir='ltr'><strong>hostes</strong></span> <span class='ocrx_word' id='word_1_594' title='bbox 2116 3393 2377 3449; x_wconf 88' lang='lat' dir='ltr'><strong>adversus</strong></span> <span class='ocrx_word' id='word_1_595' title='bbox 2408 3398 2705 3453; x_wconf 84' lang='lat' dir='ltr'><strong>Ecclesiam</strong></span> <span class='ocrx_word' id='word_1_596' title='bbox 2741 3416 2890 3455; x_wconf 89' lang='lat' dir='ltr'><strong>arma</strong></span> <span class='ocrx_word' id='word_1_597' title='bbox 2914 3404 3103 3468; x_wconf 90' lang='lat' dir='ltr'><strong>movit,</strong></span> <span class='ocrx_word' id='word_1_598' title='bbox 3132 3406 3224 3460; x_wconf 89' lang='lat' dir='ltr'><strong>sed</strong></span> <span class='ocrx_word' id='word_1_599' title='bbox 3258 3408 3463 3462; x_wconf 67' lang='lat' dir='ltr'><strong>instru~</strong></span> 
     </span>
    </p>
   </div>
   <div class='ocr_carea' id='block_1_92' title="bbox 1901 3488 3465 3559">
    <p class='ocr_par' dir='ltr' id='par_1_92' title="bbox 1901 3488 3465 3559">
     <span class='ocr_line' id='line_1_92' title="bbox 1901 3488 3465 3559; baseline 0.01 -24"><span class='ocrx_word' id='word_1_600' title='bbox 1901 3492 2143 3537; x_wconf 87' lang='lat' dir='ltr'><strong>mentum</strong></span> <span class='ocrx_word' id='word_1_601' title='bbox 2177 3492 2390 3548; x_wconf 87' lang='lat' dir='ltr'><strong>nactus,</strong></span> <span class='ocrx_word' id='word_1_602' title='bbox 2424 3488 2567 3555; x_wconf 90' lang='lat' dir='ltr'><strong>quod</strong></span> <span class='ocrx_word' id='word_1_603' title='bbox 2596 3505 2832 3554; x_wconf 89' lang='lat' dir='ltr'><strong>omnem,</strong></span> <span class='ocrx_word' id='word_1_604' title='bbox 2863 3501 2921 3545; x_wconf 91' lang='lat' dir='ltr'><strong>ut</strong></span> <span class='ocrx_word' id='word_1_605' title='bbox 2957 3494 3028 3546; x_wconf 91' lang='lat' dir='ltr'><strong>ita</strong></span> <span class='ocrx_word' id='word_1_606' title='bbox 3053 3494 3251 3559; x_wconf 87' lang='lat' dir='ltr'><strong>dicam,</strong></span> <span class='ocrx_word' id='word_1_607' title='bbox 3278 3497 3465 3551; x_wconf 88' lang='lat' dir='ltr'><strong>subito</strong></span> 
     </span>
    </p>
   </div>
   <div class='ocr_carea' id='block_1_93' title="bbox 1900 3574 3463 3655">
    <p class='ocr_par' dir='ltr' id='par_1_93' title="bbox 1900 3574 3463 3655">
     <span class='ocr_line' id='line_1_93' title="bbox 1900 3574 3463 3655; baseline 0.011 -30"><span class='ocrx_word' id='word_1_608' title='bbox 1900 3574 2018 3642; x_wconf 85' lang='lat' dir='ltr'><strong>ejus</strong></span> <span class='ocrx_word' id='word_1_609' title='bbox 2050 3583 2220 3627; x_wconf 89' lang='lat' dir='ltr'><strong>artem</strong></span> <span class='ocrx_word' id='word_1_610' title='bbox 2256 3576 2579 3644; x_wconf 82' lang='lat' dir='ltr'><strong>susciperet,</strong></span> <span class='ocrx_word' id='word_1_611' title='bbox 2617 3580 2718 3633; x_wconf 91' lang='lat' dir='ltr'><strong>sub</strong></span> <span class='ocrx_word' id='word_1_612' title='bbox 2761 3591 2922 3636; x_wconf 87' lang='lat' dir='ltr'><strong>rectae</strong></span> <span class='ocrx_word' id='word_1_613' title='bbox 2953 3584 3228 3652; x_wconf 89' lang='lat' dir='ltr'><strong>opinionis</strong></span> <span class='ocrx_word' id='word_1_614' title='bbox 3260 3588 3463 3655; x_wconf 84' lang='lat' dir='ltr'><strong>specie,</strong></span> 
     </span>
    </p>
   </div>
   <div class='ocr_carea' id='block_1_94' title="bbox 1904 3662 3469 3745">
    <p class='ocr_par' dir='ltr' id='par_1_94' title="bbox 1904 3662 3469 3745">
     <span class='ocr_line' id='line_1_94' title="bbox 1904 3662 3469 3745; baseline 0.011 -31"><span class='ocrx_word' id='word_1_615' title='bbox 1904 3662 2207 3717; x_wconf 82' lang='lat' dir='ltr'><strong>divinitatis</strong></span> <span class='ocrx_word' id='word_1_616' title='bbox 2232 3664 2393 3717; x_wconf 90' lang='lat' dir='ltr'><strong>simul</strong></span> <span class='ocrx_word' id='word_1_617' title='bbox 2423 3674 2478 3718; x_wconf 81' lang='lat' dir='ltr'><strong>et</strong></span> <span class='ocrx_word' id='word_1_618' title='bbox 2511 3666 2864 3724; x_wconf 88' lang='lat' dir='ltr'><strong>humanitatis</strong></span> <span class='ocrx_word' id='word_1_619' title='bbox 2898 3672 3171 3742; x_wconf 85' lang='lat' dir='ltr'><strong>Unigeniti</strong></span> <span class='ocrx_word' id='word_1_620' title='bbox 3224 3679 3469 3745; x_wconf 83' lang='lat' dir='ltr'><strong>negatio-</strong></span> 
     </span>
    </p>
   </div>
   <div class='ocr_carea' id='block_1_95' title="bbox 1904 3746 3464 3824">
    <p class='ocr_par' dir='ltr' id='par_1_95' title="bbox 1904 3746 3464 3824">
     <span class='ocr_line' id='line_1_95' title="bbox 1904 3746 3464 3824; baseline 0.011 -19"><span class='ocrx_word' id='word_1_621' title='bbox 1904 3768 2029 3806; x_wconf 89' lang='lat' dir='ltr'><strong>nem</strong></span> <span class='ocrx_word' id='word_1_622' title='bbox 2062 3754 2292 3817; x_wconf 88' lang='lat' dir='ltr'><strong>inducit,</strong></span> <span class='ocrx_word' id='word_1_623' title='bbox 2320 3746 2620 3824; x_wconf 78' lang='lat' dir='ltr'><strong>simplicem</strong></span> <span class='ocrx_word' id='word_1_624' title='bbox 2651 3768 2707 3811; x_wconf 87' lang='lat' dir='ltr'><strong>et</strong></span> <span class='ocrx_word' id='word_1_625' title='bbox 2728 3761 2959 3814; x_wconf 85' lang='lat' dir='ltr'><strong>artiﬁcio</strong></span> <span class='ocrx_word' id='word_1_626' title='bbox 2985 3774 3260 3820; x_wconf 83' lang='lat' dir='ltr'><strong>carentem</strong></span> <span class='ocrx_word' id='word_1_627' title='bbox 3304 3767 3464 3822; x_wconf 80' lang='lat' dir='ltr'><strong>fidem</strong></span> 
     </span>
    </p>
   </div>
   <div class='ocr_carea' id='block_1_96' title="bbox 1904 3844 3465 3922">
    <p class='ocr_par' dir='ltr' id='par_1_96' title="bbox 1904 3844 3465 3922">
     <span class='ocr_line' id='line_1_96' title="bbox 1904 3844 3465 3922; baseline 0.011 -26"><span class='ocrx_word' id='word_1_628' title='bbox 1904 3852 2145 3897; x_wconf 90' lang='lat' dir='ltr'><strong>nostram</strong></span> <span class='ocrx_word' id='word_1_629' title='bbox 2172 3844 2500 3900; x_wconf 50' lang='lat' dir='ltr'><strong>Graicanieis</strong></span> <span class='ocrx_word' id='word_1_630' title='bbox 2526 3850 2861 3905; x_wconf 78' lang='lat' dir='ltr'><strong>conturbatis</strong></span> <span class='ocrx_word' id='word_1_631' title='bbox 2892 3855 3117 3922; x_wconf 86' lang='lat' dir='ltr'><strong>argutiis</strong></span> <span class='ocrx_word' id='word_1_632' title='bbox 3155 3855 3223 3909; x_wconf 80' lang='grc'><strong>⁸⁸.</strong></span> <span class='ocrx_word' id='word_1_633' title='bbox 3271 3876 3289 3908; x_wconf 75' lang='grc' dir='ltr'><strong><em>ι</em></strong></span> <span class='ocrx_word' id='word_1_634' title='bbox 3326 3858 3465 3913; x_wconf 88' lang='lat' dir='ltr'><strong>Tum</strong></span> 
     </span>
    </p>
   </div>
   <div class='ocr_carea' id='block_1_97' title="bbox 1903 3934 3467 4014">
    <p class='ocr_par' dir='ltr' id='par_1_97' title="bbox 1903 3934 3467 4014">
     <span class='ocr_line' id='line_1_97' title="bbox 1903 3934 3467 4014; baseline 0.012 -28"><span class='ocrx_word' id='word_1_635' title='bbox 1903 3934 2138 3987; x_wconf 86' lang='lat' dir='ltr'><strong>Nestorii</strong></span> <span class='ocrx_word' id='word_1_636' title='bbox 2176 3936 2397 3987; x_wconf 87' lang='lat' dir='ltr'><strong>nomine</strong></span> <span class='ocrx_word' id='word_1_637' title='bbox 2430 3939 2733 4007; x_wconf 88' lang='lat' dir='ltr'><strong>appellato,</strong></span> <span class='ocrx_word' id='word_1_638' title='bbox 2788 3942 3185 4014; x_wconf 84' lang='lat' dir='ltr'><strong>descriptisque</strong></span> <span class='ocrx_word' id='word_1_639' title='bbox 3239 3948 3467 4005; x_wconf 80' lang='lat' dir='ltr'><strong>minori-</strong></span> 
     </span>
    </p>
   </div>
   <div class='ocr_carea' id='block_1_98' title="bbox 1905 4024 3467 4101">
    <p class='ocr_par' dir='ltr' id='par_1_98' title="bbox 1905 4024 3467 4101">
     <span class='ocr_line' id='line_1_98' title="bbox 1905 4024 3467 4101; baseline 0.012 -27"><span class='ocrx_word' id='word_1_640' title='bbox 1905 4024 2008 4075; x_wconf 87' lang='lat' dir='ltr'><strong>bus</strong></span> <span class='ocrx_word' id='word_1_641' title='bbox 2028 4063 2042 4085; x_wconf 90' lang='lat'><strong>,</strong></span> <span class='ocrx_word' id='word_1_642' title='bbox 2092 4032 2147 4076; x_wconf 80' lang='lat' dir='ltr'><strong>et</strong></span> <span class='ocrx_word' id='word_1_643' title='bbox 2195 4025 2431 4077; x_wconf 86' lang='lat' dir='ltr'><strong>narratis</strong></span> <span class='ocrx_word' id='word_1_644' title='bbox 2464 4027 2695 4091; x_wconf 90' lang='lat' dir='ltr'><strong>artibus,</strong></span> <span class='ocrx_word' id='word_1_645' title='bbox 2729 4030 2951 4097; x_wconf 88' lang='lat' dir='ltr'><strong>quibus,</strong></span> <span class='ocrx_word' id='word_1_646' title='bbox 2980 4041 3039 4084; x_wconf 91' lang='lat' dir='ltr'><strong>ut</strong></span> <span class='ocrx_word' id='word_1_647' title='bbox 3068 4032 3334 4101; x_wconf 90' lang='lat' dir='ltr'><strong>loquitur,</strong></span> <span class='ocrx_word' id='word_1_648' title='bbox 3361 4037 3467 4093; x_wconf 79' lang='lat' dir='ltr'><strong>Ec-</strong></span> 
     </span>
    </p>
   </div>
   <div class='ocr_carea' id='block_1_99' title="bbox 1904 4112 3469 4192">
    <p class='ocr_par' dir='ltr' id='par_1_99' title="bbox 1904 4112 3469 4192">
     <span class='ocr_line' id='line_1_99' title="bbox 1904 4112 3469 4192; baseline 0.011 -27"><span class='ocrx_word' id='word_1_649' title='bbox 1904 4114 2084 4167; x_wconf 74' lang='lat' dir='ltr'><strong>ciesize</strong></span> <span class='ocrx_word' id='word_1_650' title='bbox 2122 4113 2737 4185; x_wconf 70' lang='lat' dir='ltr'><strong>Constantinopolitante</strong></span> <span class='ocrx_word' id='word_1_651' title='bbox 2794 4120 3067 4190; x_wconf 90' lang='lat' dir='ltr'><strong>totiusque</strong></span> <span class='ocrx_word' id='word_1_652' title='bbox 3100 4112 3329 4192; x_wconf 88' lang='lat' dir='ltr'><strong>proinde</strong></span> <span class='ocrx_word' id='word_1_653' title='bbox 3373 4143 3469 4182; x_wconf 89' lang='lat' dir='ltr'><strong>or-</strong></span> 
     </span>
    </p>
   </div>
   <div class='ocr_carea' id='block_1_100' title="bbox 1902 4202 3467 4289">
    <p class='ocr_par' dir='ltr' id='par_1_100' title="bbox 1902 4202 3467 4289">
     <span class='ocr_line' id='line_1_100' title="bbox 1902 4202 3467 4289; baseline 0.013 -35"><span class='ocrx_word' id='word_1_654' title='bbox 1902 4202 1989 4255; x_wconf 88' lang='lat' dir='ltr'><strong>bis</strong></span> <span class='ocrx_word' id='word_1_655' title='bbox 2026 4203 2395 4271; x_wconf 88' lang='lat' dir='ltr'><strong>principatum</strong></span> <span class='ocrx_word' id='word_1_656' title='bbox 2425 4205 2652 4275; x_wconf 85' lang='lat' dir='ltr'><strong>adeptus</strong></span> <span class='ocrx_word' id='word_1_657' title='bbox 2675 4210 2746 4263; x_wconf 91' lang='lat' dir='ltr'><strong>sit</strong></span> <span class='ocrx_word' id='word_1_658' title='bbox 2781 4228 2793 4263; x_wconf 88' lang='lat'><strong>:</strong></span> <span class='ocrx_word' id='word_1_659' title='bbox 2822 4230 2839 4261; x_wconf 83' lang='grc'><strong><em>‹</em></strong></span> <span class='ocrx_word' id='word_1_660' title='bbox 2873 4212 3003 4266; x_wconf 88' lang='lat' dir='ltr'><strong>Inde</strong></span> <span class='ocrx_word' id='word_1_661' title='bbox 3027 4215 3160 4268; x_wconf 91' lang='lat' dir='ltr'><strong>mihi</strong></span> <span class='ocrx_word' id='word_1_662' title='bbox 3187 4215 3467 4289; x_wconf 86' lang='lat' dir='ltr'><strong>deinceps,</strong></span> 
     </span>
    </p>
   </div>
   <div class='ocr_carea' id='block_1_101' title="bbox 1903 4292 3471 4370">
    <p class='ocr_par' dir='ltr' id='par_1_101' title="bbox 1903 4292 3471 4370">
     <span class='ocr_line' id='line_1_101' title="bbox 1903 4292 3471 4370; baseline 0.011 -26"><span class='ocrx_word' id='word_1_663' title='bbox 1903 4292 2010 4353; x_wconf 91' lang='lat' dir='ltr'><strong>ait,</strong></span> <span class='ocrx_word' id='word_1_664' title='bbox 2095 4293 2371 4345; x_wconf 87' lang='lat' dir='ltr'><strong>enarratio</strong></span> <span class='ocrx_word' id='word_1_665' title='bbox 2444 4297 2869 4364; x_wconf 73' lang='lat' dir='ltr'><strong>tragmdiarum,</strong></span> <span class='ocrx_word' id='word_1_666' title='bbox 2957 4317 3078 4370; x_wconf 56' lang='lat' dir='ltr'><strong>quas</strong></span> <span class='ocrx_word' id='word_1_667' title='bbox 3153 4312 3354 4359; x_wconf 91' lang='lat' dir='ltr'><strong>terram</strong></span> <span class='ocrx_word' id='word_1_668' title='bbox 3412 4314 3471 4362; x_wconf 91' lang='lat' dir='ltr'><strong>et</strong></span> 
     </span>
    </p>
   </div>
   <div class='ocr_carea' id='block_1_102' title="bbox 1905 4380 3470 4463">
    <p class='ocr_par' dir='ltr' id='par_1_102' title="bbox 1905 4380 3470 4463">
     <span class='ocr_line' id='line_1_102' title="bbox 1905 4380 3470 4463; baseline 0.013 -32"><span class='ocrx_word' id='word_1_669' title='bbox 1905 4395 2054 4434; x_wconf 91' lang='lat' dir='ltr'><strong>mare</strong></span> <span class='ocrx_word' id='word_1_670' title='bbox 2088 4380 2479 4449; x_wconf 88' lang='lat' dir='ltr'><strong>propemodum</strong></span> <span class='ocrx_word' id='word_1_671' title='bbox 2512 4384 2874 4453; x_wconf 89' lang='lat' dir='ltr'><strong>impleverint.</strong></span> <span class='ocrx_word' id='word_1_672' title='bbox 2913 4406 2930 4438; x_wconf 70' lang='grc' dir='ltr'><strong><em>ι</em></strong></span> <span class='ocrx_word' id='word_1_673' title='bbox 2979 4390 3186 4445; x_wconf 83' lang='lat' dir='ltr'><strong>Deinde</strong></span> <span class='ocrx_word' id='word_1_674' title='bbox 3224 4397 3470 4463; x_wconf 81' lang='lat' dir='ltr'><strong>exponit,</strong></span> 
     </span>
    </p>
   </div>
   <div class='ocr_carea' id='block_1_103' title="bbox 1835 4472 3473 4555">
    <p class='ocr_par' dir='ltr' id='par_1_103' title="bbox 1835 4472 3473 4555">
     <span class='ocr_line' id='line_1_103' title="bbox 1835 4472 3473 4555; baseline 0.012 -34"><span class='ocrx_word' id='word_1_675' title='bbox 1835 4488 1875 4540; x_wconf 76' lang='grc' dir='ltr'><strong>ι)</strong></span> <span class='ocrx_word' id='word_1_676' title='bbox 1904 4472 2178 4539; x_wconf 87' lang='lat' dir='ltr'><strong>quomodo</strong></span> <span class='ocrx_word' id='word_1_677' title='bbox 2201 4482 2255 4525; x_wconf 88' lang='lat' dir='ltr'><strong>et</strong></span> <span class='ocrx_word' id='word_1_678' title='bbox 2283 4475 2590 4543; x_wconf 89' lang='lat' dir='ltr'><strong>eujusmodi</strong></span> <span class='ocrx_word' id='word_1_679' title='bbox 2631 4476 2863 4531; x_wconf 71' lang='lat' dir='ltr'><strong>hairesin</strong></span> <span class='ocrx_word' id='word_1_680' title='bbox 2898 4479 3183 4536; x_wconf 90' lang='lat' dir='ltr'><strong>Nestorius</strong></span> <span class='ocrx_word' id='word_1_681' title='bbox 3225 4488 3473 4555; x_wconf 84' lang='lat' dir='ltr'><strong>prepala-</strong></span> 
     </span>
    </p>
   </div>
   <div class='ocr_carea' id='block_1_104' title="bbox 1906 4559 3475 4634">
    <p class='ocr_par' dir='ltr' id='par_1_104' title="bbox 1906 4559 3475 4634">
     <span class='ocr_line' id='line_1_104' title="bbox 1906 4559 3475 4634; baseline 0.01 -23"><span class='ocrx_word' id='word_1_682' title='bbox 1906 4559 2082 4623; x_wconf 75' lang='lat' dir='ltr'><strong>verit;</strong></span> <span class='ocrx_word' id='word_1_683' title='bbox 2124 4567 2239 4613; x_wconf 89' lang='lat' dir='ltr'><strong>tum</strong></span> <span class='ocrx_word' id='word_1_684' title='bbox 2280 4561 2468 4615; x_wconf 88' lang='lat' dir='ltr'><strong>subdit</strong></span> <span class='ocrx_word' id='word_1_685' title='bbox 2502 4580 2513 4613; x_wconf 89' lang='lat'><strong>:</strong></span> <span class='ocrx_word' id='word_1_686' title='bbox 2561 4581 2579 4612; x_wconf 86' lang='grc'><strong>‹</strong></span> <span class='ocrx_word' id='word_1_687' title='bbox 2618 4561 2744 4617; x_wconf 69' lang='lat' dir='ltr'><strong>Haec</strong></span> <span class='ocrx_word' id='word_1_688' title='bbox 2794 4580 2824 4618; x_wconf 87' lang='lat' dir='ltr'><strong>a</strong></span> <span class='ocrx_word' id='word_1_689' title='bbox 2868 4582 2952 4619; x_wconf 90' lang='lat' dir='ltr'><strong>me</strong></span> <span class='ocrx_word' id='word_1_690' title='bbox 2996 4582 3167 4634; x_wconf 89' lang='lat' dir='ltr'><strong>pauca</strong></span> <span class='ocrx_word' id='word_1_691' title='bbox 3194 4569 3260 4623; x_wconf 92' lang='lat' dir='ltr'><strong>dc</strong></span> <span class='ocrx_word' id='word_1_692' title='bbox 3286 4574 3475 4627; x_wconf 89' lang='lat' dir='ltr'><strong>multis</strong></span> 
     </span>
    </p>
   </div>
   <div class='ocr_carea' id='block_1_105' title="bbox 1908 4649 3473 4721">
    <p class='ocr_par' dir='ltr' id='par_1_105' title="bbox 1908 4649 3473 4721">
     <span class='ocr_line' id='line_1_105' title="bbox 1908 4649 3473 4721; baseline 0.01 -19"><span class='ocrx_word' id='word_1_693' title='bbox 1908 4649 2049 4702; x_wconf 92' lang='lat' dir='ltr'><strong>dicta</strong></span> <span class='ocrx_word' id='word_1_694' title='bbox 2072 4657 2218 4713; x_wconf 89' lang='lat' dir='ltr'><strong>sunt,</strong></span> <span class='ocrx_word' id='word_1_695' title='bbox 2244 4650 2372 4703; x_wconf 93' lang='lat' dir='ltr'><strong>dum</strong></span> <span class='ocrx_word' id='word_1_696' title='bbox 2398 4651 2464 4704; x_wconf 90' lang='lat' dir='ltr'><strong>ad</strong></span> <span class='ocrx_word' id='word_1_697' title='bbox 2496 4655 2778 4721; x_wconf 90' lang='lat' dir='ltr'><strong>sequentia</strong></span> <span class='ocrx_word' id='word_1_698' title='bbox 2807 4654 3029 4710; x_wconf 88' lang='lat' dir='ltr'><strong>festinat</strong></span> <span class='ocrx_word' id='word_1_699' title='bbox 3067 4661 3262 4714; x_wconf 92' lang='lat' dir='ltr'><strong>oratio.</strong></span> <span class='ocrx_word' id='word_1_700' title='bbox 3304 4680 3321 4710; x_wconf 74' lang='grc' dir='ltr'><strong>ι</strong></span> <span class='ocrx_word' id='word_1_701' title='bbox 3352 4662 3473 4717; x_wconf 82' lang='lat' dir='ltr'><strong>Mox</strong></span> 
     </span>
    </p>
   </div>
   <div class='ocr_carea' id='block_1_106' title="bbox 1910 4738 3474 4813">
    <p class='ocr_par' dir='ltr' id='par_1_106' title="bbox 1910 4738 3474 4813">
     <span class='ocr_line' id='line_1_106' title="bbox 1910 4738 3474 4813; baseline 0.008 -22"><span class='ocrx_word' id='word_1_702' title='bbox 1910 4744 2164 4791; x_wconf 88' lang='lat' dir='ltr'><strong>enarrata</strong></span> <span class='ocrx_word' id='word_1_703' title='bbox 2210 4738 2453 4791; x_wconf 89' lang='lat' dir='ltr'><strong>breviter</strong></span> <span class='ocrx_word' id='word_1_704' title='bbox 2488 4740 2724 4794; x_wconf 87' lang='lat' dir='ltr'><strong>Nestorii</strong></span> <span class='ocrx_word' id='word_1_705' title='bbox 2773 4742 2840 4795; x_wconf 90' lang='lat' dir='ltr'><strong>ab</strong></span> <span class='ocrx_word' id='word_1_706' title='bbox 2884 4744 3176 4813; x_wconf 83' lang='lat' dir='ltr'><strong>Epliesinis</strong></span> <span class='ocrx_word' id='word_1_707' title='bbox 3217 4750 3474 4805; x_wconf 88' lang='lat' dir='ltr'><strong>Patribus</strong></span> 
     </span>
    </p>
   </div>
   <div class='ocr_carea' id='block_1_107' title="bbox 1910 4829 3476 4905">
    <p class='ocr_par' dir='ltr' id='par_1_107' title="bbox 1910 4829 3476 4905">
     <span class='ocr_line' id='line_1_107' title="bbox 1910 4829 3476 4905; baseline 0.01 -24"><span class='ocrx_word' id='word_1_708' title='bbox 1910 4829 2273 4897; x_wconf 88' lang='lat' dir='ltr'><strong>depositione,</strong></span> <span class='ocrx_word' id='word_1_709' title='bbox 2316 4830 2864 4902; x_wconf 88' lang='lat' dir='ltr'><strong>deportationejussu</strong></span> <span class='ocrx_word' id='word_1_710' title='bbox 2898 4836 3245 4905; x_wconf 89' lang='lat' dir='ltr'><strong>imperatoris</strong></span> <span class='ocrx_word' id='word_1_711' title='bbox 3288 4841 3341 4893; x_wconf 92' lang='lat' dir='ltr'><strong>in</strong></span> <span class='ocrx_word' id='word_1_712' title='bbox 3372 4839 3476 4896; x_wconf 89' lang='lat' dir='ltr'><strong>0a-</strong></span> 
     </span>
    </p>
   </div>
   <div class='ocr_carea' id='block_1_108' title="bbox 1910 4920 3469 4994">
    <p class='ocr_par' dir='ltr' id='par_1_108' title="bbox 1910 4920 3469 4994">
     <span class='ocr_line' id='line_1_108' title="bbox 1910 4920 3469 4994; baseline 0.007 -21"><span class='ocrx_word' id='word_1_713' title='bbox 1910 4920 2034 4981; x_wconf 89' lang='lat' dir='ltr'><strong>sim,</strong></span> <span class='ocrx_word' id='word_1_714' title='bbox 2092 4928 2148 4972; x_wconf 93' lang='lat' dir='ltr'><strong>et</strong></span> <span class='ocrx_word' id='word_1_715' title='bbox 2213 4920 2485 4974; x_wconf 90' lang='lat' dir='ltr'><strong>horrenda</strong></span> <span class='ocrx_word' id='word_1_716' title='bbox 2533 4933 2732 4986; x_wconf 84' lang='lat' dir='ltr'><strong>morte,</strong></span> <span class='ocrx_word' id='word_1_717' title='bbox 2781 4926 2956 4994; x_wconf 84' lang='lat' dir='ltr'><strong>pergit</strong></span> <span class='ocrx_word' id='word_1_718' title='bbox 2998 4928 3052 4980; x_wconf 89' lang='lat' dir='ltr'><strong>in</strong></span> <span class='ocrx_word' id='word_1_719' title='bbox 3106 4929 3221 4983; x_wconf 77' lang='lat' dir='ltr'><strong>haec</strong></span> <span class='ocrx_word' id='word_1_720' title='bbox 3263 4930 3469 4984; x_wconf 79' lang='lat' dir='ltr'><strong>verba:</strong></span> 
     </span>
    </p>
   </div>
   <div class='ocr_carea' id='block_1_109' title="bbox 1916 5010 3475 5086">
    <p class='ocr_par' dir='ltr' id='par_1_109' title="bbox 1916 5010 3475 5086">
     <span class='ocr_line' id='line_1_109' title="bbox 1916 5010 3475 5086; baseline 0.008 -25"><span class='ocrx_word' id='word_1_721' title='bbox 1916 5030 1932 5061; x_wconf 77' lang='grc'><strong>(</strong></span> <span class='ocrx_word' id='word_1_722' title='bbox 1962 5010 2111 5075; x_wconf 84' lang='lat' dir='ltr'><strong>Quae,</strong></span> <span class='ocrx_word' id='word_1_723' title='bbox 2153 5011 2282 5079; x_wconf 90' lang='lat' dir='ltr'><strong>quia</strong></span> <span class='ocrx_word' id='word_1_724' title='bbox 2325 5021 2453 5065; x_wconf 90' lang='lat' dir='ltr'><strong>sunt</strong></span> <span class='ocrx_word' id='word_1_725' title='bbox 2496 5013 2563 5064; x_wconf 91' lang='lat' dir='ltr'><strong>ab</strong></span> <span class='ocrx_word' id='word_1_726' title='bbox 2592 5013 2712 5066; x_wconf 89' lang='lat' dir='ltr'><strong>aliis</strong></span> <span class='ocrx_word' id='word_1_727' title='bbox 2743 5024 3017 5081; x_wconf 89' lang='lat' dir='ltr'><strong>enarrata,</strong></span> <span class='ocrx_word' id='word_1_728' title='bbox 3060 5020 3475 5086; x_wconf 57' lang='lat' dir='ltr'><strong>praetermittere</strong></span> 
     </span>
    </p>
   </div>
   <div class='ocr_carea' id='block_1_110' title="bbox 1904 5100 3476 5171">
    <p class='ocr_par' dir='ltr' id='par_1_110' title="bbox 1904 5100 3476 5171">
     <span class='ocr_line' id='line_1_110' title="bbox 1904 5100 3476 5171; baseline 0.007 -21"><span class='ocrx_word' id='word_1_729' title='bbox 1904 5106 2331 5152; x_wconf 88' lang='lat' dir='ltr'><strong>consentaneum</strong></span> <span class='ocrx_word' id='word_1_730' title='bbox 2360 5108 2459 5153; x_wconf 88' lang='lat' dir='ltr'><strong>est.</strong></span> <span class='ocrx_word' id='word_1_731' title='bbox 2499 5100 2578 5153; x_wconf 83' lang='lat' dir='ltr'><strong>Ad</strong></span> <span class='ocrx_word' id='word_1_732' title='bbox 2607 5100 2682 5163; x_wconf 92' lang='lat' dir='ltr'><strong>id,</strong></span> <span class='ocrx_word' id='word_1_733' title='bbox 2708 5103 2854 5170; x_wconf 90' lang='lat' dir='ltr'><strong>quod</strong></span> <span class='ocrx_word' id='word_1_734' title='bbox 2888 5104 3129 5160; x_wconf 66' lang='lat' dir='ltr'><strong>historia:</strong></span> <span class='ocrx_word' id='word_1_735' title='bbox 3156 5117 3260 5171; x_wconf 91' lang='lat' dir='ltr'><strong>est,</strong></span> <span class='ocrx_word' id='word_1_736' title='bbox 3287 5109 3476 5162; x_wconf 89' lang='lat' dir='ltr'><strong>venia-</strong></span> 
     </span>
    </p>
   </div>
   <div class='ocr_carea' id='block_1_111' title="bbox 1903 5190 3474 5269">
    <p class='ocr_par' dir='ltr' id='par_1_111' title="bbox 1903 5190 3474 5269">
     <span class='ocr_line' id='line_1_111' title="bbox 1903 5190 3474 5269; baseline 0.006 -26"><span class='ocrx_word' id='word_1_737' title='bbox 1903 5206 2043 5243; x_wconf 89' lang='lat' dir='ltr'><strong>mus.</strong></span> <span class='ocrx_word' id='word_1_738' title='bbox 2088 5209 2104 5239; x_wconf 79' lang='grc' dir='ltr'><strong><em>ι</em></strong></span> <span class='ocrx_word' id='word_1_739' title='bbox 2135 5190 2210 5243; x_wconf 77' lang='lat' dir='ltr'><strong>Ex</strong></span> <span class='ocrx_word' id='word_1_740' title='bbox 2242 5190 2329 5244; x_wconf 87' lang='lat' dir='ltr'><strong>his</strong></span> <span class='ocrx_word' id='word_1_741' title='bbox 2355 5192 2558 5256; x_wconf 88' lang='lat' dir='ltr'><strong>verbis,</strong></span> <span class='ocrx_word' id='word_1_742' title='bbox 2596 5208 2734 5262; x_wconf 68' lang='lat' dir='ltr'><strong>quaz,</strong></span> <span class='ocrx_word' id='word_1_743' title='bbox 2757 5196 2881 5263; x_wconf 85' lang='lat' dir='ltr'><strong>quia</strong></span> <span class='ocrx_word' id='word_1_744' title='bbox 2911 5203 3031 5248; x_wconf 80' lang='lat' dir='ltr'><strong>sunt</strong></span> <span class='ocrx_word' id='word_1_745' title='bbox 3068 5196 3132 5249; x_wconf 84' lang='lat' dir='ltr'><strong>ab</strong></span> <span class='ocrx_word' id='word_1_746' title='bbox 3166 5196 3321 5269; x_wconf 62' lang='grc'><strong>41],</strong></span> <span class='ocrx_word' id='word_1_747' title='bbox 3353 5199 3474 5253; x_wconf 73' lang='lat' dir='ltr'><strong>aliis</strong></span> 
     </span>
    </p>
   </div>
   <div class='ocr_carea' id='block_1_112' title="bbox 1903 5282 3477 5360">
    <p class='ocr_par' dir='ltr' id='par_1_112' title="bbox 1903 5282 3477 5360">
     <span class='ocr_line' id='line_1_112' title="bbox 1903 5282 3477 5360; baseline 0.007 -28"><span class='ocrx_word' id='word_1_748' title='bbox 1903 5289 2179 5342; x_wconf 82' lang='lat' dir='ltr'><strong>enarrata,</strong></span> <span class='ocrx_word' id='word_1_749' title='bbox 2209 5282 2493 5336; x_wconf 88' lang='lat' dir='ltr'><strong>manifesta</strong></span> <span class='ocrx_word' id='word_1_750' title='bbox 2527 5285 2908 5353; x_wconf 89' lang='lat' dir='ltr'><strong>suppeditatur</strong></span> <span class='ocrx_word' id='word_1_751' title='bbox 2930 5286 3325 5342; x_wconf 90' lang='lat' dir='ltr'><strong>demonstratio</strong></span> <span class='ocrx_word' id='word_1_752' title='bbox 3347 5304 3477 5360; x_wconf 87' lang='lat' dir='ltr'><strong>sup-</strong></span> 
     </span>
    </p>
   </div>
   <div class='ocr_carea' id='block_1_113' title="bbox 1906 5365 3474 5441">
    <p class='ocr_par' dir='ltr' id='par_1_113' title="bbox 1906 5365 3474 5441">
     <span class='ocr_line' id='line_1_113' title="bbox 1906 5365 3474 5441; baseline 0.006 -23"><span class='ocrx_word' id='word_1_753' title='bbox 1906 5365 2226 5434; x_wconf 88' lang='lat' dir='ltr'><strong>positionis;</strong></span> <span class='ocrx_word' id='word_1_754' title='bbox 2278 5382 2401 5419; x_wconf 89' lang='lat' dir='ltr'><strong>nam</strong></span> <span class='ocrx_word' id='word_1_755' title='bbox 2446 5367 2513 5420; x_wconf 92' lang='lat' dir='ltr'><strong>de</strong></span> <span class='ocrx_word' id='word_1_756' title='bbox 2558 5378 2735 5423; x_wconf 91' lang='lat' dir='ltr'><strong>morte</strong></span> <span class='ocrx_word' id='word_1_757' title='bbox 2778 5370 3014 5425; x_wconf 83' lang='lat' dir='ltr'><strong>Nestorii</strong></span> <span class='ocrx_word' id='word_1_758' title='bbox 3053 5373 3277 5441; x_wconf 86' lang='lat' dir='ltr'><strong>ejusque</strong></span> <span class='ocrx_word' id='word_1_759' title='bbox 3310 5374 3474 5428; x_wconf 86' lang='lat' dir='ltr'><strong>modo</strong></span> 
     </span>
    </p>
   </div>
   <div class='ocr_carea' id='block_1_114' title="bbox 1907 5453 3475 5530">
    <p class='ocr_par' dir='ltr' id='par_1_114' title="bbox 1907 5453 3475 5530">
     <span class='ocr_line' id='line_1_114' title="bbox 1907 5453 3475 5530; baseline 0.007 -24"><span class='ocrx_word' id='word_1_760' title='bbox 1907 5453 2072 5507; x_wconf 90' lang='lat' dir='ltr'><strong>silent</strong></span> <span class='ocrx_word' id='word_1_761' title='bbox 2098 5453 2351 5510; x_wconf 89' lang='lat' dir='ltr'><strong>Socrates</strong></span> <span class='ocrx_word' id='word_1_762' title='bbox 2374 5464 2427 5510; x_wconf 90' lang='lat' dir='ltr'><strong>et</strong></span> <span class='ocrx_word' id='word_1_763' title='bbox 2462 5456 2833 5513; x_wconf 86' lang='lat' dir='ltr'><strong>Sozomenus:</strong></span> <span class='ocrx_word' id='word_1_764' title='bbox 2868 5477 2976 5513; x_wconf 91' lang='lat' dir='ltr'><strong>non</strong></span> <span class='ocrx_word' id='word_1_765' title='bbox 3014 5477 3142 5516; x_wconf 90' lang='lat' dir='ltr'><strong>vero</strong></span> <span class='ocrx_word' id='word_1_766' title='bbox 3175 5471 3475 5530; x_wconf 89' lang='lat' dir='ltr'><strong>potuerunt</strong></span> 
     </span>
    </p>
   </div>
   <div class='ocr_carea' id='block_1_115' title="bbox 1564 5586 2152 5645">
    <p class='ocr_par' dir='ltr' id='par_1_115' title="bbox 1564 5586 2152 5645">
     <span class='ocr_line' id='line_1_115' title="bbox 1564 5586 2152 5645; baseline 0.007 -6"><span class='ocrx_word' id='word_1_767' title='bbox 1564 5586 1879 5643; x_wconf 83' lang='lat' dir='ltr'><strong>SCllULZII</strong></span> <span class='ocrx_word' id='word_1_768' title='bbox 1919 5588 2152 5645; x_wconf 68' lang='lat' dir='ltr'><strong>NOTAE.</strong></span> 
     </span>
    </p>
   </div>
   <div class='ocr_carea' id='block_1_116' title="bbox 295 5704 1372 5774">
    <p class='ocr_par' dir='ltr' id='par_1_116' title="bbox 295 5704 1372 5774">
     <span class='ocr_line' id='line_1_116' title="bbox 295 5704 1372 5774; baseline -0.002 -15"><span class='ocrx_word' id='word_1_769' title='bbox 295 5708 340 5739; x_wconf 83' lang='grc'><strong>⁸³</strong></span> <span class='ocrx_word' id='word_1_770' title='bbox 368 5705 486 5759; x_wconf 79' lang='lat' dir='ltr'><strong>Hoc</strong></span> <span class='ocrx_word' id='word_1_771' title='bbox 530 5711 853 5774; x_wconf 85' lang='lat' dir='ltr'><strong>argumento</strong></span> <span class='ocrx_word' id='word_1_772' title='bbox 880 5705 990 5771; x_wconf 89' lang='lat' dir='ltr'><strong>jam</strong></span> <span class='ocrx_word' id='word_1_773' title='bbox 1032 5718 1168 5758; x_wconf 89' lang='lat' dir='ltr'><strong>usus</strong></span> <span class='ocrx_word' id='word_1_774' title='bbox 1196 5711 1311 5759; x_wconf 89' lang='lat' dir='ltr'><strong>erat</strong></span> <span class='ocrx_word' id='word_1_775' title='bbox 1346 5704 1372 5773; x_wconf 81' lang='lat'>§</span> 
     </span>
    </p>
   </div>
   <div class='ocr_carea' id='block_1_117' title="bbox 1415 5706 2563 5780">
    <p class='ocr_par' dir='ltr' id='par_1_117' title="bbox 1415 5706 2563 5780">
     <span class='ocr_line' id='line_1_117' title="bbox 1415 5706 2563 5780; baseline 0.01 -24"><span class='ocrx_word' id='word_1_776' title='bbox 1415 5706 1585 5780; x_wconf 45' lang='lat' dir='ltr'><strong>1m“?</strong></span> <span class='ocrx_word' id='word_1_777' title='bbox 1618 5708 1874 5761; x_wconf 82' lang='lat' dir='ltr'><strong>Elabendi</strong></span> <span class='ocrx_word' id='word_1_778' title='bbox 1917 5710 2058 5780; x_wconf 84' lang='lat' dir='ltr'><strong>viam</strong></span> <span class='ocrx_word' id='word_1_779' title='bbox 2100 5710 2210 5780; x_wconf 90' lang='lat' dir='ltr'><strong>jam</strong></span> <span class='ocrx_word' id='word_1_780' title='bbox 2239 5712 2563 5780; x_wconf 61' lang='lat' dir='ltr'><strong>quasiverat</strong></span> 
     </span>
    </p>
   </div>
   <div class='ocr_carea' id='block_1_118' title="bbox 2593 5714 3473 5788">
    <p class='ocr_par' dir='ltr' id='par_1_118' title="bbox 2593 5714 3473 5788">
     <span class='ocr_line' id='line_1_118' title="bbox 2593 5714 3473 5788; baseline 0.007 -20"><span class='ocrx_word' id='word_1_781' title='bbox 2593 5714 2633 5788; x_wconf 7' lang='grc' dir='ltr'>δᾴ</span> <span class='ocrx_word' id='word_1_782' title='bbox 2654 5716 2705 5788; x_wconf 68' lang='lat' dir='ltr'><strong>t.</strong></span> <span class='ocrx_word' id='word_1_783' title='bbox 2744 5717 2786 5747; x_wconf 72' lang='grc' dir='ltr'><strong>ετ</strong></span> <span class='ocrx_word' id='word_1_784' title='bbox 2820 5716 2939 5770; x_wconf 74' lang='lat' dir='ltr'><strong>\‘id.</strong></span> <span class='ocrx_word' id='word_1_785' title='bbox 2979 5716 3197 5788; x_wconf 90' lang='lat' dir='ltr'><strong>Dupinii</strong></span> <span class='ocrx_word' id='word_1_786' title='bbox 3228 5715 3473 5774; x_wconf 77' lang='lat' dir='ltr'><strong>Biblioth.</strong></span> 
     </span>
    </p>
   </div>
   <div class='ocr_carea' id='block_1_119' title="bbox 235 5774 2834 5855">
    <p class='ocr_par' dir='ltr' id='par_1_119' title="bbox 235 5774 2834 5855">
     <span class='ocr_line' id='line_1_119' title="bbox 235 5774 2834 5855; baseline 0.002 -24"><span class='ocrx_word' id='word_1_787' title='bbox 235 5783 509 5832; x_wconf 75' lang='lat' dir='ltr'><strong>auctorum</strong></span> <span class='ocrx_word' id='word_1_788' title='bbox 543 5775 747 5839; x_wconf 81' lang='lat' dir='ltr'><strong>eccles.,</strong></span> <span class='ocrx_word' id='word_1_789' title='bbox 789 5784 827 5828; x_wconf 92' lang='lat' dir='ltr'><strong>t.</strong></span> <span class='ocrx_word' id='word_1_790' title='bbox 862 5774 948 5841; x_wconf 84' lang='lat' dir='ltr'><strong>lV,</strong></span> <span class='ocrx_word' id='word_1_791' title='bbox 985 5791 1040 5841; x_wconf 90' lang='lat' dir='ltr'><strong>p.</strong></span> <span class='ocrx_word' id='word_1_792' title='bbox 1075 5775 1177 5828; x_wconf 77' lang='grc'><strong>105</strong></span> <span class='ocrx_word' id='word_1_793' title='bbox 1210 5789 1323 5841; x_wconf 88' lang='lat' dir='ltr'><strong>seq.</strong></span> <span class='ocrx_word' id='word_1_794' title='bbox 1400 5774 1445 5805; x_wconf 78' lang='grc'>³⁸</span> <span class='ocrx_word' id='word_1_795' title='bbox 1475 5774 1596 5828; x_wconf 82' lang='lat' dir='ltr'><strong>Vid.</strong></span> <span class='ocrx_word' id='word_1_796' title='bbox 1629 5792 1812 5845; x_wconf 88' lang='lat' dir='ltr'><strong>supra,</strong></span> <span class='ocrx_word' id='word_1_797' title='bbox 1850 5788 1888 5831; x_wconf 92' lang='lat' dir='ltr'><strong>t.</strong></span> <span class='ocrx_word' id='word_1_798' title='bbox 1924 5779 2010 5842; x_wconf 85' lang='lat' dir='ltr'><strong>1V,</strong></span> <span class='ocrx_word' id='word_1_799' title='bbox 2052 5774 2117 5848; x_wconf 60' lang='lat' dir='ltr'><strong>p.&#39;</strong></span> <span class='ocrx_word' id='word_1_800' title='bbox 2147 5774 2272 5855; x_wconf 28' lang='lat'><strong>368.—</strong></span> <span class='ocrx_word' id='word_1_801' title='bbox 2294 5796 2409 5852; x_wconf 83' lang='lat' dir='ltr'><strong>seq.</strong></span> <span class='ocrx_word' id='word_1_802' title='bbox 2446 5793 2503 5838; x_wconf 86' lang='lat' dir='ltr'><strong>ct</strong></span> <span class='ocrx_word' id='word_1_803' title='bbox 2543 5774 2668 5838; x_wconf 63' lang='lat'><strong>10&quot;“</strong></span> <span class='ocrx_word' id='word_1_804' title='bbox 2720 5801 2834 5853; x_wconf 86' lang='lat' dir='ltr'><strong>seq.</strong></span> 
     </span>
    </p>
   </div>
  </div>
