4224 6442
730 360 837 423 359

1866 356 2239 420 ΟᾹΗΝΕΗΙΙ
2278 356 2767 419 DISSERTATIO
2810 357 2863 418 II

3871 362 3981 426 360

731 467 905 536 loqui,
931 482 1055 521 cum
1090 468 1180 522 ille
1206 467 1270 522 ad
1297 483 1498 524 annum
1523 467 1645 533 440,
1683 467 1783 522 iste
1821 467 1887 521 ad
1921 468 2024 521 454
2050 464 2303 518 ιιίειοι-ὶιυ
2331 467 2378 524 Α

2354 468 2378 522 ι
2405 461 2666 517 donensis
2688 464 3093 535 cognitoribus,
3152 478 3261 520 non
3289 465 3421 521 fecit
3442 467 3775 522 mentionem
3800 468 3982 522 victo-

732 558 897 613 finem
938 559 1294 628 imposuerit;
1341 560 1628 615 Nestorius
1672 574 1800 614 vero
1859 574 2002 613 anno
2043 558 2144 610 447
2176 572 2302 624 per-

732 649 877 702 ierit.
1478 658 1483 665 ‘

802 734 967 789 XVII.
1005 734 1281 790 Credibile
1309 737 1473 805 igitur
1491 744 1577 791 est
1613 754 1626 790 :
1666 737 1719 790 I°
1749 738 2132 791 Assumentum
2161 732 2304 787 istud

731 825 879 879 aliud
906 826 1043 880 nihil
1080 842 1222 889 esse,
1271 842 1436 894 quam
1481 827 1766 882 exordium
1797 826 2047 880 Historia:
2071 841 2100 879 a
2124 824 2304 878 Theo-

732 915 945 977 doreto,
977 931 1140 983 quem
1163 916 1441 986 juniorem
1465 918 1725 982 diximus,
1752 918 2085 986 compositas.
2142 916 2200 967 2ο
2225 916 2306 969 Ab

734 1004 839 1057 hoc
853 1006 972 1073 juni
983 1020 1076 1060 ore
1098 1007 1474 1063 continuatam
1487 1023 1608 1063 esse
1628 1008 1932 1072 historiam,
1950 1023 2109 1077 quam
2124 1008 2309 1061 senior

731 1095 801 1148 ab
838 1096 1054 1150 Arianis
1088 1098 1265 1154 turbis
1310 1099 1377 1153 ad
1404 1108 1647 1167 tempora
1671 1097 1898 1153 Sisinnii
1929 1098 2095 1168 (hunc
2112 1098 2307 1151 Nesto-

732 1186 847 1240 rius
871 1187 1138 1257 excepit),
1188 1203 1287 1256 per
1319 1202 1494 1245 annos
1523 1198 1742 1244 centum
1766 1198 1822 1244 et
1841 1190 2103 1259 quinque,
2135 1189 2305 1243 dedu-

732 1278 893 1332 xerit.
950 1279 1002 1331 5.
1045 1278 1330 1332 Juniorem
1375 1280 1664 1334 exordium
1704 1282 1925 1335 duxisse
1952 1324 1966 1345 ,
2005 1282 2098 1335 ubi
2126 1282 2310 1335 senior

736 1369 896 1421 linem
929 1368 1213 1437 imposuit,
1247 1370 1315 1423 ab
1343 1370 1692 1424 ordinatione
1714 1386 1909 1441 nempe
1932 1372 2188 1435 Nestorii,
2217 1380 2311 1425 aut

733 1472 765 1511 a
806 1460 969 1514 motis
1005 1459 1189 1528 potius
1217 1461 1286 1514 ab
1321 1461 1440 1529 ipso
1465 1460 1661 1525 turbis,
1702 1462 1937 1532 indeque
1961 1473 2311 1532 prosecutum

735 1565 855 1618 qua!
904 1553 1272 1619 contigerunt,
1324 1566 1499 1619 usque
1526 1552 1594 1606 ad
1621 1553 1823 1608 Justini
1851 1553 2167 1622 imperium,
2215 1568 2313 1623 per

735 1655 909 1694 annos
934 1640 1021 1704 90,
1076 1640 1281 1694 additis
1318 1642 1563 1710 quinque
1598 1642 1755 1696 libris
1791 1643 1859 1696 ad
1889 1644 2062 1697 libros
2086 1644 2311 1697 totidem

734 1728 991 1784 senioris.
1030 1730 1085 1784 4ο
1110 1731 1187 1785 Ex
1208 1738 1404 1799 quarto
1426 1731 1571 1785 libro
1593 1731 1895 1802 fragmenta
1919 1733 2006 1786 illa
2027 1734 2311 1789 Damasce—

732 1838 865 1876 num
892 1823 1215 1892 sumpsisse,
1253 1839 1376 1893 quae
1400 1833 1561 1878 antea
1587 1825 1845 1881 diximus.

804 1913 990 1969 XVIII.
1038 1914 1117 1969 Ita
1145 1915 1360 1980 forsan,
1416 1926 1641 1987 propter
1664 1917 2073 1988 pratjudicatam
2097 1918 2314 1987 opinio-

734 2017 881 2067 nem,
926 2004 1115 2072 paucis
1154 2020 1510 2073 persuasero;
1570 2005 1666 2059 sed
1711 2021 1820 2059 non
1850 2006 2048 2069 levem,
2096 2007 2311 2075 opinor,

734 2092 1135 2147 eruditioribus
1157 2093 1385 2159 dedero,
1410 2094 1525 2149 sive
1544 2096 1883 2164 suspicandi,
1902 2096 2015 2150 sive
2037 2096 2317 2165 inquiren-

735 2182 789 2236 di
813 2198 1064 2250 causam;
1098 2201 1413 2256 quanquam
1435 2187 1577 2256 apud
1598 2203 1684 2242 me
1706 2187 1816 2241 vim
1834 2188 2317 2245 demonstrationis

735 2274 959 2338 habent,
987 2291 1109 2344 quae
1136 2276 1399 2331 hactenus
1428 2278 1589 2331 allata
1611 2287 1755 2330 sunt.

810 2366 951 2421 XIX.
983 2366 1253 2434 Quoniam
1274 2384 1405 2424 vero
1431 2369 1828 2439 suppositionis
1852 2369 2136 2439 epistolam
2159 2370 2315 2425 dam-

736 2456 1022 2520 navimus,
1083 2455 1285 2511 frustra
1336 2457 1612 2511 curiosius
1659 2459 1672 2476 ‘
1716 2456 2131 2526 inquisierimus
2176 2456 2317 2512 data:

736 2558 974 2621 tempus,
1024 2547 1230 2603 frustra
1260 2548 1454 2604 dandae
1479 2564 1693 2613 causas,
1737 2557 1791 2603 et
1816 2549 2038 2604 modum
2062 2550 2315 2619 scriptio-

736 2641 853 2706 nis;
910 2640 1007 2695 sed
1056 2640 1183 2695 inde
1231 2641 1417 2710 potius
1466 2641 1585 2695 falsi
1637 2656 1857 2695 rursum
1904 2650 2183 2696 auctorem
2225 2658 2315 2696 ar-

737 2732 1015 2803 gumentis
1040 2734 1215 2787 tribus
1240 2733 1706 2787 convincemus".

812 2822 928 2876 XX.
959 2823 1231 2888 Quorsum
1254 2822 1399 2876 enim
1432 2822 1610 2890 primo
1638 2822 2020 2875 Thcodoretus
2046 2821 2113 2874 ad
2137 2821 2317 2876 virum

740 2914 1007 2968 illustrem
1034 2913 1188 2968 daret
1208 2912 1518 2982 epistolam,
1543 2912 1610 2965 ad
1633 2927 1794 2981 quem
1818 2912 2069 2966 mittebat
2088 2912 2314 2979 librum,

740 3004 794 3057 in
824 3019 934 3073 quo
986 3003 1131 3058 idem
1166 3012 1551 3072 argumentum
1598 3003 1790 3056 iisdem
1815 3002 2003 3057 verbis
2027 3008 2313 3071 tractaret;

739 3110 843 3149 nec
891 3104 1072 3150 tamen
1127 3093 1253 3148 facti
1304 3101 1413 3147 tam
1458 3093 1762 3158 insolentis,
1798 3102 2014 3162 tamque
2049 3093 2314 3159 indecori,
2344 3128 2388 3185 α

744 3186 1011 3240 rationem
1037 3184 1203 3237 ullam
1226 3182 1530 3252 proferret?

811 3276 954 3331 XXI.
992 3274 1200 3329 Deinde
1256 3273 1454 3342 linguze
1502 3272 1700 3326 Graecae
1726 3271 1934 3340 peritos
1968 3270 2182 3339 appello
2221 3271 2313 3340 ju-

741 3362 909 3430 dices,
944 3375 1209 3435 quantum
1238 3364 1409 3435 stylus
1437 3362 1680 3432 epistola:
1709 3377 1740 3414 a
1775 3360 2103 3415 Theodoreti
2133 3360 2316 3429 puris-

740 3436 883 3512 sima,
915 3456 1156 3528 dictione
1200 3454 1454 3517 diﬂ'erat,
1511 3460 1570 3506 ut
1618 3453 1699 3506 vel
1730 3452 1833 3505 hoc
1860 3466 1969 3505 uno
1996 3458 2317 3520 argumento

742 3565 835 3603 res
854 3546 1049 3602 confici
1079 3546 1305 3600 omnino
1328 3551 1512 3614 queat.
2292 3616 2295 3617 ν

814 3638 981 3693 XXII.
1014 3636 1212 3703 Qumro
1236 3644 1429 3705 postea
1457 3650 1486 3687 a
1512 3632 1896 3687 defensoribus
1918 3631 2179 3701 epistolie,
2209 3647 2318 3701 quo

744 3738 991 3796 tempore
1025 3735 1148 3795 post
1174 3741 1377 3778 annum
1405 3725 1504 3777 447
1536 3723 1797 3791 scriptam
1825 3730 2045 3791 putent;
2076 3732 2223 3785 ante,
2250 3738 2319 3775 an

743 3801 869 3889 post
893 3817 1159 3888 synodum
1191 3815 1728 3870 Chalcedonensem?

814 3911 869 3965 Si
893 3917 1019 3963 ante
1040 3927 1052 3960 :
1077 3924 1175 3962 cur
1195 3909 1473 3976 petierunt
1495 3907 1681 3959 Patres
1702 3913 1852 3958 tanto
1875 3902 2079 3957 ambitu
2097 3901 2322 3955 damna-

745 4001 793 4055 ri
822 4000 1133 4055 Nestorium
1164 4014 1195 4052 a
1221 3996 1594 4058 Theodoreto,
1622 3994 1716 4063 qui
1743 3995 1946 4062 scripto
1967 3993 2185 4062 publico
2211 4000 2319 4046 tam

743 4100 931 4161 aperte
960 4106 1114 4145 suam
1137 4095 1379 4142 mentem
1399 4085 1744 4155 aperuisset?
1774 4083 1885 4137 Cur
1909 4098 2034 4137 reus
2055 4098 2178 4137 cum
2196 4098 2323 4151 per-

744 4189 999 4249 ageretur
1017 4218 1032 4243 ,
1069 4178 1174 4233 hoc
1206 4176 1428 4246 publico
1454 4173 1864 4242 fortissimoque
1892 4187 2004 4226 sua:
2027 4188 2203 4226 causa:
2232 4172 2319 4225 in-

743 4277 1055 4323 strumento
1103 4283 1216 4321 non
1264 4281 1397 4320 usus
1439 4265 1558 4319 est?
1614 4263 1725 4318 Cur
1756 4263 2147 4333 tergiversatus
2178 4263 2320 4316 ineo

744 4359 1103 4421 cxsecrando,
1155 4372 1321 4427 quem
1369 4357 1794 4409 instrumentum
1821 4354 2105 4417 daemonis,
2154 4369 2319 4421 quem

746 4450 999 4519 impium,
1028 4464 1193 4518 quem
1226 4454 1526 4506 amentem,
1557 4460 1721 4514 quem
1753 4460 1849 4514 per
1875 4452 2093 4498 sanctos
2119 4444 2321 4512 Ephesi

743 4549 1123 4611 congregatos,
1179 4539 1371 4593 divino
1420 4537 1682 4607 suﬂ‘ragio
1722 4536 1790 4592 de
1818 4534 2139 4606 pontificatu
2170 4535 2318 4605 deje-

744 4640 892 4687 ctum
924 4631 1189 4685 dixisset?

815 4722 871 4776 Si
904 4730 1092 4791 postea
1147 4739 1161 4775 :
1209 4737 1309 4776 cur
1333 4720 1486 4775 siluit
1517 4720 1584 4774 de
1605 4718 2037 4774 Cbalcedonensi
2065 4719 2319 4781 concilio,

742 4828 871 4868 cum
905 4793 1167 4881 Ephesini
1200 4811 1485 4880 magnifice
1508 4810 1876 4873 meminisset,
1929 4816 1985 4862 et
2009 4809 2065 4862 in
2089 4818 2323 4877 utroque

744 4903 957 4964 Patres,
1005 4901 1229 4955 hzeresis
1274 4899 1614 4955 Nestorianze
1654 4899 2081 4968 impugnatores,
2129 4899 2321 4960 tacuit,

742 5008 865 5047 cum
906 4992 1101 5046 solitus
1133 4991 1205 5045 sit
1252 4991 1483 5044 aliarum
1514 4990 1801 5044 haeresemn
1833 4988 1993 5059 412
2023 4988 2323 5043 domitores

744 5082 1065 5138 nominatim
1106 5084 1423 5138 celebrare?
1476 5084 1558 5137 An
1605 5082 1750 5137 ullus
1793 5082 1972 5151 potuit
2003 5082 2321 5136 celebrandi

742 5189 865 5229 esse
891 5174 1046 5228 locus
1089 5183 1185 5227 aut
1207 5174 1595 5244 opportunior,
1621 5180 1716 5226 aut
1742 5173 2036 5227 illustrior?
2060 5173 2172 5227 Cur
2188 5173 2323 5243 Spo-

743 5262 892 5317 racio
943 5262 1192 5316 scribens
1243 5263 1338 5315 ttni
1387 5278 1455 5316 ex
1498 5261 1806 5315 illustribus
1845 5261 2317 5317 eoneiliiChalcc-

2408 552 2499 607 ria:
2525 552 2592 606 de
2618 554 2870 609 Nestorio
2894 563 3202 625 reportatae,
3236 572 3363 611 cum
3392 557 3571 611 virum
3606 566 3715 611 tam
3738 559 3985 613 nobilem

2406 650 2624 709 tamque
2654 643 2967 713 religiosum
2991 643 3276 697 laudaret?
3313 660 3320 665 ·

2474 733 2616 797 Cur,
2667 734 2713 787 si
2740 746 2867 789 ante
2893 752 2925 789 v
2948 734 3217 806 synodum
3244 734 3455 789 exstitit
3484 743 3580 788 aut
3603 734 3856 803 epistola,
3886 742 3987 788 aut

2406 833 2569 893 caput
2609 823 3034 891 duodecimum,
3097 841 3275 896 neque
3319 842 3349 880 a
3388 825 3772 881 defensoribus
3797 827 3985 881 Theo-

2407 915 2581 969 doreti
2605 915 2860 971 Facundo
2879 927 2935 971 et
2953 917 3235 981 Liberato,
3259 932 3438 987 neque
3464 933 3495 970 a
3519 918 3718 988 Vigilio
3744 933 3884 987 papa
3928 918 3985 970 in

2408 1005 2717 1070 Constituto,
2736 1022 2914 1076 neque
2926 1022 2957 1060 a
2970 1007 3224 1061 Patribus
3238 1024 3270 1061 γ
3288 1008 3476 1077 synodi
3487 1048 3501 1073 ,
3517 1008 3632 1062 veri
3648 1008 3987 1073 amantibus,

2408 1098 2735 1153 alterutrum
2767 1107 2864 1153 aut
2888 1107 3183 1168 utrumque
3207 1099 3434 1153 allatum
3454 1109 3539 1153 est
3571 1099 3627 1152 in
3647 1098 3987 1152 Theodoreti

2409 1189 2673 1259 gratiam?
2721 1188 2833 1244 Cur
2877 1188 3172 1259 Gregorius
3194 1189 3436 1259 Magnus,
3480 1189 3727 1243 scribens
3760 1188 3827 1242 ad
3858 1187 3984 1257 epi-

2409 1294 2603 1349 scopos
2625 1280 2797 1334 Istriae
2825 1295 2924 1348 pro
2947 1280 3164 1350 Pelagio
3186 1281 3226 1335 Il
3251 1321 3265 1344 ,
3315 1295 3441 1335 cum
3466 1280 3625 1334 ﬁdem
3647 1280 3985 1334 Theodoreti

2409 1369 2576 1422 vellet
2621 1368 2915 1422 ostendere
2979 1377 3103 1436 post
3162 1370 3432 1440 synodum
3481 1369 3985 1425 Chalcedonensem

2412 1460 2579 1514 fuisse
2605 1475 2820 1530 puram,
2866 1459 2969 1514 hoc
2999 1460 3314 1515 testimonio
3344 1470 3454 1515 tam
3478 1462 3730 1518 evidente
3763 1471 3989 1533 tamque

2412 1567 2669 1622 expresso
2698 1566 2808 1606 non
2838 1560 2923 1605 est
2951 1552 3118 1606 usus?
3168 1550 3280 1606 Cur
3309 1552 3728 1609 criminantibus
3750 1553 3987 1610 Chalce-

2413 1643 2711 1696 donensem
2740 1643 3031 1712 synodum,
3066 1643 3215 1712 quod
3235 1643 3640 1699 Theodoretum
3666 1646 3985 1716 recepisset,

2417 1733 2569 1786 nullo
2610 1732 2875 1802 requisito
2912 1732 3139 1801 scripto,
3194 1749 3305 1803 quo
3328 1749 3384 1788 se
3409 1735 3648 1789 alienum
3674 1750 3705 1789 a
3731 1736 3991 1791 Nestorio

2419 1824 2695 1892 probaret,
2749 1831 3036 1892 exceptum
3084 1837 3195 1877 non
3236 1833 3321 1878 est
3366 1827 3648 1893 continuo,
3680 1842 3790 1880 non
3818 1827 3991 1882 fuisse

2418 1931 2556 1985 opus
2580 1916 2647 1969 ab
2666 1930 2734 1970 eo
2748 1916 3013 1986 scriptum
3031 1902 3272 1987 exigere,
3297 1917 3389 1987 qui
3411 1927 3520 1971 tam
3536 1919 3745 1973 clarum
3768 1928 3992 1989 tamque

2417 2006 2765 2059 manifestum
2801 2008 2991 2063 volens
3012 2007 3306 2063 edidisset?
3350 2008 3491 2075 Quid
3516 2010 3707 2080 plura?
3735 2013 3881 2067 nulla
3910 2013 3993 2066 rei

2417 2094 2673 2165 adjuncta
2702 2098 3133 2166 suppositionem
3158 2114 3268 2153 non
3289 2100 3585 2159 declarant.

2417 2227 2549 2300 §III.
2570 2228 2844 2285 Sermones
2869 2232 3051 2304 viginti
3077 2242 3125 2286 et
3148 2243 3343 2304 septem
3363 2236 3610 2289 adversus
3632 2238 3864 2292 diversas
3885 2240 3997 2294 ica”-

2686 2317 2821 2354 reses
2851 2319 2883 2355 a
2909 2304 3095 2356 Photio
3123 2305 3358 2357 attributi
3386 2306 3721 2361 Theodoreto.

2489 2437 2529 2491 I.
2558 2436 2787 2491 Photius
2801 2436 2990 2492 codice
3010 2437 3078 2491 46
3095 2437 3211 2492 haec
3225 2437 3391 2492 habet
3413 2456 3426 2491 :
3458 2457 3475 2488 ι
3497 2438 3646 2493 Lecti
3672 2450 3799 2494 sunt
3815 2441 3999 2495 Theo-

2419 2528 2595 2584 doreti
2630 2529 2872 2599 episcopi
2893 2528 3021 2600 Cyri
3050 2529 3177 2583 libri
3202 2539 3408 2599 septem
3434 2538 3489 2583 et
3510 2530 3702 2599 viginti
3725 2532 3999 2588 adversus

2419 2621 2597 2676 varias
2618 2622 3022 2691 propositiones
3040 2622 3107 2687 ’°,
3133 2640 3150 2673 ›
3180 2630 3287 2676 etc.

2491 2711 2553 2768 II.
2602 2714 2817 2770 Fefellit
2855 2715 3111 2770 Photium
3161 2732 3295 2771 suus
3321 2716 3493 2772 codex
3536 2716 3712 2771 tribus
3734 2726 3999 2771 constans

2418 2806 2748 2875 partibus“,
2780 2823 3011 2877 quarum
3034 2810 3210 2877 prima
3232 2808 3694 2877 complectebatur
3723 2824 3817 2862 sex
3842 2808 3999 2877 prio-

2422 2913 2509 2952 res
2532 2891 2732 2964 libros;
2762 2901 2998 2955 secunda
3028 2916 3195 2955 unum
3219 2909 3277 2955 et
3296 2900 3487 2970 viginti
3514 2914 3814 2962 sermones,
3845 2910 4001 2968 post-

2422 3002 2570 3041 rema
2637 2988 2925 3043 Eranisten
2977 3004 3073 3043 seu
3140 2990 3581 3060 Polymorphum.
3646 2988 3783 3043 Cum
3841 2990 3992 3043 enim

2420 3078 2597 3147 prima
2625 3086 2681 3132 et
2704 3079 2866 3133 tertia
2891 3079 2957 3134 ad
2983 3080 3388 3135 Theodoretum
3415 3080 3605 3149 procul
3630 3079 3799 3134 dubio
3819 3081 3995 3149 perti—

2421 3179 2610 3234 neant,
2643 3171 2871 3225 Photius
2896 3171 3131 3225 mediam
3157 3185 3374 3240 quoque
3407 3171 3509 3241 ipsi
3541 3171 3761 3236 tribuit;
3807 3171 3995 3241 reipsa

2423 3267 2605 3314 tamen
2637 3270 2722 3315 est
2744 3261 2995 3315 Eutherii
3020 3260 3320 3331 Tyanensis
3341 3260 3603 3329 episcopi,
3648 3259 3795 3330 quod
3821 3263 3999 3314 mani-

2423 3350 2562 3406 festa
2607 3351 2803 3420 probat
2851 3352 3148 3406 auctoritas
3196 3351 3350 3406 Marii
3390 3352 3783 3417 Mercatoris",
3829 3360 3892 3407 ut
3940 3354 3998 3408 in

2423 3442 2692 3496 Eutherio
2733 3442 3318 3507 demonstrabimus”,
3364 3444 3469 3498 ubi
3502 3455 3558 3499 et
3582 3444 3865 3499 historiam
3890 3445 4001 3500 Co-

2423 3530 2561 3585 dicis
2589 3532 2851 3601 tripartiti
2880 3542 3147 3587 texemus.

2896 3665 2923 3737 §
2953 3666 3039 3721 IV.
3076 3666 3228 3720 Liber
3254 3668 3524 3722 asceticus.

2496 3799 2536 3852 I.
2597 3800 2656 3853 In
2686 3797 3059 3867 manuscripto
3086 3796 3276 3853 codice
3318 3798 3541 3863 Graeco,
3593 3798 3689 3867 qui
3734 3798 3839 3852 fuit
3862 3800 3999 3854 olim

2423 3888 2694 3944 Gabrielis
2724 3889 3217 3958 Philadelphiensis
3244 3888 3661 3958 archiepiscopi,
3693 3890 3899 3959 quique
3930 3894 3997 3945 ad

2425 3997 2527 4037 nos
2554 3998 2722 4052 Opera
2752 3982 3047 4037 Frontonis
3069 3981 3250 4036 Duczei
3273 3983 3543 4051 pervenit,
3569 3990 3691 4051 post
3706 3982 4000 4038 Historiam

2426 4073 2726 4143 religiosam
2751 4072 3106 4134 Theodoreti,
3140 4073 3552 4141 orationemque
3578 4072 3654 4127 De
3676 4074 3853 4127 divina
3874 4077 4004 4129 clm-

2427 4168 2604 4228 ritate,
2637 4164 2835 4232 legitur
2864 4163 3057 4217 titulus
3101 4179 3114 4214 :
3161 4162 3267 4214 Τοῦ
3307 4162 3470 4216 αὐτοῦ
3518 4160 3675 4232 λόγος
3700 4165 4002 4234 ἀσκητικὸς

2426 4257 2567 4311 κατὰ
2594 4257 2785 4308 πεῦσιν
2827 4256 2919 4308 καὶ
2965 4254 3278 4325 ἀπόκρισιν.
3318 4254 3440 4309 Mox
3479 4270 3680 4320 sermo,
3748 4257 4001 4325 ’Δδελφὸς

2427 4346 2677 4415 ἠρώτησε
2711 4347 2940 4416 γέροντα
2964 4344 3159 4412 λέγων,
3189 4353 3295 4399 etc.

2354 4476 2400 4531 υ
2498 4441 2564 4494 II.
2606 4440 2746 4494 Sunt
2772 4440 2867 4508 qui
2906 4453 3213 4493 sermonem
3249 4438 3397 4492 hunc
3430 4436 3662 4494 Maximo
3684 4437 4000 4495 Confessori

2432 4530 2755 4594 tribuant",
2784 4546 2959 4600 eoque
2988 4532 3211 4585 nomine
3235 4529 3535 4584 Bilibaldus
3559 4530 4007 4585 Birckheimerus

2431 4624 2822 4693 interpretatus
2845 4633 2947 4687 est,
2974 4622 3257 4690 ediditque
3282 4621 3654 4691 Norimbergte
3675 4637 3820 4676 anno
3844 4623 4003 4677 1580.

2430 4717 2616 4771 Edidit
2640 4717 2804 4769 etiam
2832 4732 2862 4769 a
2904 4730 2961 4767 se
3000 4729 3219 4768 versum
3241 4713 3489 4767 Nobilius
3522 4713 3709 4767 Romae
3742 4713 3905 4776 1587,
3950 4727 4007 4767 ct

2428 4821 2607 4875 nuper
2639 4804 2867 4859 Parisiis
2919 4802 3280 4859 Combelisius
3301 4801 3462 4872 413
3501 4809 3650 4856 tome
3692 4802 3713 4857 I
3758 4800 4004 4871 Operum

2430 4894 2601 4949 sancti
2646 4893 2883 4957 Maximi,
2931 4907 3122 4947 rursus
3154 4907 3184 4945 a
3225 4906 3283 4946 se
3333 4891 3627 4945 Latinitate
3672 4890 3941 4945 donatum
3992 4910 4004 4943 :

2428 4997 2590 5055 atque
2615 4986 2688 5040 ita
2718 4984 2946 5055 singulis
2971 4982 3306 5038 editiouibus
3327 4982 3553 5053 singula:
3568 4983 3867 5046 versiones,
3903 4998 4007 5051 pro

2427 5078 2702 5132 editorum
2738 5076 2975 5145 ingenio,
3017 5072 3429 5143 respondent".

2498 5170 2585 5225 III.
2640 5170 2779 5224 Sunt
2822 5168 2916 5238 qui
2943 5167 3233 5221 videantur
3264 5166 3513 5229 innuere,
3567 5180 3679 5220 non
3703 5165 4005 5220 admodum

2428 5264 2565 5317 certi
2614 5277 2733 5315 esse
2776 5259 3034 5314 auctoris.
3097 5258 3194 5313 His
3216 5258 3581 5328 astipulantur
3611 5259 4005 5314 variazinscri-

2089 5416 2403 5474 SCIIULZII
2443 5417 2675 5475 NOTAE.

807 5553 853 5585 ⁶⁹
877 5551 955 5605 Ad
992 5552 1048 5605 h.
1097 5559 1132 5605 Ι.
1172 5556 1294 5606 vide
1342 5554 1657 5622 Dupinium,
1695 5554 1729 5606 Ι.
1764 5569 1810 5607 c.

1894 5555 1937 5584 ’°
1971 5555 2168 5609 Totum
2198 5555 2402 5624 locum
2456 5558 2611 5610 illum
2660 5556 2785 5610 \‘tde
2826 5570 3023 5624 supra,
3084 5565 3120 5610 t.
3176 5547 3263 5619 IV,

3301 5571 3356 5625 p.
3396 5555 3530 5609 1054
3566 5569 3727 5625 seq.__
3796 5555 3840 5585 "
3876 5556 4004 5611 Yid.

741 5623 1165 5725 i‘.“‘ii‘.:.32..‘..'.i:
1212 5624 1435 5725 £13139;
1469 5623 2257 5725 ξὶθτιέὲκδέῗῖςῗῗὲλςριξξῑέ;ςξ¹’
2291 5622 3110 5725 attineat:$3549.11".
3146 5622 3508 5725 ”ἰ¹”.¹δξὲείί¹ἰὲι
3529 5624 3647 5725 iii“.
3675 5622 4004 5725 δίῗξὲ-ίέξῗῗε

742 5704 802 5747 ut
850 5692 1164 5747 Ilardu’mus
1211 5694 1443 5749 monuit.
1487 5709 1539 5762 ι).
1572 5694 1675 5747 685
1708 5693 1968 5746 editionis
2004 5694 2225 5761 prioris.
2302 5694 2347 5725 "
2371 5696 2516 5748 Idem
2555 5692 2736 5749 tuetur
2779 5695 3063 5763 Dupinius,
3098 5696 3133 5747 Ι.
3167 5712 3197 5750 c
3227 5737 3240 5759 ,
3265 5706 3303 5749 t.
3336 5696 3422 5759 IV,
3462 5711 3512 5763 p.
3549 5694 3665 5746 ilO.
3741 5693 3787 5723 ’⁵
3810 5694 4005 5750 Exstat

739 5761 1133 5817 Birckheitueri
1182 5772 1237 5818 et
1278 5763 1476 5817 Nobilii
1527 5764 1704 5817 γει-εἱς)
1749 5762 1936 5816 Latina
1974 5764 2027 5815 in
2059 5763 2397 5833 Lugduncnsi
2442 5764 2687 5818 Biblioth.
2728 5764 2861 5828 PR,
2895 5773 2930 5817 ι.
2962 5764 3025 5817 II.
