4224 6442
171 427 260 489 313i
1310 427 1405 484 DE
1450 423 1702 484 LIBRIS
1741 421 2252 483 'I‘IIEODOIIETI.

3319 435 3420 494 302

171 541 381 607 ptiones
417 537 702 589 variorum
731 535 1003 598 codicum,
1054 544 1114 588 ut
1155 545 1236 589 est
1268 537 1390 598 iste,
1426 552 1588 604 quem
1617 535 1749 597 dixi,
1788 546 1825 598 Α
1858 533 2019 606 414
2044 551 2204 589 nemo
2227 546 2390 604 queat
2414 551 2613 590 novum
2631 537 2902 606 quoddam
2923 553 3060 607 opus
3082 537 3425 596 ThCOthI‘t‘lU

169 629 437 684 Gabrielis
470 627 991 696 Philadelphiensis,
1025 627 1357 681 Theodoreti
1384 643 1580 681 nomen
1608 642 1748 696 pra:—

171 720 342 794 ferens
393 736 408 771 :
462 718 573 772 illis
595 718 780 771 favent
805 718 1153 772 bibliothecxe
1179 718 1360 787 Regia:
1396 728 1506 772 tres
1535 718 1752 770 codices

170 825 294 863 mss.
330 810 566 878 aliique,
594 817 669 873 et,
709 810 804 878 qui
837 809 1058 879 majoris
1082 818 1166 862 est
1190 808 1469 878 ponderis,
1502 807 1749 869 Photius,

168 901 353 955 codice
383 901 510 954 195.
563 899 742 965 Quare
791 888 962 954 vincit
988 900 1142 968 prior
1165 901 1435 953 sententia
1465 909 1750 953 auctorum

165 1007 419 1046 numero.

232 1083 332 1135 IV.
396 1083 516 1137 Cur
569 1081 1067 1150 Philadelphiensis
1126 1081 1525 1150 archiepiscopi
1578 1081 1752 1136 codex

168 1189 270 1227 non
320 1184 584 1244 magnam
613 1190 647 1227 a
687 1188 774 1227 me
820 1173 981 1227 ﬁdem
1009 1173 1277 1235 obtineat,
1312 1175 1326 1190 ‘
1351 1172 1750 1226 facitveterum

167 1266 490 1328 auctoritas,
515 1282 750 1334 quorum
772 1281 935 1319 nemo
956 1280 1095 1334 opus
1110 1264 1378 1335 ejusmodi
1405 1264 1750 1317 Theodoreto

165 1357 441 1409 attribuit.
505 1357 765 1425 Negativa
805 1356 1024 1424 quidem
1064 1355 1154 1409 illa
1177 1365 1260 1410 est
1289 1355 1617 1418 auctoritas,
1653 1356 1745 1408 sed

165 1449 241 1498 sui
269 1457 461 1501 tamen
490 1449 545 1500 in
575 1448 677 1500 hoc
697 1463 896 1517 genere
922 1449 1204 1501 momenti.
1231 1447 1342 1502 Cur
1362 1448 1630 1500 assentiar
1654 1448 1749 1500 tri-

167 1537 473 1592 buentibus
501 1538 756 1600 Maximo,
787 1539 840 1591 in
864 1553 1026 1591 causa
1050 1545 1134 1591 est
1155 1547 1350 1592 auctor
1375 1540 1747 1592 centuriarum

164 1638 402 1694 quatuor
427 1627 498 1681 de
520 1628 814 1690 charitate,
869 1627 961 1696 qui
990 1627 1113 1680 libri
1147 1627 1364 1680 initium
1389 1627 1541 1682 ducit
1571 1627 1639 1680 ab
1667 1627 1749 1680 his

164 1719 415 1774 verbis’:
475 1720 655 1774 «Ecce
713 1730 912 1788 praeter
960 1718 1162 1772 librum
1211 1718 1278 1771 de
1322 1718 1433 1770 vita
1474 1719 1744 1786 religiosa,

163 1811 280 1864 misi
315 1810 384 1864 ad
419 1821 496 1873 te,
533 1818 690 1879 pater
731 1809 966 1878 Elpidie,
1015 1809 1217 1862 librum
1249 1809 1316 1862 de
1347 1809 1637 1869 charitate,
1671 1817 1748 1861 tot

161 1902 427 1954 centuriis
448 1901 713 1970 capitum,
743 1910 877 1969 quot
898 1900 1179 1969 evangelia
1203 1907 1354 1960 sunt,
1381 1899 1743 1967 comprehen-

161 2006 298 2044 sum.
329 2010 346 2039 ι
386 1992 578 2058 Neque
617 1989 762 2044 enim
801 1991 946 2044 ullus
983 1989 1181 2044 merito
1205 1988 1421 2042 dubitet
1451 1989 1650 2042 librum
1683 1988 1748 2042 de

162 2083 427 2135 charitate
464 2081 696 2134 Maximo
721 2080 934 2134 auctori
966 2080 1337 2134 tribuendum.

611 2221 638 2282 ᾗ
673 2215 729 2268 ν.
766 2215 914 2269 Liber
938 2215 1310 2285 formularum.

229 2330 468 2400 Scripsit
514 2329 822 2383 Eucherius
865 2327 1250 2398 Lugdunensis
1311 2343 1450 2396 opus
1485 2326 1745 2379 eximium

162 2423 224 2478 de
262 2423 611 2494 spiritalibus
653 2420 923 2485 formulis,
978 2436 1087 2490 quo
1133 2421 1265 2490 quid
1328 2421 1380 2474 in
1448 2419 1747 2488 Scripturis

162 2526 252 2570 aut
295 2516 682 2584 metaphoriee
739 2523 832 2568 aut
871 2513 1167 2584 symbolice
1209 2512 1415 2566 dictum
1445 2511 1614 2565 estde
1640 2512 1748 2564 Deo

162 2609 388 2676 aliisque
437 2606 506 2659 ad
555 2605 974 2674 intelligentiam
1009 2618 1192 2656 rerum
1222 2601 1587 2672 spiritualium
1619 2618 1746 2671 per-

164 2699 491 2760 tinentibus,
546 2697 791 2766 exponit.
855 2695 912 2749 Id
981 2710 1103 2749 cum
1153 2693 1391 2748 Joannes
1440 2693 1746 2747 Alexander

164 2790 519 2843 Brassicanus
551 2804 696 2841 anno
725 2786 862 2842 1550
885 2785 1158 2841 edendum
1180 2795 1418 2849 curaret,
1445 2787 1498 2839 in
1515 2785 1746 2854 epistola

163 2883 223 2934 ad
251 2882 453 2937 Janum
486 2896 516 2933 a
543 2879 739 2933 Swolla
765 2879 816 2933 id
845 2879 1008 2932 habet
1031 2878 1097 2932 de
1125 2877 1474 2931 Theodoreto
1494 2918 1507 2940 ,
1544 2892 1607 2930 ex
1637 2891 1746 2945 quo

163 2983 343 3042 posset
369 2972 646 3043 quispiam
678 2971 919 3040 opinari,
958 2969 1328 3038 composuisse
1361 2968 1536 3037 ipsum
1568 2969 1744 3020 simile

162 3064 422 3132 quiddam
455 3063 524 3117 de
553 3062 805 3115 formulis
837 3061 980 3130 apud
1005 3060 1243 3122 Grmcos,
1272 3059 1417 3128 quod
1439 3059 1743 3112 Eucherius

164 3155 301 3223 apud
321 3155 572 3208 Latinos.
594 3151 766 3217 Quod,
785 3153 982 3221 inquit,
1000 3151 1140 3220 apud
1158 3150 1370 3203 Latinos
1390 3149 1518 3203 fecit
1535 3149 1744 3202 Euche-

1854 623 2106 692 aliingere
2151 644 2162 676 :
2209 626 2357 693 prior
2379 627 2526 680 enim
2563 627 2714 682 locus
2741 628 2973 681 habetur
3013 629 3066 680 in
3086 629 3426 697 expositione

1855 716 2044 782 psalmi
2090 733 2273 779 Lxxrv,
2328 734 2478 770 num.
2505 719 2564 783 9;
2626 716 2899 787 posterior
2941 720 2994 772 in
3037 720 3335 788 qumstione
3361 722 3426 774 Η

1854 817 2016 870 super
2047 804 2315 858 Numeros
2333 805 2364 856 '.

2471 917 2692 973 CAPUT
2726 917 2817 972 IX.

1852 1029 1994 1084 Libri
2020 1031 2336 1097 Theodoreti,
2365 1048 2586 1102 quorum
2602 1031 2714 1084 sola
2739 1033 2990 1084 memoria
3013 1031 3216 1084 videtur
3236 1048 3422 1102 supcr-

2573 1117 2700 1154 8888.

2348 1214 2376 1284 ᾗ
2404 1215 2444 1267 I.
2477 1213 2618 1283 Opus
2640 1216 2932 1283 mysticum.

1921 1323 1957 1375 I.
1998 1323 2208 1395 Mystici
2233 1324 2420 1394 operis
2449 1333 2727 1378 auctorem
2754 1340 2812 1377 se
2834 1324 3208 1380 Theodoretus
3227 1325 3426 1380 fatetur

1849 1416 2046 1484 partim
2071 1417 2123 1469 in
2144 1418 2374 1485 epistola
2402 1418 2466 1472 ad
2492 1417 2858 1470 Euscbium':
2889 1436 2904 1466 ε
2931 1417 3426 1486 .‘lysticusprmter-

1849 1522 1911 1560 ea
1931 1508 2168 1575 scriptus
2189 1516 2272 1561 est
2299 1524 2329 1560 a
2357 1508 2516 1561 nobis
2537 1509 2697 1572 liber,
2722 1518 2778 1561 et
2802 1509 2892 1560 alii
2918 1507 2984 1560 de
3011 1508 3418 1574 Providentiap

1851 1597 2048 1665 partim
2080 1597 2134 1649 in
2169 1598 2311 1651 libro
2334 1614 2365 1650 v
2413 1598 2792 1651 Hareticarum
2825 1599 3182 1666 fabularum’,
3218 1616 3340 1654 cum
3371 1601 3423 1653 in

1852 1687 2177 1757 baptismate
2212 1689 2378 1742 tradit
2409 1705 2508 1743 nos
2537 1690 2865 1758 consepeliri
2892 1689 3129 1753 Christo,
3161 1701 3219 1744 ut
3243 1708 3427 1746 resur-

1851 1779 2110 1833 rectionis
2156 1780 2454 1849 participes
2495 1780 2707 1834 fiamus.
2771 1800 2788 1832 ι
2818 1782 3041 1845 Verum,
3088 1781 3286 1850 inquit,
3337 1785 3426 1837 hic

1780 1883 1822 1940 Β
1851 1884 1991 1936 opus
2017 1879 2101 1923 est
2129 1871 2299 1939 magis
2337 1871 2568 1941 mystico
2598 1887 2879 1936 sermone;
2941 1882 2996 1925 et
3027 1888 3150 1925 cum
3183 1875 3426 1943 alioquin

1855 1958 2114 2027 mysticos
2154 1958 2444 2013 duodecim
2468 1960 2642 2015 libros
2673 1962 3182 2030 conscripserimus,
3213 1965 3422 2018 studio-

1852 2063 1941 2101 sos
1971 2048 2037 2102 ad
2063 2064 2159 2103 eos
2195 2051 2552 2105 remittemus.
2586 2071 2602 2102 ι

1920 2142 1984 2195 Il.
2023 2142 2160 2196 Hinc
2191 2142 2546 2212 intelligimus
2579 2159 2716 2212 opus
2771 2145 2914 2198 istud
2950 2147 3238 2201 duodecim
3269 2149 3424 2202 libris

1851 2235 2308 2302 comprehensum
2353 2234 2552 2300 fuisse,
2602 2245 2660 2290 et
2689 2245 2814 2291 ante
2845 2238 3018 2293 libros
3049 2239 3423 2293 ﬂwreticarum

1853 2323 2154 2393 fabularum
2189 2324 2418 2388 editum,
2458 2326 2568 2378 imo
2599 2333 2727 2378 ante
2754 2342 2956 2380 annum
2984 2329 3106 2393 445,
3143 2344 3252 2398 quo
3279 2345 3425 2384 anno

1853 2416 2234 2470 Theodoretus
2282 2417 2346 2471 ad
2396 2417 2693 2472 Eusebium
2739 2419 2987 2487 scripsit;
3048 2431 3209 2489 atque
3255 2424 3420 2476 etiam

1850 2517 1972 2562 ante
1996 2525 2198 2563 annum
2225 2510 2350 2573 455,
2377 2509 2470 2577 qui
2497 2508 2854 2563 duodecimus
2881 2519 3008 2566 ante
3037 2511 3217 2567 datam
3247 2515 3418 2568 Euse-

1851 2601 1939 2654 bio
1967 2601 2274 2670 epistolam.

1919 2693 2007 2745 Ill.
2050 2692 2236 2760 Neque
2294 2692 2541 2755 Photius,
2591 2706 2768 2761 neque
2817 2693 2976 2756 alius,
3031 2695 3177 2764 quod
3228 2697 3418 2758 sciam.

1848 2792 2120 2845 veterum,
2171 2783 2421 2836 meminit
2455 2781 2890 2836 elucubrationis
2914 2792 3076 2838 tanta:
3107 2803 3119 2837 :
3149 2801 3217 2840 an
3249 2786 3420 2840 inter-

1851 2874 1987 2928 ierat
2011 2872 2334 2943 jamdudum
2379 2881 2503 2926 ante
2536 2873 2652 2941 ipsa
2684 2889 2899 2944 quoque
2933 2876 3110 2929 I‘hotii
3137 2878 3423 2946 tempora?

1848 2982 1916 3018 an
1941 2966 2048 3018 alio
2074 2964 2295 3018 nomine
2321 2964 2617 3018 censetur?

1919 3056 2003 3110 IV.
2067 3054 2268 3109 Credat
2310 3057 2451 3108 forte
2503 3055 2796 3124 quispiam,
2847 3057 2955 3110 levi
2999 3065 3197 3123 tamen,
3233 3069 3296 3114 ut
3321 3075 3423 3130 ego

1846 3147 2064 3216 quidem
2089 3147 2302 3215 Opinor,
2325 3154 2671 3214 argumento,
2699 3148 2954 3217 mysticos
2978 3149 3151 3203 libros
3170 3151 3239 3204 ab
3255 3167 3422 3221 opere

167 3246 294 3307 rius,
339 3245 450 3297 hoc
485 3243 627 3312 apud
663 3242 879 3296 annuos
918 3240 1262 3295 exactissime
1289 3239 1538 3308 praestitit
1563 3238 1742 3292 Theo-
1772 3227 1812 3282 C
1850 3233 1922 3284 De
1969 3234 2216 3285 curandis
2271 3232 2571 3288 Crterorunt
2608 3235 2964 3304 affectionibus
3014 3253 3122 3292 non
3151 3240 3374 3295 differre
3405 3260 3420 3294 :

164 3334 389 3389 doretus
419 3334 514 3386 ille
551 3333 811 3402 Cyrensis
833 3329 1206 3400 episcopus“,
1267 3344 1330 3382 ex
1363 3329 1518 3396 cujus
1545 3327 1745 3396 insigni

165 3441 328 3494 opere
354 3466 368 3487 ,
426 3424 574 3493 quod
633 3423 776 3492 apud
823 3437 924 3476 nos
957 3429 1040 3474 est
1070 3420 1124 3472 in
1153 3419 1394 3488 antiquis
1414 3418 1747 3470 membranis

164 3515 508 3582 descriptum
533 3552 547 3574 ,
601 3511 737 3565 libet
786 3511 874 3563 hic
907 3510 1115 3576 aliquot
1141 3507 1357 3576 egregie
1387 3505 1602 3560 erudita
1629 3506 1745 3559 loca

164 3604 465 3666 ascribere,
500 3616 567 3655 ex
617 3600 820 3668 quibus
843 3598 1087 3650 universi
1113 3597 1264 3649 illius
1297 3595 1485 3664 operis
1509 3595 1746 3664 dignitas

163 3701 217 3745 et
246 3691 461 3746 utilitas
507 3690 801 3742 elucescet.
854 3683 1006 3746 Οἷνος
1036 3686 1125 3739 ἐπὶ
1163 3683 1297 3736 Θεοῦ
1345 3687 1376 3754 ἡ
1415 3686 1648 3752 τιμωρία
1676 3684 1742 3736 ⁸⁷.

165 3783 324 3835 Δασιδ
356 3783 444 3834 ὃτι
478 3780 736 3849 ποτήριον
771 3781 828 3829 ἐν
879 3777 1023 3846 χειρὶ
1067 3777 1272 3845 Κυρίου
1317 3777 1460 3827 οἴνου
1502 3775 1746 3843 ἀκράτου

166 3874 370 3943 πλῆρες
413 3870 782 3939 κεράσματος.
809 3868 943 3921 Item
969 3884 982 3920 :
1013 3867 1078 3918 Al.
1120 3866 1305 3936 τρίχες
1324 3867 1390 3928 ν’,
1418 3867 1515 3934 τῆς
1544 3864 1748 3934 νεκρὼ-

167 3983 298 4027 σεως
326 3961 617 4030 σύμϐολοψ
646 3959 836 4026 νεκραὶ
855 3959 961 4028 γὰρ
978 3953 1135 4010 αὗται
1166 3959 1256 4008 καὶ
1280 3957 1469 4025 ὀδύνης
1495 3957 1747 4025 αἴσθησιν

164 4056 220 4107 οὐ
255 4055 568 4123 δεχόμεναι.
603 4050 714 4119 Τὴν
745 4049 917 4117 ἁληοῆ
953 4047 1130 4100 τοίνυν
1155 4047 1299 4116 ζωὴν
1331 4048 1475 4116 ἔχειν
1516 4046 1742 4104 κελεύει.

163 4146 285 4206 τοὺς
313 4143 388 4212 τῷ
421 4140 543 4210 Θεῷ
572 4139 1037 4208 λειτουργοῦντας,
1064 4139 1157 4191 καὶ
1195 4139 1356 4208 μηδὲν
1383 4139 1571 4209 νεκρὸν
1606 4138 1746 4208 ἔχειν

170 4235 298 4300 μηδὲ
332 4233 594 4295 δυσῶδες.
641 4232 812 4282 Τοῦτο
849 4231 956 4300 γὰρ
998 4230 1089 4283 καὶ
1119 4230 1147 4280 ὁ
1177 4229 1456 4293 θεσπέσιος
1487 4233 1630 4300 ἡμᾶς
1665 4231 1743 4283 δι-

1849 3339 1973 3376 nam
2025 3324 2297 3377 consentit
2348 3339 2642 3392 numerus,
2693 3334 2748 3380 et
2796 3328 2942 3399 quod
2992 3331 3116 3398 quis
3157 3332 3419 3397 miretur,

1849 3414 2212 3476 Thedoretus,
2247 3401 2355 3469 'ubi
2386 3417 2615 3472 alterius
2639 3419 2821 3488 operis
2843 3422 3115 3485 meminit,
3156 3423 3223 3478 de
3249 3424 3422 3478 altero

1849 3507 1994 3568 silet,
2041 3507 2196 3574 quasi
2243 3508 2360 3560 solo
2401 3509 2623 3562 nomine
2667 3511 2883 3564 diversa
2910 3513 3038 3567 sint.
3088 3515 3290 3570 Verum
3321 3532 3420 3571 ne-

1847 3611 1953 3665 que
1981 3595 2238 3666 mysteria
2265 3605 2571 3650 tractantur
2602 3613 2725 3651 cum
2750 3601 3069 3668 gentilibus,
3119 3605 3420 3672 prtesertim

1848 3703 1876 3740 a
1903 3687 2269 3751 Theodoreto,
2293 3689 2401 3756 .qui
2429 3688 2480 3741 id
2511 3689 2743 3744 maxime
2766 3699 2951 3757 cavet;
2985 3707 3162 3761 neque
3189 3694 3241 3748 in
3267 3695 3424 3749 libris

1848 3777 2008 3848 515
2044 3778 2308 3831 adversus
2344 3777 2565 3831 Graecos
2612 3780 2886 3846 reperitur
2908 3784 3234 3850 expositum,
3272 3786 3417 3853 quod

1851 3870 1904 3922 in
1951 3870 2094 3923 libro
2123 3886 2154 3922 ν
2199 3869 2582 3922 Πιετειὶσαηιηι
2632 3870 2932 3940 fabularum
2981 3873 3049 3928 de
3096 3875 3420 3943 baptismate

1848 3959 2065 4013 dicitur.

1917 4050 1980 4103 V.
2020 4051 2187 4105 Libro
2208 4068 2239 4105 v
2274 4052 2467 4105 eret.
2492 4051 2621 4120 fab.,
2641 4066 2783 4120 cap.,
2821 4053 2855 4105 2
2876 4053 2978 4105 sub
3000 4051 3162 4106 finem
3195 4055 3419 4123 prolixa:

1847 4141 2235 4210 disputationis
2268 4143 2336 4196 de
2365 4142 2528 4196 Verbi
2559 4142 2844 4195 divinitate
2878 4142 3140 4196 adversus
3162 4145 3415 4209 Ariauos,

1849 4233 1965 4287 hau:
1987 4234 2260 4288 habentur
2284 4253 2296 4287 :
2327 4253 2343 4284 ι
2363 4234 2563 4288 Contra
2589 4235 2688 4288 hos
2711 4245 2891 4288 autem
2917 4233 3203 4288 duodecim
3220 4236 3326 4303 jam
3352 4235 3417 4288 li—

163 4325 346 4378 δάσκει
377 4323 610 4385 Παῦλος.
633 4321 862 4388 Χριστῷ
880 4321 1010 4390 γὰρ,
1046 4320 1199 4388 φησι,
1234 4323 1743 4388 συνεσταύρωμαι.

1849 4325 1978 4378 bros
1998 4340 2174 4392 nuper
2196 4324 2642 4392 conscripsimus,
2671 4332 2727 4376 et
2749 4332 2947 4391 praeter
2963 4322 3062 4376 hos
3085 4337 3232 4376 nunc
3249 4315 3416 4376 etiam

164 4417 252 4470 Ζῶ
267 4418 334 4470 δὲ
350 4419 466 4470 οὐκ
485 4417 571 4469 ἔτι
592 4415 725 4483 ἐγὼ,
753 4413 817 4480 ζῇ
837 4413 902 4465 δὲ
919 4412 1131 4481 erepo!
1153 4414 1420 4480 Χριστός.
1453 4414 1585 4474 Ταῖς
1615 4412 1741 4481 γὰρ,

1848 4415 2074 4469 alterius
2093 4415 2314 4468 moralis
2332 4414 2616 4482 theologia:
2637 4423 2690 4466 et
2710 4412 2971 4467 doctrina:
2996 4427 3218 4480 scopum
3236 4421 3416 4467 osten-

163 4510 294 4576 φησὶ
319 4510 388 4570 θ’,
425 4507 727 4575 ἐνεργείαις
765 4505 998 4572 ἐμαυτὸν
1031 4504 1334 4573 ἀφιέρωσα.
1370 4504 1572 4558 Verum
1614 4504 1742 4558 inde

1780 4495 1820 4548 Ι)
1847 4505 2077 4558 όίιηιιε.»
2111 4504 2323 4570 Quibus
2348 4504 2531 4558 verbis
2559 4502 2788 4556 indicari
2809 4502 3027 4555 videtur
3044 4515 3200 4569 opus,
3222 4501 3289 4555 de
3305 4516 3417 4570 quo

1503 4646 1811 4712 SCIIULZII
1854 4656 1941 4710 ΝΟ
1959 4677 1976 4709 ι

233 4794 276 4823 ’⁸
302 4791 496 4845 Sixtus
549 4787 808 4860 Senensis
831 4785 1097 4856 (Biblioth.
1120 4796 1336 4848 sancta,
1358 4787 1467 4860 lib.
1500 4787 1572 4853 :v)
1612 4787 1801 4860 refert,
1828 4803 1885 4841 se
1925 4789 2066 4860 inter
2120 4788 2224 4841 alia
2258 4786 2588 4860 Theodoreti
2619 4801 2785 4860 opera
2833 4785 3027 4857 legisse
3061 4787 3412 4860 mysticarum

166 4861 575 4916 institutionum
605 4859 660 4910 in
679 4860 988 4912 universam
1012 4874 1218 4912 sacram
1255 4857 1588 4925 Scripturam
1612 4858 1936 4928 isagogicnm
1962 4859 2237 4920 volumen,
2273 4859 2552 4910 nominum
2584 4873 2646 4928 ac
2677 4857 2963 4910 verborum
3000 4857 3266 4922 omnium,
3292 4876 3414 4928 quas

165 4933 370 4986 dixinis
419 4928 642 4981 Litteris
658 4927 1056 4999 __continentur,
1087 4929 1342 4999 mysticas
1371 4937 1424 4980 et
1467 4925 1785 4999 spirituales
1815 4928 2222 4999 jntclligentiars
2259 4925 2704 4999 exponens._Hoc
2744 4941 2901 4999 opus,
2928 4937 3063 4999 teste
3093 4925 3409 4999 Posseviuo.

169 5004 403 5070 (Appar:
429 5006 612 5070 sac._t.
657 4997 724 5070 I_l,
773 5011 826 5070 p_.
850 4998 1010 5070 558),
1048 4998 1101 5050 in
1136 4993 1376 5070 antiquis
1423 4993 1752 5070 membranis
1799 4997 1982 5051 Grzeee
2014 4993 2360 5070 descriptum
2404 4995 2724 5070 servabatur
2751 4993 3180 5070 Vindobona;_in
3209 4999 3411 5070 biblio-

167 5062 322 5124 theca
376 5067 740 5136 Brassicani._
775 5062 825 5098 "
849 5062 1074 5120 Videtur
1113 5081 1233 5121 esse
1270 5062 1586 5136 legendum
1625 5062 1747 5118 οἶνος

1814 5070 1845 5135 ἡ
1902 5068 2140 5136 τιμωρία
2182 5062 2274 5117 τόὖ
2330 5066 2484 5124 Θεοῦ,
2525 5066 2638 5118 sive
2667 5074 2728 5117 ut
2759 5075 2800 5136 t.
2836 5067 2878 5127 l,
2910 5067 3141 5134 p.1138,
3176 5069 3240 5120 ad
3274 5070 3410 5136 psal.

167 5156 341 5202 Lutv,
374 5140 432 5198 9,
466 5130 831 5206 legiturgoivov
857 5139 956 5206 τὴν
985 5138 1250 5206 τιμωρίαν
1294 5130 1466 5206 nisi.
1545 5134 1591 5166 "
1620 5136 1744 5205 τρίχ

1780 5130 1998 5199 ς.Ἐ(1ἱὶ.
2024 5130 2175 5206 prior
2202 5136 2433 5206 habebat
2465 5135 2678 5203 Γρίκες.
2757 5135 2802 5206 ν
2832 5130 2985 5202 (pubi.
3017 5130 3300 5190 Excidisse
3332 5139 3412 5189 vi-

168 5211 325 5262 detur
358 5208 557 5267 Θείαις.
593 5204 710 5259 Vid.
745 5204 930 5274 supra,
965 5215 1004 5258 t.
1038 5204 1078 5268 I,
1103 5204 1157 5272 ρ.
1190 5206 1314 5260 228.
1397 5208 1408 5234 '
1444 5205 1624 5274 Longe
1659 5204 1852 5275 'major
1895 5215 1978 5260 est
2027 5204 2293 5260 numerus
2345 5205 2641 5275 librorum,
2680 5205 2773 5272 qui
2810 5215 2998 5258 nostro
3027 5207 3112 5259 vel
3143 5207 3409 5274 suppositi

169 5290 293 5333 sunt
323 5277 414 5330 vel
447 5284 650 5328 temere
675 5273 916 5344 ascripti.
957 5276 1032 5328 Ne
1054 5278 1164 5344 jam
1189 5275 1254 5329 de
1288 5289 1476 5329 ecrum
1503 5273 1992 5345 dicamus—errore,
2017 5277 2132 5345 qui,
2169 5290 2290 5328 cum
2341 5273 2597 5345 antiquos
2643 5283 2926 5327 versarent
2970 5275 3205 5336 codices,
3230 5273 3410 5329 Theo—

168 5351 426 5401 doretum
474 5359 599 5396 cum
629 5343 918 5397 'l'beodbro
950 5343 1349 5413 Mopsuesteno,
1384 5343 1758 5413 Daphnopata,
1793 5343 2220 5413 aliisque'hujus
2251 5344 2487 5396 nominis
2529 5353 2961 5414 commutarunt,
2994 5345 3099 5397 huc
3136 5345 3187 5396 in
3218 5347 3412 5414 primis

170 5415 446 5485 referendi
482 5424 609 5466 sunt
635 5414 750 5485 duo
769 5415 866 5485 isti
897 5415 1023 5467 libri
1056 5431 1069 5466 :
1106 5416 1158 5477 I,
1189 5416 1339 5485 Περι
1372 5414 1464 5465 τοῦ
1492 5416 1664 5485 alios
1701 5415 1747 5482 βε

1780 5418 2072 5485 attain-:0;
2102 5415 2208 5465 τῶν
2253 5413 2796 5485 ᾀγξων--ὰποοτόλῳν
2835 5417 2927 5465 καὶ
2957 5415 3056 5482 τῆς
3090 5413 3249 5481 ἁγίας
3281 5414 3409 5466 Θεο-

169 5492 352 5538 τόκου.
390 5484 488 5537 llic
518 5483 737 5550 quidem
765 5484 982 5537 libellus
1013 5485 1065 5536 in
1097 5482 1409 5552 Appendice
1440 5483 1506 5535 ad
1563 5483 1751 5551 Cangii
1781 5484 2091 5538 Chronicon
2124 5483 2384 5537 Paschalc
2421 5482 2757 5552 Theodoreti
2806 5498 3004 5537 nomen
3046 5500 3156 5551 pra:
3188 5499 3246 5537 se
3282 5484 3409 5546 fert,

172 5559 264 5610 sed
289 5556 511 5624 videtur
535 5568 653 5624 esse
679 5553 972 5621 Sophronii
1001 5551 1325 5624 patriarcha:
1348 5552 1616 5606 Hierosol.
1650 5555 1752 5606 sub
1777 5555 1932 5624 cujus
1955 5554 2172 5624 nomine
2195 5563 2372 5607 exstat
2396 5553 2449 5605 in
2480 5551 2760 5624 Lambecii
2793 5552 3232 5624 Commentariis,
3259 5554 3294 5605 Ι.
3328 5570 3408 5624 ω,

172 5642 225 5696 ρ.
254 5629 337 5682 52.
375 5626 433 5696 2.
473 5622 718 5696 Collectio
749 5639 1011 5696 canoaum
1045 5623 1533 5696 ecclesiasticarum,
1569 5639 1731 5696 quam
1777 5621 2074 5678 Salmasius
2098 5623 2416 5696 {Derusurisj
2446 5638 2494 5696 c_.
2529 5621 2647 5696 gl).
2685 5623 2840 5696 inter
2862 5624 3119 5696 ἀνέδιδρτα
3154 5623 3409 5696 Τῂεοᾱοτ

171 5690 269 5750 reti
319 5693 514 5756 refert,
547 5694 727 5752 nixus,
761 5699 820 5744 ut
868 5692 1105 5763 videtur,
1155 5692 1479 5763 auctoritate
1526 5693 1733 5747 codicis
1775 5696 2054 5763 cujusdam
2099 5693 2353 5746 Parisini.
2381 5690 2791 5763 Sed_Co_llectio
2830 5693 2931 5746 ista
2956 5692 3188 5746 debetur
3212 5693 3408 5763 Joanni

172 5764 532 5826 Scholastico,
564 5771 623 5815 ut
677 5763 859 5830 plures
908 5761 1139 5830 probant
1188 5762 1424 5822 codices,
1475 5763 1676 5831 quibus
1723 5761 1856 5816 usus
1906 5772 1989 5818 est
2034 5761 2886 5822 Justellus,cumBibliothecam
2911 5773 3063 5816 suam
3091 5762 3406 5816 canonicam

559 5836 577 5863 ²
609 5831 912 5884 Eusebium.
960 5831 1179 5885 Scilicet
1228 5833 1592 5903 Aneyranum.
1626 5833 1745 5886 \‘id.
1801 5835 1960 5902 epist.
1999 5833 2083 5889 82.
2165 5835 2182 5863 ³
2221 5833 2329 5886 Lib.
2361 5850 2387 5886 ν
2443 5846 2560 5899 cap.
2594 5832 2676 5887 I8.

495 5929 764 5986 ΡΑτειοι.
802 5925 918 5983 (in.
960 5926 1293 5986 LXXXIV.

3008 5930 3078 5986 12

173 5839 480 5888 adornaret.
