4224 6442
765 429 869 490 363

767 557 981 611 agimus
1020 582 1032 593 .

770 630 1056 699 theologia:
1089 642 1182 681 seu
1212 628 1601 695 mvsteriorum
1625 625 1751 680 ﬁdei
1784 625 2185 695 expositionem
2211 638 2359 677 com-

770 722 1094 793 prehensum
1121 734 1263 773 esse.
1311 720 1515 773 Verum
1547 734 1648 773 cur
1672 718 1875 773 dicitur
1902 732 2082 786 nuper
2111 714 2325 769 conseri
2345 745 2357 755 -

771 815 959 884 ptum?
1008 815 1088 868 An
1117 830 1221 867 vos.
1250 813 1434 868 Grmca
1467 813 1681 882 πρώην,
1716 827 1827 865 non
1850 825 2037 879 nuper,
2074 807 2170 863 sed
2198 816 2357 861 antea

770 906 1082 977 signiﬁcat?
1141 905 1253 960 Cur
1305 906 1470 958 etiam
1526 904 1733 958 dicitur
1772 908 1787 923 '
1826 904 1967 957 liber
2018 900 2360 971 theologicus

774 1017 919 1055 nunc
944 997 1314 1068 compositus?
1368 998 1448 1052 An
1480 997 1688 1068 pariter
1734 1011 1837 1050 vox
1863 996 2048 1050 Grasca
2069 994 2163 1047 νῦν
2203 993 2355 1046 reddi

770 1091 947 1161 potuit
978 1105 1129 1144 more
1160 1105 1270 1143 non
1298 1089 1579 1151 insolenti,
1611 1097 1765 1152 tunc,
1817 1096 1877 1141 ut.
1911 1087 2235 1143 ostendatur
2264 1102 2356 1140 co-

770 1184 894 1238 dem
925 1191 1171 1252 tempore
1201 1193 1498 1251 utrumque
1525 1196 1666 1250 opus
1689 1180 2108 1235 clueubratum?
2141 1179 2360 1235 Utrius-

770 1289 877 1342 que
905 1273 1054 1327 vocis
1087 1271 1608 1341 interpretationem
1642 1278 1792 1323 certa
1816 1268 1955 1322 ratio
1981 1268 2354 1322 demonstrat:

770 1381 895 1418 nam
922 1364 1094 1418 libros
1120 1362 1507 1417 ereticarum
1530 1360 1836 1430 fabularum
1866 1358 2245 1413 Thcodoretus
2265 1373 2360 1410 an-

770 1472 841 1509 no
860 1456 963 1509 452
993 1456 1334 1525 composuit;
1371 1453 1625 1507 meminit
1648 1468 1778 1505 vero
1809 1451 1968 1521 longe
1996 1460 2122 1504 ante
2150 1450 2360 1503 theolo-

770 1548 1017 1613 gicorum
1048 1547 1319 1600 librorum
1372 1561 1385 1596 :
1432 1557 1543 1596 non
1579 1542 1726 1611 ipsos
1762 1541 1927 1611 igitur
1956 1558 2121 1610 nuper
2147 1550 2359 1594 etnunc

770 1640 1140 1694 elucubravit.

912 1795 939 1866 ᾗ
967 1796 1032 1849 11.
1071 1794 1213 1848 Libri
1243 1795 1305 1845 de
1336 1790 1596 1862 theologia
1633 1800 1793 1861 atque
1822 1790 2212 1842 incarnatione.

840 1932 879 1985 Ι.
935 1928 1086 1999 Opus
1118 1945 1147 1982 a
1180 1944 1237 1982 se.
1270 1927 1644 1995 conscriptum
1687 1925 1754 1980 de
1780 1923 2053 1994 theologia
2084 1933 2141 1977 et
2171 1924 2351 1977 incar-
2381 1904 2427 1960 Β

772 2023 994 2076 natione
1032 2020 1199 2073 tradit
1232 2018 1615 2072 Theodorctus
1663 2017 1787 2069 loco
1819 2031 1945 2069 mox
1974 2016 2177 2078 citato,
2211 2024 2268 2069 et
2304 2016 2359 2068 in

770 2116 969 2171 litteris
1022 2114 1088 2167 ad
1139 2113 1376 2166 Leonem
1427 2109 1763 2180 pontiﬁcem.
1810 2127 1826 2158 ι
1867 2108 2072 2177 Scripsi
2107 2107 2357 2177 quaedam

770 2210 1036 2262 adversus
1082 2206 1315 2260 Arianos
1362 2212 1418 2258 et
1456 2203 1859 2267 Eunomianos;
1902 2233 1971 2241 —-
2020 2201 2127 2254 alia
2168 2216 2362 2254 rursus

770 2301 838 2353 de
866 2298 1159 2367 theologia,
1193 2297 1371 2364 deque
1406 2294 1590 2346 divina
1620 2293 2060 2346 incarnatione“.
2087 2310 2103 2342 ι

848 2390 910 2443 ll.
943 2389 1105 2443 Solus
1126 2387 1239 2454 ipse
1264 2395 1514 2437 veterum
1539 2381 1878 2435 mentionem
1900 2380 2032 2434 facit
2056 2397 2069 2432 :
2094 2395 2194 2434 nec
2210 2379 2358 2433 enim

774 2483 1021 2541 l’iiotiiis,
1072 2487 1169 2532 aut
1214 2476 1579 2545 Nieephorus,
1636 2484 1733 2528 aut
1773 2474 1915 2527 alius
1936 2473 2210 2543 quispiam
2240 2487 2357 2525 me-

774 2573 962 2634 minit;
1002 2571 1111 2623 imo
1144 2583 1245 2621 nec
1273 2567 1382 2619 ulla
1407 2564 1572 2634 hujus
1600 2563 1840 2617 nominis
1866 2562 2209 2617 elucubratio
2234 2562 2361 2615 hac-

775 2677 935 2719 tenus
966 2661 1193 2732 prodiit.
1242 2658 1527 2712 lnteriitnc
1556 2655 1782 2710 omnino
1817 2665 1925 2708 tam
1956 2655 2169 2725 insigne
2197 2670 2356 2723 opus,

772 2772 839 2807 an
866 2753 1026 2807 alteri
1055 2750 1400 2821 suppositum
1423 2757 1506 2801 est
1531 2748 1891 2815 auctori,jam
1912 2746 2039 2799 inde
2060 2761 2089 2799 a
2108 2746 2360 2815 pluribus

773 2845 1019 2901 srecuiis?
1076 2844 1324 2897 Alterum
1382 2840 1525 2894 istud
1557 2839 1899 2909 probabilius
1926 2839 2062 2892 mihi
2086 2839 2307 2893 videtur
2343 2856 2357 2892 ε

774 2938 972 3006 opinor
997 2935 1143 2989 enim
1167 2974 1180 2995 ,
1234 2947 1355 3001 qua:
1385 2931 1671 2999 scripsisse
1697 2946 1754 2984 se
1787 2929 1956 2983 tradit
1978 2930 2361 2984 Theodoretus

776 3031 841 3083 de
868 3028 1142 3096 theologia
1175 3034 1231 3081 et
1255 3025 1440 3078 divina
1474 3023 1873 3085 incarnatione,
1909 3022 2224 3076 nullatenus
2254 3022 2360 3075 dif-

776 3123 922 3173 terre
958 3135 987 3172 τι
1019 3118 1177 3172 libris
1209 3116 1385 3169 tribus
1429 3114 1695 3168 adversus
1722 3113 2270 3175 Pneumatomachos,
2304 3124 2360 3169 et

776 3212 994 3264 iinohus
1020 3218 1211 3263 contra
1233 3206 1654 3276 Apollinaristas
1682 3205 2021 3272 compositis,
2055 3204 2150 3273 qui
2175 3213 2231 3257 et
2256 3204 2357 3273 ipsi

776 3303 1020 3371 quinque
1066 3301 1267 3355 diversi
1313 3314 1423 3354 non
1451 3304 1577 3350 sunt
1610 3313 1639 3349 a
1668 3297 1899 3367 dialogis
1925 3298 2153 3352 totidem
2174 3340 2188 3362 ,
2222 3314 2361 3366 quos

777 3392 1077 3448 Athanasio
1123 3400 1525 3460 supposuerant
1550 3391 1617 3451 ii,
1673 3390 1767 3458 qui
1804 3404 1970 3457 opera
2003 3390 2178 3459 ipsius
2206 3405 2359 3444 com-

780 3485 1093 3541 melinianis
1118 3485 1261 3555 typis
1288 3499 1433 3538 anno
1460 3483 1597 3538 1600
1621 3483 1981 3539 ediderunt“.

850 3579 941 3632 ill.
978 3578 1037 3631 ln
1080 3578 1222 3631 hanc
1249 3576 1567 3645 opinionem
1595 3576 1717 3628 veni
1770 3575 1858 3629 his
1887 3576 2043 3644 quasi
2072 3577 2356 3647 gradibus.

782 3667 1175 3728 Animadverti,
1243 3668 1290 3719 1.
1320 3666 1410 3719 ubi
1452 3674 1807 3720 recensentur
1836 3667 1963 3719 libri
1992 3667 2061 3721 de
2090 3669 2358 3737 theologia

781 3770 834 3813 et
884 3759 1069 3813 divina
1118 3759 1538 3818 incarnatione,
1603 3758 1807 3810 nullam
1855 3758 1971 3811 ﬁeri
2022 3759 2356 3813 mentionem

781 3866 1007 3921 operum
1044 3850 1305 3903 adversus
1328 3849 1705 3903 Maccdoninm
1728 3858 1784 3903 et
1799 3849 2221 3918 Apollinarium,
2247 3851 2358 3905 vcl-

782 3943 919 3995 utin
952 3941 1181 4009 epistola
1216 3941 1312 3993 l|3
1338 3940 1403 3993 ad
1432 3950 1682 3994 sanctum
1718 3940 1978 4003 Leonem,
2014 3952 2147 4006 etc.;
2182 3942 2236 3996 2.
2263 3944 2355 3997 ubi

783 4042 1143 4089 recensentur
1183 4032 1359 4102 Opera
1403 4032 1666 4085 adversus
1698 4032 2075 4087 Macedonium
2104 4044 2161 4088 et
2186 4034 2355 4104 Apol-

782 4127 1037 4180 linarium
1058 4166 1071 4185 ,
1110 4134 1169 4179 ut
1198 4126 1250 4179 in
1279 4126 1441 4195 epist.
1470 4124 1538 4177 8'2
1567 4124 1634 4177 ad
1660 4124 1959 4178 Eusebium
1984 4125 2354 4197 Ancyranum,

781 4226 837 4271 et
862 4217 964 4270 116
992 4217 1059 4270 ad
1089 4216 1380 4278 Renatum,
1428 4230 1536 4267 non
1569 4215 1860 4269 memorari
1897 4216 2067 4271 libros
2101 4217 2169 4271 de
2200 4218 2355 4272 theo-

782 4306 921 4377 logia
968 4316 1024 4361 et
1062 4307 1478 4371 incarnatione;
1518 4306 1571 4359 3.
1612 4306 1807 4361 solitos
1832 4306 1996 4377 416
2022 4318 2235 4363 veteres
2254 4326 2354 4363 no-

780 4395 929 4448 mine
960 4394 1246 4463 theologus
1270 4394 1574 4448 inscribere
1621 4395 1816 4457 libros,
1845 4396 2049 4464 quibus
2076 4399 2355 4467 ὁμοουσιό-

780 4502 878 4554 της
900 4484 1211 4538 divinarum
1242 4498 1603 4553 personarum
1629 4485 1928 4554 probatur;
1967 4488 2021 4541 id
2052 4498 2267 4544 constat
2290 4507 2356 4546 ex

1910 423 2289 485 GARNERII
2322 422 2821 484 DISSERTATIO
2855 424 2933 481 ll.

1099 538 1251 605 Quod
1308 538 1353 592 si
1391 538 1462 593 ita
1504 547 1607 603 est,
1667 536 1914 606 oportuit
1948 537 2003 591 in
2033 537 2152 605 ipso
2182 541 2350 588 totam
2382 541 2422 596 Α
2454 543 2508 588 et
2537 544 2751 600 nostro,
2779 534 3003 589 libellus
3038 533 3317 603 reperitur
3362 534 3463 587 hac
3507 534 3889 605 inscriptione,
3927 537 4067 607 περὶ

3950 421 4064 486 364

2461 628 2557 696 τῆς
2590 628 2751 694 ἁγίας
2785 628 3033 698 Τριάδος.
3092 626 3199 683 Sed
3228 635 3520 697 postquam
3552 636 3609 682 et
3639 627 3787 693 illius
3808 642 4053 698 apogra-

2460 719 2655 789 phum,
2689 732 2746 776 et
2768 721 2935 775 istum
2967 719 3289 791 diligentius
3312 719 3544 791 perlegi,
3576 721 3760 789 reperi
3785 720 3923 774 nihil
3948 719 4064 773 dif-

2460 813 2606 867 ferre
2637 829 2668 867 a
2692 814 2979 882 prioribus
3002 813 3183 868 tribus
3209 812 3527 866 divinorum
3557 811 3875 881 dogmatum
3899 810 4064 881 capi-

2461 902 2627 965 tibus,
2659 918 2781 971 quze
2805 901 3087 971 pertinent
3114 903 3181 956 ad
3206 902 3412 955 librum
3435 901 3792 973 subjunctum
3814 908 4066 970 quatuor

2459 993 2617 1047 libris
2644 993 3032 1048 [hereticorum
3059 994 3388 1064 fabularum.

2533 1086 2595 1140 V.
2620 1085 2778 1151 Quod
2806 1086 2852 1140 si
2876 1086 3004 1155 quis
3026 1085 3346 1139 divinorum
3370 1085 3723 1139 decretorum
3745 1082 4061 1153 epitomen,

2459 1195 2580 1247 qute
2604 1178 2957 1249 subiungitur
2988 1176 3145 1232 libris
3169 1186 3409 1247 quatuor
3436 1176 3820 1231 Ilwreticarum
3842 1176 4065 1245 fabula-

2460 1286 2602 1333 rum,
2655 1270 2839 1339 operis
2880 1270 3175 1340 theologici
3201 1269 3446 1335 nomine,
3497 1279 3722 1341 propter
3746 1271 4064 1342 argumenti

2457 1361 2865 1430 cognationem,
2910 1362 3242 1430 appellatam
3282 1372 3466 1431 putet;
3505 1378 3591 1417 na:
3617 1362 3708 1417 ille
3739 1362 3933 1431 procul
3961 1363 4066 1416 ab.

2457 1459 2745 1505 crraturus
2760 1460 2844 1505 est
2861 1467 2891 1504 a
2910 1466 3059 1505 vero.
3074 1452 3209 1505 Nam
3233 1452 3358 1506 libri
3384 1453 3451 1507 de
3471 1453 3742 1523 theologia
3767 1452 3827 1507 ﬁt
3847 1453 4066 1507 mentio

2460 1544 2517 1597 in
2542 1542 2747 1599 litteris
2770 1551 2899 1598 ante
2924 1559 3131 1597 annum
3156 1543 3264 1597 449
3280 1544 3537 1613 scriptis;
3571 1561 3696 1600 cum
3722 1545 3850 1600 libri
3872 1544 4065 1601 Hiere-

2462 1634 2691 1685 ticarum
2742 1631 3049 1701 fabularum
3074 1673 3088 1697 ,
3142 1648 3267 1687 cum
3300 1634 3592 1703 subjuneta
3617 1634 3934 1688 divinorum
3963 1634 4069 1689 de-

2464 1731 2743 1775 cretorum
2777 1720 3040 1790 epitome,
3093 1723 3316 1776 nonnisi
3352 1732 3474 1792 post
3505 1723 3803 1778 concilium
3830 1722 4077 1778 Chalce-

2464 1816 2709 1869 donense
2740 1813 2990 1867 habitum
3020 1828 3173 1878 anno,
3190 1814 3290 1867 451
3326 1813 3619 1882 compositi
3640 1813 3771 1869 sint.

2772 1974 2800 2042 §
2833 1972 2924 2026 ll].
2961 1970 3104 2042 Opus
3137 1971 3386 2024 adversus
3409 1969 3755 2023 Harcionem.

2536 2138 2575 2161 ι.
2614 2108 2785 2163 Nemo
2812 2117 3064 2162 veterum
3095 2108 3325 2178 hujusce
3350 2124 3536 2178 operis
3565 2108 3821 2163 meminit
3854 2121 4065 2180 praeter

2464 2200 2897 2253 Theodoretum.
2956 2199 3205 2254 Meminit
3254 2199 3344 2253 ille
3384 2215 3516 2253 vero
3570 2199 3747 2253 tribus
3794 2200 3850 2254 in
3893 2201 4063 2256 locis.

2464 2291 2710 2362 Epistola
2734 2292 2803 2345 82
2830 2292 2899 2347 ad
2926 2292 3229 2347 Eusebium
3259 2310 3272 2345 :
3304 2311 3321 2343 ι
3340 2291 3545 2347 Contra
3566 2293 3894 2362 Apollinarii
3917 2310 4065 2364 pra:-

2462 2382 2672 2453 stigias,
2703 2382 3026 2451 rabiemque
3049 2382 3346 2435 Marcionis
3368 2381 3541 2436 libros
3558 2382 3689 2437 olim
3707 2384 4023 2452 composui.
4038 2405 4056 2435 ι

2462 2473 2707 2543 Epistola
2738 2472 2839 2528 116
2867 2472 2933 2526 ad
2961 2472 3235 2526 Renatum
3268 2490 3281 2525 :
3320 2492 3337 2523 ‹
3364 2472 3563 2527 Libros
3596 2474 3787 2543 scripsi
3820 2475 4067 2545 amplius

2464 2563 2689 2635 triginta
2739 2564 3008 2619 adversus
3049 2565 3240 2618 Arium
3289 2574 3345 2619 et
3389 2566 3751 2631 Eunomium,
3786 2566 4065 2621 adversus

2461 2657 2814 2721 Marcionem,
2846 2678 2864 2709 ι
2902 2665 3009 2711 etc.
3045 2658 3115 2711 Et
3142 2656 3374 2727 epistola
3400 2658 3503 2711 115
3530 2658 3596 2712 ad
3629 2657 3934 2712 monachos
3964 2675 4065 2713 ur-

2462 2751 2547 2805 bis
2568 2752 2751 2821 Regia:
2773 2769 2785 2804 :
2817 2750 3126 2805 «Adversus
3146 2766 3265 2814 eos,
3286 2750 3380 2819 qui
3405 2750 3697 2806 Marcionis
3720 2752 3842 2806 tabe
3861 2767 4065 2805 corru-

2461 2842 2539 2912 pti
2568 2852 2716 2906 sunt,
2742 2852 2958 2899 certare
2980 2858 3263 2911 nunquam
3290 2841 3627 2907 destitimus,
3655 2843 4065 2913 persuadentcs

2462 2935 2756 2989 Marcionis
2779 2936 2967 2989 furore
2996 2934 3426 3000 insanientibus,
3460 2951 3572 2988 non
3602 2934 3807 2989 bonum
3839 2947 4061 2991 tantum

2460 3040 2602 3089 esse,
2638 3040 2830 3079 verum
2855 3025 3024 3079 etiam
3064 3027 3307 3095 justum;
3358 3041 3469 3079 non
3496 3026 3826 3090 alienorum,
3864 3037 3926 3081 ut
3955 3028 4064 3097 ipsi

2462 3117 2800 3179 fabulantur,
2834 3116 2929 3170 sed
2954 3131 3182 3169 suorum
3210 3116 3384 3185 ipsius
3408 3133 3641 3186 operum
3667 3119 4053 3173 salvatorem.»

2463 3208 2595 3273 Qua:
2641 3217 2917 3277 postrema
2947 3206 3117 3261 Verba
3148 3206 3355 3261 idcirco
3400 3208 3628 3270 adduxi,
3666 3220 3727 3263 ut
3760 3210 3863 3264 hoc
3890 3226 4059 3280 opus,

2465 3302 2641 3356 sicubi
2666 3302 2845 3355 alieno
2875 3301 2977 3355 sub
3005 3302 3226 3354 nomine
3250 3301 3436 3364 lateat,
3463 3301 3608 3369 quod
3634 3303 3909 3371 suspicor,
3937 3306 4061 3372 ipso

2462 3394 2731 3462 prodente
2761 3400 3107 3463 argumento,
3144 3393 3489 3462 deprehendi
3523 3394 3716 3462 possit.

2530 3482 2595 3535 ll.
2652 3482 3035 3535 Theodoretus
3092 3481 3296 3550 passim
3342 3482 3505 3536 docet
3552 3482 3609 3536 in
3643 3484 3917 3551 epistolis,
3957 3502 4063 3541 cur

2462 3574 2744 3645 scripserit
2771 3573 3035 3628 adversus
3058 3574 3412 3637 Marcionem,
3434 3583 3488 3627 et
3508 3590 3619 3643 quo
3641 3588 3820 3643 operm
3841 3577 4055 3643 pretio:

2462 3676 2649 3720 narrat
2680 3666 2831 3720 enim
2865 3682 2964 3720 sua
2997 3667 3053 3720 in
3093 3666 3384 3735 parochia,
3431 3675 3563 3720 tunc
3592 3682 3716 3721 cum
3756 3668 4057 3737 regendam

2460 3759 2721 3827 suscepit,
2780 3758 3016 3829 viguisse
3065 3758 3360 3813 Marcionis
3406 3758 3678 3823 haeresin,
3736 3760 4059 3831 factumque

2460 3850 2575 3905 suis
2594 3849 2913 3910 sudoribus,
2952 3858 3117 3918 atque
3147 3850 3313 3904 etiam
3342 3859 3659 3904 sanctorum
3685 3851 3970 3920 precibus,
3995 3863 4060 3908 ut

2458 3937 2905 3992 Marcionitarum
2937 3936 3127 3992 decem
3159 3938 3327 3991 millia
3367 3938 3433 3991 ad
3462 3938 3623 3991 tidem
3658 3949 4057 3995 converteren-

2461 4039 2564 4085 tur.
2599 4030 2704 4086 Scd
2734 4031 2788 4085 in
2814 4030 3045 4085 Historia
3071 4029 3335 4100 religiosa,
3366 4030 3544 4099 capite
3563 4030 3651 4095 20,
3676 4031 3949 4101 prolixius
3972 4050 4061 4087 re-

2458 4121 2596 4185 fert,
2652 4122 2932 4191 quomodo
2973 4130 3291 4176 sanctorum
3320 4121 3579 4190 precibus
3632 4132 3838 4176 tantam
3870 4124 3943 4178 de
3974 4134 4057 4178 tot

2458 4214 2713 4267 hostibus
2746 4213 3033 4267 victoriam
3064 4212 3382 4281 reportarit.

2528 4306 2617 4359 Ill.
2676 4304 3093 4360 Observandum
3135 4319 3300 4373 porro
3349 4320 3640 4358 numerum
3702 4305 4058 4361 Marcionitaa

2460 4415 2579 4451 rum
2611 4398 2679 4451 ad
2710 4406 2917 4451 rectam
2946 4396 3109 4451 ﬁdem
3138 4412 3532 4450 conversorum
3557 4396 3839 4451 diversum
3868 4399 4057 4454 divero

2459 4494 2535 4542 sis
2564 4488 2725 4558 417
2750 4488 2887 4542 locis
2914 4487 3017 4557 legi
3048 4505 3060 4540 :
3088 4487 3310 4540 Deecm‘
3331 4487 3501 4541 millia
3523 4499 3579 4543 et
3601 4489 3838 4558 amplius
3854 4490 4062 4545 dicun-

780 4576 1124 4630 orationibus
1175 4576 1537 4640 Nazianzcni;
1575 4578 1627 4630 4.
1674 4578 1819 4646 apud
1864 4579 2087 4634 eosdem
2136 4593 2353 4638 veteres
2386 4587 2431 4643 ι)
2460 4589 2547 4633 tur
2570 4595 2837 4633 conversa
2868 4580 2922 4632 in
2949 4580 3113 4648 epist.
3140 4580 3273 4643 Hii;
3311 4579 3365 4632 in
3392 4580 3553 4648 epist.
3576 4579 3679 4633 115
3702 4580 3767 4633 ad
3795 4591 4055 4635 sanetum

782 4667 1070 4737 theologia
1094 4675 1147 4720 et
1173 4666 1458 4720 Trinitatis
1480 4669 1723 4729 nomina,
1747 4685 1871 4723 cum
1895 4670 2075 4739 agitur
2093 4672 2161 4726 de
2181 4672 2356 4739 libris,

779 4756 1089 4827 promiscue
1136 4759 1389 4826 usurpari
1446 4774 1459 4809 :
1510 4756 1564 4809 id
1593 4757 1797 4825 ubique
1848 4759 2049 4827 passim
2076 4764 2355 4829 occurrit;

779 4850 831 4903 5.
877 4846 1123 4915 dialogos
1162 4836 1427 4901 adversus
1451 4846 1829 4901 ilaccdonium
1864 4856 1920 4901 et
1954 4850 2357 4917 Apollinarium

780 4946 943 5005 atque
983 4937 1151 4990 etiam
1182 4937 1371 4990 Arium
1421 4937 1476 4989 in
1508 4936 1765 4989 omnibus
1797 4936 1911 4991 fere
1939 4940 2224 4995 codicibus
2254 4942 2358 4997 hoc

780 5029 943 5083 titulo
972 5029 1247 5100 insigniri,
1280 5031 1404 5099 περὶ
1435 5030 1531 5098 τῆς
1559 5030 1716 5097 ἁγίας
1739 5031 1990 5100 Τριάδος,
2022 5034 2109 5087 (‘ui
2137 5045 2354 5103 poterat

778 5120 907 5174 addi
962 5129 1188 5189 propter
1216 5120 1461 5190 dialogos
1506 5122 1773 5175 adversus
1798 5121 2222 5191 Apollinarium,
2260 5128 2354 5179 καὶ

778 5212 926 5272 Θείας
948 5212 1432 5282 ὲνανθρωπήσεως.

848 5299 934 5354 ιγ.
988 5300 1047 5354 lu
1082 5301 1469 5371 manuscriptis
1497 5303 1714 5358 duobus
1740 5305 2044 5372 codicibus,
2088 5308 2355 5363 Vaticano

2461 4671 2700 4727 Leonem
2730 4672 2999 4726 duntaxat
3030 4671 3148 4742 plus
3174 4690 3335 4741 quam
3358 4672 3550 4725 millia.
3587 4672 3760 4727 Error
3792 4673 3846 4726 in
3869 4685 4058 4742 poste-

2460 4763 2665 4817 riorem
2691 4763 2873 4817 locum
2906 4763 3172 4833 irrepsit"
3204 4782 3217 4816 ;
3246 4767 3485 4833 positum
3508 4764 3657 4818 enim
3683 4774 3800 4818 est:
3823 4766 4054 4829 Πλεεους

2464 4857 2561 4925 μὲν
2590 4856 2623 4925 ἢ
2652 4854 2827 4924 χιλίας
2856 4855 3053 4925 ψυχάς,
3086 4872 3187 4925 pro
3230 4855 3445 4918 πλείους
3480 4857 3513 4926 ἢ
3549 4858 3749 4926 μυρίας
3774 4856 3978 4926 ψυχάς.

2529 4948 2617 5001 1V.
2653 4947 2770 5001 Non
2806 4962 2969 5000 nemo
3002 4948 3105 5001 sibi
3160 4947 3436 5017 persuasit
3469 4946 3745 5018 dialogum
3781 4949 4053 5005 adversus

2460 5038 2808 5101 Manichaeos,
2858 5038 2950 5107 qui
2988 5039 3133 5093 inter
3180 5054 3349 5109 opera
3389 5040 3709 5093 Damasceni
3746 5042 4050 5109 reperitur,

2460 5144 2733 5197 quemque
2762 5129 3007 5192 Iacobus
3046 5130 3235 5184 Billius
3277 5131 3331 5183 in
3380 5129 3636 5185 Latinum
3682 5133 3880 5195 vertit,
3928 5149 4053 5189 esse

2461 5234 2601 5286 opus
2642 5234 2672 5271 a
2704 5218 3059 5273 Theodoreto
3088 5220 3192 5274 sibi
3228 5220 3567 5273 vindicatum
3602 5236 3614 5272 :
3646 5220 3907 5273 utebatur
3935 5220 4050 5285 ille,

2462 5310 2529 5362 ad
2557 5309 2871 5378 opinionem
2906 5310 3253 5375 ﬁrmandam,
3281 5313 3533 5382 pluribus
3562 5312 3805 5381 quidem,
3836 5313 3933 5367 sed
3966 5313 4055 5367 his

2116 5462 2423 5518 SCHULZII
2464 5461 2694 5518 NOT/E.

887 5637 944 5691 Si
968 5653 1204 5720 unquam
1234 5639 1357 5720 talis
1408 5640 1619 5720 exstitit
1643 5640 1974 5720 Theodoreti
2006 5642 2169 5720 liber,
2206 5644 2421 5720 qualem
2453 5644 2639 5720 Sixtus
2662 5646 2936 5720 Senensis
2953 5648 3075 5720 loco
3108 5650 3174 5704 ad
3206 5650 3233 5720 ς
3272 5651 3305 5705 5
3333 5652 3497 5706 allato
3532 5665 3950 5713 commemorat.
3980 5655 4050 5709 ad

782 5709 932 5761 illum
966 5708 1147 5776 potius
1168 5710 1272 5763 hoc
1301 5709 1421 5762 loco
1448 5710 1683 5778 spectari
1727 5711 2177 5765 existimaverim.

780 5779 834 5831 in
888 5778 1200 5846 Appendice
1256 5779 1383 5832 huic
1409 5778 1780 5833 dissertationi
1816 5782 2080 5851 subjecta.

2256 5714 2277 5745 '
2312 5714 2435 5767 Vid.
2478 5716 2640 5783 epist.
2684 5718 2803 5770 115.

2883 5719 3071 5773 “lianc
3121 5719 3447 5774 sententiam
3503 5739 3771 5778 exornare
3834 5726 4052 5779 studuit

2162 5783 2180 5812 ⁷
2206 5782 2466 5863 βποτοῐῐι
2502 5782 2554 5837 iii
2588 5787 2672 5840 his
2710 5788 2896 5843 verbis
2942 5805 3051 5843 non
3102 5792 3469 5863 agnoscimus,
3501 5805 3732 5863 utraque
3761 5796 3911 5848 enim
3946 5812 4052 5851 vox

782 5863 1036 5921 magnum
1084 5865 1367 5903 numerum
1393 5852 1701 5920 exprimere
1726 5860 1924 5920 potest.
1958 5853 2315 5908 Exactissima
2343 5863 2524 5909 autem
2544 5872 2648 5911 non
2675 5873 2814 5927 opus
2837 5869 2953 5913 erat
2976 5852 3404 5931 computatione.
