4224 6442
193 415 295 476 365

191 619 391 671 dubius
423 617 616 679 fuerit,
647 632 715 669 an
733 616 982 686 dialogus
1002 616 1170 670 tribui
1197 615 1394 670 debeat
1416 617 1770 678 Damasceno,

190 717 417 776 propter
456 721 693 776 pugnam
725 706 991 760 doctrinm
1019 704 1088 759 de
1133 720 1324 775 paena,
1359 721 1522 774 quam
1570 706 1771 758 daemo-

189 798 283 853 nes
306 800 498 862 luunt,
524 799 593 852 ab
625 814 688 852 ea
717 798 1010 860 diversam,
1042 813 1162 866 quae
1196 812 1356 866 pmna
1404 797 1586 850 damni
1628 796 1770 850 dici-

189 904 293 944 tur.
325 890 458 944 Haec
493 898 676 943 autem
716 898 802 943 est
847 887 1180 942 Theodoreti
1223 887 1493 942 doctrina.
1519 887 1573 940 ‘2.
1615 886 1772 952 Quod

189 983 616 1037 Manichaeorum
646 996 805 1036 error
843 981 1037 1036 eodem
1071 981 1292 1050 penitus
1325 980 1508 1041 modo,
1544 979 1769 1032 iisdem-

185 1089 288 1141 que
334 1073 458 1127 fere
501 1073 707 1136 verbis,
745 1075 800 1128 in
847 1073 1082 1143 dialogo,
1119 1079 1282 1140 atque
1313 1071 1366 1124 in
1408 1071 1549 1124 libro
1593 1070 1772 1137 primo

187 1167 581 1220 Hcreticarum
650 1165 979 1235 fabularum,
1057 1164 1235 1232 capite
1293 1163 1381 1226 26,
1445 1171 1770 1230 exponatur.

185 1260 233 1311 5.
263 1258 425 1324 Quod
457 1259 744 1328 dialogista
777 1259 844 1311 de
884 1267 1079 1310 natura
1116 1263 1172 1310 et
1213 1255 1420 1308 malitia
1459 1254 1769 1307 daemonum

185 1352 416 1420 perinde
448 1351 648 1405 sentiat
684 1358 848 1418 atque
883 1346 1282 1408 Theodoretus,
1322 1353 1436 1397 tum
1470 1344 1525 1396 in
1551 1343 1769 1412 exposi-

187 1444 331 1496 tione
358 1443 658 1503 Geneseos,
694 1451 810 1494 tum
840 1438 893 1492 in
929 1439 1166 1508 epitome
1229 1436 1544 1489 divinorum
1577 1436 1770 1487 decre-

185 1548 389 1588 torum.
446 1535 500 1588 ι.
548 1533 699 1599 Quod
740 1531 965 1602 perinde
1006 1531 1212 1600 pariter
1234 1528 1300 1583 de
1327 1527 1581 1581 libertate
1622 1525 1772 1578 arbi-

187 1625 294 1677 trii.
316 1625 387 1679 Ut
405 1624 651 1678 rationes
673 1624 776 1676 illa:
796 1638 905 1676 non
934 1621 1291 1675 vehementer
1309 1634 1394 1673 me
1413 1618 1769 1679 convincunt,

187 1718 255 1769 ita
287 1716 543 1770 sustineo
571 1714 897 1769 sententiam
927 1710 1170 1781 :judicet
1201 1709 1392 1764 lector.

551 1826 578 1896 ἑ
621 1827 704 1881 IV.
730 1825 872 1896 Opus
908 1825 1156 1877 adversus
1188 1822 1414 1876 Judtros.

256 1946 295 1997 Ι.
333 1944 621 1997 Adversus
663 1939 882 1994 Iudaeos
931 1936 1216 2006 scripsisse
1286 1950 1344 1990 se
1389 1932 1768 1988 Theodoretus

185 2043 419 2088 testatur
459 2034 513 2088 in
550 2029 779 2100 epistola
811 2029 928 2088 ll3,
959 2027 1027 2080 ad
1062 2035 1308 2079 sanctum
1343 2024 1614 2088 Leonem;
1644 2025 1763 2088 116,

183 2129 248 2189 ad
274 2130 590 2189 chatum;
621 2133 677 2178 et
719 2123 838 2186 145,
879 2122 944 2176 ad
979 2121 1278 2174 monachos
1300 2119 1764 2188 Constantinopo-

182 2222 401 2273 litanos.
440 2218 497 2271 Si
522 2215 796 2286 singulare
825 2212 1101 2282 quoddam
1125 2226 1262 2280 opus
1310 2210 1595 2279 intelligat,
1632 2210 1765 2263 illud

183 2311 264 2362 vel
292 2309 517 2378 penitus
547 2305 774 2369 interiit,
807 2303 890 2358 vel
916 2303 1094 2356 alieno
1117 2301 1218 2356 sub
1240 2302 1463 2355 nomine
1489 2301 1627 2369 fugit
1645 2315 1768 2354 sen-

179 2416 321 2455 sum.

251 2495 313 2548 ll.
344 2493 487 2547 Cum
534 2497 918 2545 recenseretur
948 2485 1231 2555 Expositio
1273 2483 1531 2544 Danielis,
1564 2491 1766 2536 etcum

184 2587 489 2639 referretur
527 2580 902 2636 testimonium
940 2577 1288 2632 Hebed—Jesu
1310 2574 1378 2628 de
1407 2573 1560 2628 libris
1585 2573 1766 2627 Theo-

180 2677 380 2739 doreti,
407 2676 526 2730 dixi
557 2673 734 2727 videri
767 2687 928 2741 posse
958 2673 1000 2733 ⁸,
1039 2684 1176 2740 opus
1203 2709 1216 2731 ,
1272 2665 1418 2734 qtmd
1465 2681 1493 2718 a
1519 2664 1769 2718 Theodo-

184 2779 300 2824 reto
324 2769 595 2821 adversus
615 2764 833 2819 Iudaeos
873 2761 1239 2830 compositum
1257 2768 1361 2820 est,
1407 2771 1514 2809 non
1543 2756 1766 2810 dill‘crrc

182 2877 212 2914 a
249 2857 679 2916 Commentariis
727 2856 781 2908 in
838 2853 1152 2915 Danielem,
1191 2859 1285 2903 aut
1313 2849 1479 2903 etiam
1526 2849 1580 2900 in
1633 2847 1768 2901 alios

182 2950 504 3020 prophetas.
561 2947 619 3000 ln
653 2946 726 2999 iis
781 2953 928 2998 certe
968 2942 1057 3005 fit,
1096 2941 1242 3010 quod
1281 2938 1664 2992 Theodoretus
1709 2953 1766 2990 se

181 3042 453 3096 adversus
491 3039 710 3095 Judazos
756 3035 1106 3090 contendisse
1139 3041 1324 3085 narrat
1363 3031 1419 3083 in
1443 3030 1672 3098 epistola
1699 3028 1764 3082 ad

185 3129 486 3182 monachos
519 3124 1173 3194 Constantinopolitanos,
1209 3121 1274 3174 de
1308 3120 1526 3174 Christo
1571 3133 1764 3186 nempe

182 3219 324 3273 edita
351 3219 523 3272 fuisse
554 3217 944 3286 prophetarum
969 3213 1240 3266 vaticinia.
1272 3211 1395 3265 Scio
1421 3226 1528 3263 non
1555 3209 1760 3262 nemini
1791 3195 1831 3250 (ἶ

185 3312 382 3374 visum,
422 3310 950 3364 demonstrationem
1007 3305 1272 3359 adversus
1339 3303 1596 3361 Judaeos,
1643 3315 1763 3369 quae

182 3413 266 3457 est
289 3404 438 3457 inter
465 3415 745 3456 sermones
792 3398 972 3452 Basilii
1002 3395 1384 3455 Seleuciensis,
1410 3407 1531 3446 esse
1559 3392 1663 3445 hoc
1685 3391 1764 3459 ip-

183 3509 302 3546 sum
333 3509 498 3561 opus,
535 3490 682 3560 quod
725 3489 1106 3543 Theodoretus
1137 3484 1306 3538 tradit
1338 3499 1396 3536 se
1439 3491 1631 3536 contra
1664 3481 1760 3534 Ju-

183 3583 328 3638 datos
353 3582 732 3652 composuisse
757 3580 796 3632 ’.
842 3579 980 3632 lluic
1003 3576 1249 3646 opinioni
1292 3574 1436 3628 favet
1467 3573 1613 3642 quod
1649 3573 1763 3625 hzec

183 3673 586 3728 demonstratio
613 3671 865 3725 videatur
897 3668 1098 3722 Basilio
1136 3665 1438 3736 supposita,
1464 3671 1520 3718 et
1559 3663 1761 3717 nihilo-

183 3763 367 3817 minus
402 3776 516 3815 non
553 3759 986 3829 improbabiliter
1031 3755 1222 3810 referri
1263 3765 1429 3824 queat
1472 3753 1538 3808 ad
1584 3752 1764 3822 quinti

184 3854 365 3908 seculi
422 3860 633 3922 partem
655 3894 669 3916 ,
719 3866 826 3920 qua
859 3850 1093 3904 Basilius
1121 3858 1177 3902 et
1210 3848 1587 3901 Theodoretus
1609 3845 1764 3897 vixe-

185 3954 331 3998 runt.
360 3945 568 3998 Verum
605 3941 1010 3996 hebdomadam
1047 3939 1264 3993 initium
1303 3954 1412 3991 non
1441 3936 1668 4006 perinde
1695 3935 1763 3989 ab

185 4044 422 4103 utroque
444 4031 701 4095 sumitur,
725 4046 902 4099 neque
927 4030 1090 4083 iidem
1111 4029 1236 4083 anni
1253 4029 1418 4099 418
1441 4028 1510 4081 ab
1529 4035 1763 4095 utroque

185 4132 490 4194 ponuntur,
524 4137 701 4190 neque
728 4122 901 4191 stylus
929 4119 1335 4174 Theodoretum
1367 4118 1525 4186 sapit.

515 4232 542 4303 §
572 4233 636 4286 V.
667 4231 808 4301 Opus
860 4231 1107 4285 adversus
1146 4229 1442 4300 Origenem.

255 4342 294 4395 l.
326 4342 520 4411 Neque
551 4339 930 4395 Theodoretus
968 4340 1201 4410 uspiam,
1230 4355 1406 4408 neque
1450 4340 1590 4393 ullus
1616 4349 1763 4392 vete-

185 4449 330 4497 rum,
360 4434 476 4487 imo
513 4447 614 4486 nec
659 4431 1028 4485 recentiorum
1062 4430 1261 4499 aliquis
1302 4429 1552 4482 meminit
1577 4430 1761 4498 Operis

1378 409 1476 470 DE
1516 409 1770 472 LIBRIS
1798 410 2305 472 THEODORETI-

194 527 543 598 potissimum
604 525 959 596 argumentis.
1007 526 1054 578 l.
1095 523 1252 590 Quod
1299 524 1530 594 ipsemet
1579 523 1770 579 Billius
1801 530 1842 585 Α

3350 427 3452 487 366

1945 524 2031 578 lll.
2092 525 2387 580 Observavi
2427 543 2608 596 porro,
2664 528 2810 597 quod
2867 529 3217 586 admonuisse
3269 534 3452 590 forsan

1868 613 2109 683 juvabit,
2139 615 2542 670 Theodoretum
2569 618 2814 688 magistri
2842 621 2926 672 sui
2954 622 3177 692 vestigia
3197 625 3276 678 sic
3304 642 3454 682 asse-

1873 713 2082 767 cutum,
2121 713 2179 757 ut
2208 705 2418 758 nullum
2453 707 2566 760 fere
2610 718 3014 779 argumentum,
3060 714 3204 781 quod
3238 718 3452 788 attigis-

1873 805 1976 857 set,
2032 797 2294 849 intactum
2352 798 2653 866 reliquerit.
2724 801 3092 856 Nihilominus
3137 805 3263 859 inde
3341 825 3450 864 non

1873 902 2097 943 moveor
2134 888 2199 942 ad
2225 889 2560 944 credendum
2584 891 2647 954 “,
2677 893 2820 960 quod
2855 894 3117 950 adversus
3159 896 3452 969 Origenem

1874 980 2156 1048 scripserit
2185 997 2197 1033 :
2226 997 2351 1035 nam
2381 997 2505 1036 eum
2543 998 2646 1037 nec
2665 983 2809 1037 inter
2837 985 3118 1041 bmreticos
3150 993 3448 1056 recensuit,

1875 1068 1984 1123 imo
2000 1073 2385 1127 annumeravit
2401 1073 2785 1127 haereticorum
2814 1075 3318 1145 impugnatoribus;
3353 1099 3453 1138 nec

1874 1159 2191 1216 dorioribus
2235 1163 2417 1217 verbis
2450 1165 2732 1218 insecutus
2769 1175 2880 1230 est,
2923 1169 3082 1236 cujus
3122 1169 3200 1222 rei
3231 1185 3449 1224 causam

1873 1267 1996 1306 cum
2049 1253 2424 1322 inquirerem,
2475 1255 2813 1323 mirarerque
2874 1267 3095 1325 propter
3139 1268 3449 1329 temporum

1873 1343 2244 1397 conditionem
2274 1354 2329 1398 et
2361 1343 2798 1414 Origenistarum
2849 1346 2916 1400 ab
2946 1347 3326 1403 Alexandrinis
3352 1367 3449 1405 ve—

1874 1434 2170 1496 xationem,
2210 1451 2319 1488 non
2373 1436 2534 1488 aliam
2581 1437 3007 1504 probabiliorem
3050 1440 3250 1508 reperi,
3284 1457 3449 1508 quam

1874 1524 2020 1594 quod
2062 1525 2469 1588 Theodoretus,
2528 1536 2587 1579 ut
2617 1537 2736 1580 erat
2783 1530 3173 1582 monachorum
3207 1528 3450 1584 Orientis

1874 1616 2194 1670 ambitiosus
2215 1617 2441 1679 amicus,
2466 1626 2520 1672 et
2539 1617 2913 1688 Egyptiorum
2937 1621 3228 1687 prmsnlum
3257 1632 3449 1676 aucto-

1875 1707 2052 1762 ritatis
2087 1725 2194 1761 non
2229 1709 2680 1776 patientissimus,
2716 1726 2822 1763 non
2854 1726 3019 1765 ausus
3048 1719 3134 1764 est
3168 1713 3223 1766 in
3257 1711 3448 1781 Orige-

1876 1814 2002 1851 nem
2047 1799 2264 1862 invehi;
2310 1799 2568 1867 quoniam
2613 1800 2764 1852 visus
2814 1811 2958 1854 esset
3014 1810 3068 1854 et
3102 1818 3131 1854 a
3166 1804 3449 1856 monachis

1805 1861 1843 1913 Β
1871 1887 2114 1940 Orientis
2158 1889 2486 1952 dissentire,
2533 1889 2676 1957 apud
2709 1905 2847 1958 quos
2884 1901 3004 1944 erat
3038 1893 3092 1945 in
3151 1893 3347 1961 pretio,
3392 1903 3450 1948 et

1869 1979 2250 2034 Alexandrinis
2289 1980 2570 2042 accedere,
2615 1996 2752 2048 quos
2790 1997 2912 2035 cum
2945 1983 3152 2038 Joanne
3184 1983 3445 2038 Hieroso-

1874 2069 2136 2138 lymitano
2182 2071 2233 2122 in
2289 2086 2450 2123 causa
2492 2069 2924 2139 Origenistarum
2973 2089 3244 2142 pugnasse
3274 2088 3445 2128 nove-

1870 2173 1969 2214 rat.

2106 2360 2130 2428 §
2171 2362 2254 2414 \‘l.
2287 2362 2428 2415 Libri
2461 2364 2528 2414 ad
2561 2364 2871 2431 quastione;
2913 2381 3208 2441 magorum.

1944 2535 1980 2586 l.
2019 2535 2410 2602 Responsionis
2434 2535 2499 2588 ad
2525 2537 2749 2604 qua-sita
2767 2552 3071 2606 magorum,
3099 2540 3191 2608 qui
3223 2549 3352 2595 sunt
3387 2543 3441 2596 in

1868 2623 2109 2683 Perside,
2140 2623 2388 2677 meminit
2420 2625 2620 2693 passim
2665 2625 3060 2691 Theodoretus,
3095 2631 3245 2684 velut
3274 2631 3328 2685 in
3352 2632 3442 2686 lit-

1871 2719 2004 2771 toris
2035 2720 2098 2772 ad
2137 2719 2431 2774 Eusebium
2479 2721 2824 2793 Ancyranum
2851 2724 2891 2754 “
2927 2742 2938 2776 :
2974 2743 2990 2774 ι
3020 2725 3277 2794 Mysticus
3305 2742 3444 2795 pra:-

1870 2820 2014 2864 terea
2051 2812 2286 2880 scriptus
2320 2823 2398 2865 est
2426 2829 2455 2865 a
2480 2813 2640 2865 nobis
2667 2813 2827 2875 liber,
2860 2823 2914 2869 et
2937 2815 3028 2868 alii
3054 2815 3119 2869 de
3140 2817 3440 2871 Provideri-

1870 2902 1964 2962 tia,
2001 2911 2055 2954 et
2078 2902 2143 2955 ad
2180 2904 2406 2970 quaesita
2441 2906 2456 2921 ‘
2482 2919 2759 2970 magorum
2786 2905 2944 2966 alius,
2981 2914 3086 2959 etc.
3120 2906 3187 2959 Et
3210 2907 3275 2959 ad
3302 2906 3440 2961 Leo-

1869 3007 1991 3044 nem
2033 2992 2282 3062 Magnum
2309 3011 2321 3044 :
2357 3013 2374 3043 ι
2402 2993 2540 3047 Sunt
2567 2995 2721 3056 mihi,
2754 3011 2874 3064 qua:
2898 2997 3092 3064 partim
3117 3007 3241 3051 ante
3271 3014 3445 3052 annos

1868 3080 2082 3149 viginti,
2112 3083 2310 3150 partim
2355 3092 2478 3135 ante
2519 3082 2844 3146 octodecim,
2879 3083 3074 3152 partim
3109 3094 3232 3138 ante
3278 3086 3444 3153 quin-

1868 3171 2065 3233 decim,
2101 3173 2297 3240 partim
2336 3182 2462 3225 ante
2493 3173 2781 3227 duodecim
2814 3175 3002 3242 scripsi
3029 3192 3042 3238 ;
3072 3175 3316 3243 quaedam
3343 3176 3443 3230 ad-

1869 3278 2056 3316 versus
2095 3263 2327 3317 Arianos
2380 3273 2435 3317 ct
2491 3265 2894 3326 Eunomianos,
2945 3265 3194 3332 quaedam
3251 3279 3442 3320 contra

1865 3352 2080 3407 Judmos
2099 3369 2160 3405 ac
2187 3355 2438 3422 gentiles,
2461 3354 2710 3422 quzelam
2736 3362 2926 3406 contra
2951 3370 3153 3423 magos,
3184 3356 3277 3423 qui
3313 3366 3445 3409 sunt

1867 3445 1918 3498 in
1943 3445 2181 3507 Perside,
2208 3466 2222 3493 ι
2243 3455 2348 3498 etc.
2373 3447 2548 3514 Atque
2573 3447 2626 3499 in
2647 3445 2876 3498 Historia
2896 3446 3262 3509 ecclesiastica,
3285 3447 3440 3510 lib.v,

1865 3550 1983 3604 cap.
2013 3536 2081 3588 '58
2121 3554 2133 3587 :
2167 3554 2183 3585 α
2222 3536 2401 3604 Magos
2431 3552 2563 3589 vero
2607 3537 2786 3590 Persa:
2819 3545 3018 3589 vocant
3045 3551 3172 3599 eos,
3201 3538 3295 3606 qui
3331 3537 3445 3591 ele-

1865 3636 2048 3680 menta
2099 3627 2230 3680 deos
2275 3626 2502 3687 faciunt,
2539 3629 2773 3694 quorum
2824 3643 2926 3680 nos
2985 3627 3197 3682 fabulas
3241 3627 3348 3682 alio
3386 3630 3441 3683 in

1865 3732 2031 3786 opere
2067 3717 2438 3780 ostendimus,
2488 3718 2542 3770 in
2581 3733 2690 3785 quo
2728 3716 2796 3770 ad
2845 3719 3174 3786 quaestiones
3222 3719 3441 3773 illorum

1865 3811 2191 3864 solutionem
2227 3810 2589 3863 attulimus“.
2627 3829 2644 3860 ι

1941 3901 2000 3955 11.
2039 3902 2115 3954 Ex
2159 3899 2245 3953 his
2306 3908 2518 3954 constat
2558 3898 2961 3952 Theodoretum
3007 3900 3179 3967 magis
3217 3913 3413 3968 respon

1865 3993 2028 4052 disse,
2047 4007 2153 4044 non
2185 3998 2393 4044 tantum
2426 3999 2547 4042 ante
2568 4006 2768 4042 annum
2795 3989 2918 4052 450,
2955 4004 3064 4056 quo
3086 4004 3229 4041 anno
3259 3989 3442 4043 Histo-

1865 4082 1941 4134 ria
1959 4079 2256 4147 composita
2287 4085 2389 4140 est;
2417 4077 2510 4130 sed
2544 4077 2706 4129 etiam
2738 4086 2862 4129 ante
2880 4089 3082 4127 annum
3103 4074 3226 4136 457,
3260 4074 3310 4126 id
3332 4083 3438 4139 est,

1865 4168 2154 4223 duodecim
2179 4165 2337 4220 annis
2361 4174 2415 4218 et
2433 4165 2666 4234 amplius
2687 4174 2812 4218 ante
2830 4163 3010 4217 datam
3029 4163 3095 4216 ad
3114 4163 3277 4234 419
3303 4163 3442 4218 Leo-

1869 4277 1993 4315 nem
2032 4261 2281 4328 Magnum
2310 4257 2596 4326 epistolam
2624 4298 2637 4319 ,
2672 4256 2783 4308 imo
2808 4264 2932 4308 ante
2965 4269 3166 4307 annum
3190 4254 3314 4318 455,
3339 4255 3434 4323 qui

1864 4363 1947 4406 est
1975 4349 2333 4404 duodecimus
2357 4355 2481 4400 ante
2503 4346 2762 4413 scriptam
2794 4344 3032 4398 Eusebio
3065 4344 3375 4412 epistolam.

1933 4443 2019 4496 lll.
2049 4439 2180 4506 Qua:
2204 4438 2409 4492 fuerint
2443 4449 2725 4504 magorum
2771 4434 3020 4503 quaesita,
3049 4433 3297 4486 divinare
3327 4448 3438 4486 non

185 4526 241 4579 in
279 4525 577 4594 Origenem
602 4525 917 4593 conscripti.
947 4521 1208 4592 Suspicor
1243 4521 1387 4590 apud
1431 4521 1597 4590 Syros
1623 4521 1758 4573 alle-
1794 4522 1836 4576 D
1866 4533 2030 4595 licet;
2072 4538 2285 4584 constat
2317 4527 2674 4582 nihilominus
2709 4525 3013 4593 frequentia
3059 4525 3267 4590 fuisse;
3311 4540 3437 4578 nam

186 4615 300 4669 rius
332 4613 618 4684 cujusdam
661 4622 880 4682 partum
925 4611 1266 4682 suppositum
1311 4611 1478 4664 fuisse
1512 4610 1761 4664 Theodo-

183 4716 321 4772 reto,
354 4706 755 4774 deceptumque
788 4705 916 4759 inde
958 4704 1356 4759 Hebed-Jesum
1380 4704 1442 4756 ιο.

255 4799 319 4851 Il.
363 4796 594 4864 Scripsit
645 4795 900 4865 quidem,
937 4796 983 4849 si
1038 4795 1443 4850 Hebed—Jesum
1508 4796 1764 4850 audimus

182 4899 346 4958 atque
375 4888 694 4942 Liberatum
721 4929 734 4951 ,
771 4888 1037 4942 adversus
1070 4889 1393 4958 allegoricos
1443 4887 1764 4942 Theodorus

183 4979 626 5048 Mopsuestenus,
657 4994 767 5031 non
801 4978 1006 5032 idcirco
1035 4987 1214 5033 tamen
1257 4979 1405 5032 credi
1439 4987 1617 5048 potest
1646 4995 1761 5032 ma-

184 5070 337 5137 gistri
396 5084 538 5137 opus
569 5069 834 5122 tributum
878 5068 1179 5136 discipulo,
1225 5068 1494 5137 siquidem
1550 5068 1766 5122 Hebed-

183 5161 312 5216 Jesu
345 5161 635 5229 utriusque
659 5161 844 5229 operis
882 5160 1150 5223 meminit,
1178 5168 1230 5214 et
1268 5160 1415 5229 quod
1449 5160 1764 5216 Theodore-

187 5264 291 5315 tus,
326 5263 384 5306 et
411 5252 560 5321 quod
579 5251 901 5305 Theodorus
926 5252 1300 5320 composuisse
1331 5251 1548 5307 dicitur.

1866 4632 1921 4675 et
1952 4621 2217 4674 Diodorus
2245 4619 2545 4680 Tarsensis,
2588 4626 2642 4670 et
2673 4616 2996 4670 Theodorus
3023 4615 3439 4683 Mopsuestenus

1870 4713 2131 4768 adversus
2165 4725 2347 4780 magos
2372 4708 2638 4777 ejusmodi
2664 4708 3036 4775 disputarunt.

1937 4803 2024 4856 IV.
2048 4801 2254 4871 Opinor
2281 4816 2412 4854 vero
2441 4816 2469 4853 a
2501 4800 2673 4868 magis
2695 4813 2802 4851 non
2827 4798 2974 4866 ipsos
2999 4797 3271 4859 doctores,
3300 4813 3437 4865 quos

1869 4893 2154 4962 appellavi,
2203 4891 2296 4944 sed
2336 4889 2675 4944 Christianos
2713 4887 2768 4940 in
2805 4887 3028 4939 Perside
3087 4886 3435 4948 exsistentes,

1871 4985 2230 5050 interrogatos
2256 4997 2397 5043 esse,
2428 4980 2522 5049 qui
2554 4988 2740 5047 utpote
2773 4976 3197 5048 neopliyti,cum
3228 4978 3280 5031 in
3323 4979 3437 5031 scl-

1869 5073 2060 5126 vendis
2077 5071 2472 5142 qumstionibus
2498 5069 2828 5131 laborarent,
2850 5066 3090 5122 Orientis
3125 5069 3435 5137 magistros,

1869 5162 2070 5230 quippe
2117 5160 2428 5219 viciniores,
2469 5158 2850 5221 consulebant,
2892 5155 3025 5225 quid
3060 5157 3288 5210 moleste
3332 5155 3439 5210 sci-

1872 5253 2194 5307 scitantibus
2224 5250 2666 5319 respondendum
2699 5249 2841 5302 foret
2865 5251 2930 5300 “.

1531 5407 1841 5462 SCHULZII
1874 5406 2100 5460 NOTAE.

259 5566 279 5598 '
301 5565 429 5620 Vid.
464 5582 722 5634 supra,p.
755 5565 877 5620 260.

189 5635 232 5666 “
267 5635 416 5689 Idem
449 5632 636 5688 statuit
669 5632 881 5690 Caveus
917 5636 971 5689 in
1007 5634 1142 5689 Hist.
1183 5634 1344 5687 littcr.
1375 5636 1556 5703 script.
1585 5632 1784 5694 eccles.,

1331 5704 1372 5735 “‘
1404 5705 1461 5758 ln
1481 5696 1640 5759 hunc
1667 5696 1900 5758 indicem
1933 5704 2198 5757 librorum
2233 5696 2585 5761 Theodoreti,
2621 5715 2851 5767 quorum
2884 5697 2994 5751 sola
3021 5697 3300 5767 memoria
3358 5696 3440 5767 vi-

188 5774 347 5827 detur
403 5789 712 5842 superesse.
747 5775 1014 5828 referendi
1052 5783 1179 5827 sunt
1205 5774 1297 5826 illi.
1333 5789 1566 5842 quorum
1607 5773 1810 5826 mentio
1871 5773 2008 5825 facta
2049 5783 2152 5833 est,

191 5705 213 5756 1
253 5707 304 5758 in
339 5705 668 5758 Leviticum.
711 5705 831 5758 Vid.
895 5715 938 5758 t.
966 5707 1006 5763 1.
1039 5721 1092 5773 p.
1123 5704 1241 5759 l76.

949 5568 969 5597 ’
1006 5563 1128 5618 Vid.
1159 5564 1392 5619 Fabricii
1440 5564 1683 5618 Biblioth.
1725 5562 1841 5627 Gr.,
1874 5564 1981 5616 vol.
2007 5563 2142 5622 Vlll.

949 5651 971 5686 τι
1007 5634 1142 5686 Hist.
1183 5634 1344 5686 littcr.
1375 5636 1556 5686 srrint.
1585 5632 1784 5686 eccles..
1813 5647 1866 5686 n.
1905 5633 2029 5686 2'26.
2107 5633 2142 5664 “

1813 5647 1866 5702 p.
1905 5647 2029 5686 ωδ.

2282 5564 2347 5592 ὐἱ
2470 5564 2512 5592 to
2543 5561 2638 5592 νςιι
2691 5575 2850 5592 cnnrn
2915 5575 2947 5592 π
2995 5558 3098 5592 ΘΑΛ
3151 5558 3300 5592 cnhnl
3349 5558 3414 5592 ιο

2107 5563 2149 5664 l3
2168 5564 2368 5686 Q;_l35.
2405 5632 2416 5644 .
2470 5564 2512 5592 ¹⁰
2543 5561 2660 5616 Vid.
2691 5575 2876 5626 supra,
2915 5575 2966 5628 p.
2995 5557 3117 5616 260,
3150 5555 3322 5609 schol.
3349 5557 3435 5610 12.

2225 5635 2297 5684 Id.
2332 5643 2490 5701 epist.
2522 5631 2608 5684 82.
2692 5631 2735 5661 "
2759 5629 2909 5682 Adde
2948 5628 3130 5701 locum
3160 5641 3223 5678 ex
3243 5634 3438 5701 (χαίρει.

2183 5789 2238 5841 p.
2280 5772 2366 5824 (50.
2404 5772 2592 5825 Dubiis
2631 5765 2982 5822 accensemus
3007 5765 3440 5820 Commentarios

190 5843 245 5897 in
274 5844 424 5898 varia
450 5841 661 5898 cantica
696 5844 992 5914 Scriptum
1027 5859 1215 5908 sacrae,
1257 5842 1322 5897 de
1354 5841 1552 5912 quibus
1581 5843 1686 5896 vid.
1738 5842 2015 5906 l.ambec.,
2059 5843 2094 5895 l.
2130 5857 2204 5905 xv,
2241 5859 2289 5911 p.
2329 5841 2442 5893 1'76.
