4224 6442
1389 532 1616 590 CAPUT
1650 533 1714 587 Χ.

1032 624 1229 698 Opera,
1264 641 1381 697 quae
1411 625 1661 681 Auctario
1700 626 2052 678 continentur.

827 716 867 773 1.
923 719 993 775 Ut
1026 732 1190 789 quam
1221 715 1629 771 absolutissima
1670 715 1870 786 potuit,
1899 731 2130 786 operum
2157 714 2340 769 Theo-

754 812 930 867 doreti
955 810 1206 866 collectio
1226 809 1493 880 prodiret,
1521 809 1635 861 visa
1661 816 1791 863 sunt
1814 808 1880 862 ad
1900 818 2139 877 quatuor
2163 817 2342 860 tomos

754 920 783 957 a
833 902 1128 957 Sirmondo
1189 900 1369 954 editos
1424 898 1696 965 addenda,
1754 915 1877 968 quae
1930 897 2338 959 desiderantur,

754 1010 984 1065 quaeque
1033 1000 1335 1064 potuerunt
1379 990 1635 1046 inveniri.
1674 991 1749 1043 Ea
1777 1005 1908 1043 vero
1952 998 2080 1043 sunt
2105 989 2341 1043 duorum

755 1100 1017 1153 generum
1057 1102 1070 1137 :
1108 1083 1215 1137 alia
1264 1084 1411 1137 enim
1448 1095 1728 1149 nunquam
1764 1079 2034 1133 hactenus
2078 1079 2345 1133 viderunt

758 1178 1097 1244 lucem;alia
1137 1176 1397 1230 viderunt
1446 1173 1693 1244 quidem,
1724 1172 1819 1228 sed
1868 1173 2050 1227 alieno
2094 1173 2198 1226 sub
2245 1187 2345 1227 no-

758 1267 925 1319 mine.

830 1357 893 1410 ll.
934 1355 1055 1410 Non
1097 1357 1277 1426 potuit
1334 1366 1517 1411 autem
1576 1355 1795 1425 partitio
1849 1354 2045 1407 melior
2098 1352 2343 1407 Auctarii

760 1448 898 1513 fieri,
932 1464 1096 1518 quam
1137 1465 1257 1519 quae
1280 1449 1384 1504 fuit
1429 1463 1658 1517 operum
1683 1462 1713 1500 a
1745 1446 2037 1500 Sirmondo
2064 1446 2341 1500 instituta.

759 1540 938 1606 Quare
985 1541 1051 1595 ad
1098 1541 1345 1611 singulos
1373 1550 1550 1594 tomos
1600 1538 1805 1608 aliquid
1836 1537 2077 1603 additur,
2124 1546 2348 1607 praster-

761 1646 921 1700 quam
947 1630 1013 1685 ad
1038 1631 1366 1695 secundum,
1404 1631 1499 1700 qui
1526 1630 1822 1699 prOphetas
1847 1643 2041 1681 omnes
2068 1627 2347 1682 sexdecim

761 1722 1144 1791 complectitur
1171 1741 1185 1788 ;
1210 1738 1335 1776 nam
1359 1720 1755 1776 Commentarii
1779 1721 1833 1773 in
1869 1719 2085 1784 Isaiam,
2110 1719 2204 1788 qui
2238 1734 2348 1773 non

766 1813 1035 1867 habentur
1060 1813 1280 1883 integri,
1315 1812 1410 1868 sed
1438 1827 1506 1867 ex
1542 1812 1673 1866 solis
1707 1811 1931 1866 Catenis
1956 1810 2172 1865 collecti
2197 1820 2346 1876 sunt,

1596 423 1977 484 GARNERII
2012 422 2646 483 DISSERTATIONIS
2681 425 2733 483 Il
2778 422 3184 486 APPENDIK.

3924 427 4038 498 358

2369 536 2413 591 Α
2512 534 2601 589 lll.
2628 536 2846 606 Reliqui
2868 550 3002 607 ergo
3024 534 3157 590 tomi
3181 544 3293 590 tres
3326 550 3473 590 nunc
3493 544 3784 606 augentur,
3810 534 3906 589 sed
3930 536 4034 590 alii

2443 625 2683 692 parcius,
2711 626 2806 679 alii
2829 625 3126 695 copiosius.
3146 624 3227 679 Ad
3252 626 3416 695 primi
3436 626 3795 695 posteriorem
3822 635 4041 695 partem

2443 716 2655 771 accedit
2679 733 2746 772 ex
2793 718 3049 773 Vaticana
3080 718 3420 773 bibliotheca
3465 718 3719 774 nonnihil
3750 720 4043 788 pertinens

2444 805 2512 859 ad
2552 806 2825 873 Psalmos;
2859 823 2926 862 ex
2956 818 3165 870 nostra,
3203 808 3650 863 Commentarius
3675 809 3941 879 mysticus
3979 810 4045 863 in

2443 896 2667 952 Cantica
2710 899 3048 953 canticorum
3084 899 3125 930 “’
3151 916 3165 962 ;
3193 900 3261 953 ad
3307 899 3457 953 tertii
3497 900 3865 969 posteriorem
3894 915 4045 969 quo-

2446 1003 2551 1057 quc
2576 998 2809 1058 partem,
2852 990 3097 1059 epistolae
3128 991 3319 1061 viginti
3357 1000 3607 1061 septem;
3658 992 3729 1046 ad
3777 1001 4044 1062 quartum

2447 1098 2728 1138 sermones
2761 1094 2993 1154 septem,
3025 1092 3081 1139 et
3104 1093 3366 1140 tractatus
3387 1085 3680 1150 undecim;
3709 1102 3817 1140 non
3841 1085 4045 1141 omnes

2447 1185 2630 1232 tamen
2676 1176 2909 1247 integri,
2954 1176 3049 1233 sed
3080 1177 3329 1231 nonnulli
3365 1178 3633 1233 duntaxat
3671 1179 3729 1233 in
3762 1178 4050 1249 fragmen-

2448 1266 2538 1320 tis.

2515 1358 2605 1412 ιν.
2644 1359 2720 1413 De
2736 1360 2968 1429 singulis
2992 1360 3384 1415 additamentis
3406 1360 3708 1431 copiosius,
3732 1369 3793 1415 ut
3820 1360 3887 1415 de
3914 1359 4050 1414 aliis

2450 1449 2715 1521 operibus
2760 1449 2962 1505 factum
2994 1451 3280 1515 hactenus,
3332 1452 3517 1506 dicere
3556 1452 3695 1505 nihil
3736 1450 4047 1505 admodum

2449 1544 2606 1614 juvat
2636 1560 2649 1595 :
2685 1542 2859 1597 satius
2880 1544 3028 1597 enim
3064 1543 3364 1612 unicuique
3390 1558 3708 1613 praeponere
3737 1558 3892 1597 suam
3913 1558 4052 1597 cen-

2453 1652 2658 1700 suram,
2702 1644 2970 1704 notasque
3017 1635 3353 1707 subiungere
3379 1676 3394 1700 ,
3435 1645 3600 1704 atque
3632 1636 3707 1689 ita
3748 1634 4049 1690 consulere

2453 1726 2676 1779 lectoris
2699 1724 2894 1788 labori,
2926 1739 3037 1793 quo
3063 1723 3344 1779 fastidiose
3369 1724 3617 1795 requirat
3643 1724 3861 1794 procul,
3897 1722 4051 1777 unde

2454 1825 2755 1886 praesentes
2791 1816 2964 1881 locos,
2993 1818 3038 1873 si
3061 1816 3434 1871 difﬁcultatem
3466 1826 3676 1881 creent,
3700 1816 3920 1870 facilius
3956 1815 4050 1869 in-

765 1903 867 1957 etsi
896 1902 1216 1975 diligentius
1233 1903 1532 1975 conquisiti
1558 1904 1685 1968 sint,
1721 1902 1955 1973 reperiri
1995 1912 2177 1957 tamen
2207 1919 2343 1957 nus-
2387 1894 2425 1947 Β
2460 1908 2677 1979 telligaL
2737 1907 2944 1964 Sufﬁcit
2975 1924 3105 1978 ergo
3135 1908 3381 1964 Auctarii
3436 1907 3703 1980 syllabum
3744 1907 4050 1971 exhibere,

766 2010 931 2065 quam
963 2004 1280 2066 potuerunt.
2462 1999 2753 2054 recensitis
2773 2000 3075 2071 sigillatim,
3098 2015 3219 2070 qua:
3275 2000 3507 2070 singulis
3550 1998 3711 2054 tomis
3744 1996 4052 2054 adduntur.

2118 2153 2441 2209 SCIlllllll
2484 2154 2716 2210 ΝΟΤᾸΞ.

842 2252 886 2283 ⁸⁸
912 2250 1031 2307 Non
1065 2252 1215 2307 stetit
1244 2251 1548 2307 Garnerius
1583 2253 1890 2322 promissis.
1912 2252 2038 2306 Vid.
2072 2268 2125 2321 p.
2160 2251 2259 2305 27l

1424 2612 2626 2730 DISSERTATIONIS
2714 2612 3413 2728 SECUNDIE

2072 2850 2731 2941 APPENDIX.

1210 3054 1297 3114 De
1332 3056 1573 3130 septem
1612 3046 1885 3125 Dialogis
1916 3045 2213 3106 adversus
2242 3042 2523 3116 Arianos,
2546 3041 3032 3106 Macedonianos
3069 3050 3130 3107 et
3153 3045 3643 3126 Apollinaristas.

1808 3322 1973 3393 420
2009 3325 2436 3386 ADMONITIO
2474 3327 2573 3384 AD
2610 3326 3031 3387 LECTOREM.

854 3592 1127 3647 llarduini
1159 3591 1319 3660 culpa
1347 3588 1614 3644 accidisse
1642 3588 1884 3651 videtur,
1911 3596 1971 3640 ut
1995 3588 2122 3642 huic
2149 3588 2461 3641 tractationi
2496 3585 2705 3655 pariter
2728 3602 2792 3642 ac
2820 3584 3096 3656 sequenti,
3144 3598 3268 3652 quas
3296 3580 3365 3639 de
3393 3584 3499 3639 fide
3526 3582 3862 3638 Theodoreti
3893 3600 4070 3655 expo-

786 3681 886 3743 nit,
922 3698 1124 3737 nomen
1146 3679 1561 3736 Dissertationis
1589 3681 1760 3733 tertia:
1810 3678 2223 3732 inscriberetur.
2253 3677 2706 3746 Prospiciendum
2732 3676 2835 3732 fuit
2859 3691 2929 3731 ne
2954 3675 3119 3745 hujus
3152 3676 3360 3730 erroris
3392 3674 3621 3745 vestigia
3646 3675 3703 3729 in
3724 3686 3914 3732 nostra
3944 3678 4069 3733 edi-

788 3774 928 3826 tione
954 3782 1140 3827 essent
1163 3772 1406 3841 reliqua;
1434 3778 1552 3825 erat
1572 3770 1718 3824 enim
1741 3768 2035 3823 admodum
2056 3769 2422 3832 molestum,si
2452 3767 2518 3822 ad
2549 3767 2992 3823 dissertationem
3012 3765 3229 3819 tertiam
3250 3766 3570 3821 remittendi
3592 3777 3779 3821 essent
3805 3769 4068 3824 lectores.

781 3863 969 3918 Visum
1000 3874 1084 3919 est
1112 3864 1295 3933 itaque
1322 3864 1467 3917 hanc
1500 3862 1569 3917 de
1585 3862 1829 3931 quinque
1858 3860 2093 3931 dialogis
2121 3859 2504 3914 tractationem
2548 3858 2926 3913 dissertationi
2966 3857 3223 3911 secunda:
3259 3856 3435 3911 instar
3479 3856 3813 3926 Appendicis
3839 3861 4073 3930 subjun-

778 3971 929 4025 gere.
970 3955 1082 4009 Hoc
1114 3955 1406 4011 consilium
1432 3954 1739 4023 argumenti
1768 3952 2074 4007 similitudo
2117 3951 2400 4005 suadebat.
2438 3950 2646 4021 Dialogi
2669 3950 2817 4004 enim
2843 3949 2956 4014 isti,
2984 3963 3124 4017 quos
3145 3947 3369 4017 plurimi
3402 3949 3729 4013 Athanasio,
3763 3950 4074 4007 Garnerius

780 4048 1151 4110 Theodoreto,
1174 4046 1407 4101 aliicum
1435 4045 1679 4109 Petavio,
1703 4044 2037 4100 Combeﬁsio
2059 4055 2115 4097 et
2145 4042 2381 4112 Dupinio
2416 4042 2626 4096 rectius
2656 4041 2891 4095 Maximo
2945 4040 3303 4096 vindicandos
3346 4057 3472 4096 esse
3516 4050 3800 4112 putarunt,
3827 4044 3939 4099 illis
3974 4061 4075 4100 an-

780 4139 1108 4196 numerandi
1132 4147 1261 4192 sunt
1286 4137 1463 4201 libris,
1495 4137 1562 4190 dc
1588 4152 1824 4205 quorum
1853 4145 2077 4190 auctore
2099 4134 2280 4188 adhuc
2311 4134 2413 4187 sub
2438 4133 2623 4204 judice
2656 4132 2725 4186 lis
2747 4144 2849 4188 est.
2910 4134 2968 4188 In
3010 4140 3159 4187 tanta
3204 4134 3388 4203 itaque
3409 4133 3748 4205 judiciorum
3772 4136 4072 4203 varietate,

780 4244 836 4290 et
857 4235 985 4304 quia
1016 4233 1319 4288 Garncrius
1349 4232 1544 4303 peritis
1569 4232 1765 4285 harum
1795 4247 1981 4287 rerum
2010 4231 2235 4285 arbitris
2258 4231 2547 4284 veritatem
2577 4230 2909 4299 conjectura:
2954 4245 3066 4285 suae
3094 4231 3429 4300 persuadere
3452 4246 3563 4286 non
3588 4230 3781 4297 valuit,
3815 4232 3961 4288 hanc
3986 4235 4075 4287 in-

783 4320 1147 4397 gredi‘endam
1180 4341 1301 4381 esse
1330 4326 1649 4395 putavimus
1676 4325 1843 4388 viam,
1878 4334 1958 4389 ut,
1993 4324 2174 4378 deleto
2197 4337 2362 4393 quem
2392 4321 2568 4376 editio
2597 4322 2750 4392 prior
2778 4322 3018 4379 habebat
3045 4324 3225 4389 titulo,
3256 4324 3399 4377 hanc
3448 4324 3835 4379 tractationem
3868 4325 4074 4382 inscri~

785 4422 1041 4475 heremus
1072 4417 1423 4487 Appendicem
1440 4432 1536 4469 seu
1560 4415 2021 4486 Supplementum
2048 4415 2116 4469 ad
2141 4414 2546 4469 dissertationis
2572 4414 2876 4483 superioris
2897 4422 3064 4485 caput
3087 4425 3362 4469 octavum.
3394 4416 3691 4472 Mutandus
3717 4433 3942 4487 quoque
3966 4418 4072 4473 fuit

784 4512 957 4573 locus,
988 4525 1151 4580 quem
1198 4510 1397 4579 dialogi
1428 4510 1515 4563 isti
1550 4510 1605 4563 in
1625 4510 1867 4564 editione
1893 4510 2061 4579 priori
2091 4509 2369 4564 tenebant.
2404 4509 2553 4563 Inter
2580 4508 2723 4563 hanc
2751 4516 2805 4561 et
2835 4517 3157 4579 sequentem
3196 4511 3585 4565 tractationem
3642 4512 3805 4581 positi
3831 4512 4074 4580 prolixi-

789 4613 898 4659 tatc
925 4618 1025 4657 sua
1081 4601 1441 4656 morabantur
1479 4601 1741 4654 lectorem
1773 4600 1829 4654 in
1859 4600 2265 4670 perlustrandis
2312 4598 2400 4653 his
2428 4598 2678 4652 Garnerii
2716 4596 3199 4654 dissertationibus
3225 4610 3557 4655 versantem.
3598 4601 3804 4656 Locum
3838 4601 3949 4655 illis
3973 4603 4073 4657 de-

790 4694 907 4749 beri
939 4703 1199 4764 putamus
1224 4702 1349 4764 post
1391 4692 1837 4747 dissertationem
1859 4694 2247 4759 ultimam,scu
2272 4692 2543 4762 quintam.
2570 4690 2935 4762 Adjungimus
2982 4692 3168 4763 itaque
3202 4694 3328 4749 illos
3362 4695 3732 4759 sermonibus,
3760 4711 3903 4765 quos
3939 4695 4078 4766 Gar-

790 4787 983 4842 nerius
1013 4787 1280 4841 Eutherio
1308 4785 1581 4857 Tyanensi
1611 4786 1826 4840 tribuit.

862 5057 903 5111 1.
934 5054 1127 5109 Tradit
1156 5053 1540 5108 Thcodoretus
1578 5070 1635 5108 se
1669 5062 1861 5109 contra
1917 5055 2170 5119 Arianos,
2198 5055 2384 5109 Euno—
2412 5058 2457 5117 ο
2486 5053 2623 5123 gias,
2660 5053 2979 5122 rabiemque
3035 5052 3352 5117 Marcionis,
3388 5052 3559 5106 libros
3589 5054 3718 5108 olim
3765 5062 4081 5126 composui.

792 5148 1028 5210 mianos,
1066 5146 1486 5201 Macedonianos
1517 5156 1571 5199 et
1600 5147 2019 5216 Apollinaristas
2048 5149 2376 5217 scripsisse;
2485 5158 2543 5201 ct
2571 5147 2626 5200 in
2664 5145 2897 5217 singulis
2933 5146 3089 5201 libris
3138 5146 3575 5201 ecclesiasticum
3602 5147 3798 5219 dogma
3832 5166 3939 5220 per
3986 5154 4081 5207 Dei

794 5238 860 5291 ad
890 5251 1097 5305 eosque
1136 5236 1330 5298 libros,
1364 5251 1491 5291 cum
1524 5245 1899 5301 accusaretur,
1932 5238 2083 5291 velut
2109 5238 2176 5291 ad
2198 5245 2380 5292 certos

795 5344 909 5385 suze
954 5328 1079 5382 fidei
1125 5335 1292 5382 testes
1343 5338 1625 5396 provocat.
1684 5328 1857 5397 Epist.
1921 5327 2029 5381 82:
2070 5346 2087 5378 ι
2119 5328 2249 5395 Quae
2284 5330 2379 5383 Dei

795 5418 971 5490 gratia
1031 5428 1136 5481 est,
1188 5426 1245 5471 et
1284 5416 1583 5486 prephetas
1616 5432 1807 5470 omnes
1838 5418 2255 5471 commentariis
2283 5434 2380 5471 ex-

794 5506 974 5577 posui,
1010 5514 1067 5560 et
1112 5506 1459 5568 Psalterium,
1517 5514 1572 5559 et
1634 5506 1977 5575 Apostolum,
2034 5515 2088 5561 et
2118 5506 2383 5562 adversus

796 5596 1028 5651 Arianos
1080 5611 1143 5650 ac
1183 5594 1607 5650 Macedonianos
1634 5636 1648 5660 ,
1698 5605 1753 5649 et
1789 5596 2125 5665 Apollinaris
2169 5599 2383 5666 praesti-

2485 5236 2716 5304 gratiam
2746 5235 2944 5289 elucet.
2967 5255 2985 5287 ι
3023 5236 3197 5305 Epist.
3226 5234 3331 5289 115
3366 5253 3376 5288 :
3426 5255 3442 5287 ε
3464 5236 3665 5291 Jubeat
3689 5240 3957 5297 sanctitas
3988 5259 4084 5297 ve-

2483 5338 2596 5383 stra
2629 5344 2715 5383 me
2747 5329 2814 5382 ad
2841 5344 2939 5384 vos
2980 5330 3191 5393 venire,
3224 5339 3280 5384 et
3308 5330 3618 5385 doctrinam
3650 5347 3828 5386 meam
3860 5345 4088 5403 aposto«

2483 5419 2606 5473 licis
2659 5421 2908 5490 vestigiis
2959 5420 3317 5476 inhaerentem
3370 5423 3689 5477 ostendere.
3740 5424 3883 5478 Sunt
3931 5428 4085 5481 enim

2485 5510 2641 5575 mihi,
2688 5526 2811 5579 quae
2886 5513 3089 5581 partim
3155 5520 3281 5567 ante
3339 5529 3516 5568 annos
3594 5514 3809 5584 viginti,
3874 5519 4080 5585 partim

2484 5609 2610 5654 autc
2666 5603 2994 5670 octodecim,
3045 5603 3247 5675 partim
3317 5614 3443 5660 ante
3488 5606 3895 5677 quindecim’,
3952 5624 4086 5681 par-

2150 5750 2465 5809 SCHULZII
2507 5753 2735 5814 ΝΟΤΆΕ.

869 5875 888 5906 ⁸
920 5873 1069 5929 Part.
1102 5881 1223 5927 ante
1253 5872 1433 5941 quind.
1462 5870 1585 5927 llaec
1614 5870 1840 5925 aberant
1871 5870 1937 5923 ab
1968 5870 2209 5925 editione
2238 5870 2434 5941 priori.
