4224 6442
767 394 865 451 371

1613 384 1994 444 GABNERII
2029 383 2658 444 DISSERTATIONIS
2698 384 2757 443 ΙΙ
2792 384 3195 444 ΑΡΡΕΝΒΙΧ.

3918 383 4030 451 372

762 502 993 572 agitatas
1029 498 1433 559 vehementius,
1463 494 1639 550 donec
1686 495 1878 565 ingens
1909 495 1997 550 illa
2028 494 2096 549 de
2130 492 2353 549 Christo
2387 498 2421 552 Α
2454 504 2577 562 post
2605 494 2838 565 synodos
2870 496 3113 549 scribere
3141 492 3331 555 libros,
3360 491 3563 561 quibus
3594 492 3802 547 ratione
3842 494 4043 549 suade-

764 591 1068 654 contentio,
1097 605 1260 658 quam
1284 628 1287 631 ‹
1314 588 1602 643 Nestorius
1628 596 1684 643 et
1716 588 1992 657 Eutyches
2033 596 2349 646 moverunt.

766 682 1054 752 occupavit
1097 682 1331 745 animos,
1377 680 1815 748 industriamque
1859 687 2215 733 tractatorum
2260 693 2351 731 ec-

768 772 1201 827 clesiasticorum
1263 769 1529 826 exercuit.
1572 769 1760 836 Neque
1806 768 1953 821 enim
2006 777 2193 837 postea
2240 766 2353 820 fere

767 862 836 916 de
875 863 1009 931 ipsis
1053 872 1236 917 actum
1277 870 1380 923 est,
1427 859 1532 913 nisi
1581 859 1871 913 occasione
1907 858 2133 911 haeresis
2180 857 2352 927 Euty-

771 954 1005 1017 chiante,
1031 970 1150 1023 quas
1181 951 1497 1022 Apollinarii
1541 951 1759 1005 soboles
1789 950 2036 1018 quardam
2072 948 2357 1002 nonnullis

774 1045 891 1099 visa
929 1053 1030 1098 est.

846 1136 929 1189 Vl.
973 1134 1103 1189 lnde
1133 1134 1271 1187 mihi
1303 1133 1538 1204 primum
1572 1132 1722 1185 venit
1753 1132 1807 1185 in
1846 1138 2105 1194 mentem,
2140 1128 2356 1199 opinari

771 1226 1115 1297 dialogorum
1156 1233 1461 1290 auctorem,
1514 1232 1642 1278 ante
1685 1223 2071 1277 haereticorum
2098 1221 2355 1284 duorum,

772 1333 912 1387 quos
950 1318 1083 1381 dixi,
1116 1317 1351 1371 Nestorii
1400 1326 1455 1370 et
1493 1315 1775 1386 Eutychis.
1813 1316 2003 1368 turbas
2047 1314 2355 1383 scripsisse,

774 1421 937 1479 atque
983 1409 1118 1462 adeo
1156 1424 1255 1476 per
1294 1408 1345 1461 id
1380 1408 1661 1475 temporis,
1698 1404 1841 1474 quod
1888 1420 1917 1457 a
1948 1404 2180 1457 concilio
2209 1420 2243 1457 ιι
2292 1403 2358 1456 ad

776 1518 832 1555 ut
862 1501 1091 1555 eﬂluxit.
1119 1499 1447 1569 Opinionem
1477 1501 1738 1567 juverunt
1770 1496 1894 1549 tria.
1921 1496 2185 1557 Primum,
2212 1493 2356 1563 quod

774 1591 1127 1647 Οιιιιοόοχιιε
1170 1593 1224 1645 in
1264 1589 1507 1645 secundo
1560 1589 1775 1657 dialogo
1802 1588 2018 1641 Aetium
2054 1587 2357 1655 alloquens,

774 1699 840 1737 ex
868 1685 985 1753 ipso
1010 1683 1278 1753 prodiisse
1300 1697 1480 1750 nuper
1512 1681 1658 1751 (χθὲς
1686 1681 1780 1732 καὶ
1808 1680 2065 1749 σήμερον)
2096 1679 2360 1747 quosdam

776 1775 1015 1843 objieiat,
1049 1789 1253 1842 eosque
1296 1780 1537 1841 opponat
1568 1771 1657 1833 iis,
1707 1788 1724 1821 ι
1755 1768 1848 1838 qui
1876 1770 1988 1839 jam
2028 1768 2153 1823 inde
2178 1783 2208 1821 a
2240 1783 2363 1821 san-

2454 595 2596 651 rent,
2628 587 2773 656 quod
2802 586 3127 642 auctoritate
3159 584 3401 639 Ecclesia
3433 585 3772 650 sancit-erat;
3801 587 4049 657 denique

2455 694 2565 733 non
2607 679 2760 747 prius
2788 678 3018 733 desiisse
3048 678 3214 731 unius
3249 676 3491 731 materia:
3525 676 3839 741 tractandae,
3874 694 4048 747 quam

2455 766 2559 821 alia
2592 768 2814 838 majoris
2836 784 2937 838 pro
2982 776 3225 836 tempore
3253 766 3516 821 momenti
3548 766 3613 821 ad
3663 782 3721 821 se
3746 783 4051 828 generosos

2459 855 2584 911 fidei
2609 857 2924 913 defensores
2949 859 3220 925 traheret;
3246 859 3383 913 adeo
3407 866 3466 912 ut
3489 858 3871 928 chronologica
3895 875 4051 928 qua:-

2458 948 2583 1002 dam
2632 949 2907 1003 sententia
2934 948 3063 1003 ferri
3102 948 3293 1018 possit,
3326 956 3381 1004 et
3423 948 3492 1003 de
3538 948 3831 1002 haeresium
3858 957 4047 1009 astate,

2458 1056 2526 1096 ex
2565 1042 2758 1108 libris;
2804 1052 2860 1096 et
2904 1041 2969 1096 de
3007 1041 3275 1095 librorum
3319 1048 3588 1109 tempore,
3624 1054 3692 1094 ex
3718 1038 4047 1093 haeresibus.

2461 1199 2489 1269 ᾗ
2520 1199 2583 1253 11.
2614 1198 2785 1262 Quam
2813 1200 3042 1252 incertus
3072 1196 3230 1267 fuerit
3259 1197 3318 1249 in
3351 1200 3486 1250 hunc
3510 1213 3675 1268 usque
3699 1197 3835 1250 diem
3866 1196 4051 1251 dialo-

2925 1284 3112 1338 gorum
3168 1276 3370 1321 auctor.

2530 1403 2569 1456 Ι.
2603 1401 2775 1463 Quam
2806 1403 3050 1456 incertus
3074 1400 3239 1455 fuerit
3266 1401 3320 1454 in
3359 1400 3508 1455 hunc.
3545 1417 3719 1471 usque
3748 1401 3892 1457 diem
3926 1401 4053 1456 dia-

2459 1492 2709 1565 logorum
2752 1501 2963 1555 auctor,
3000 1490 3287 1546 manifeste
3323 1491 3621 1546 ostendunt
3666 1492 3785 1546 alia:
3810 1493 4054 1546 aliorum

2462 1601 2627 1655 super
2670 1600 2733 1639 ea
2789 1598 2848 1639 re
2901 1583 3205 1638 sententiae.
3253 1582 3564 1653 Scriptores
3614 1582 3762 1639 enim
3800 1584 4053 1654 ejusdem

2461 1679 2637 1733 aetatis
2686 1678 2831 1731 inter
2878 1693 2935 1732 se
2995 1685 3256 1748 pugnant,
3308 1685 3363 1730 et
3411 1676 3587 1731 Graeci
3620 1693 3651 1730 a
3697 1692 3755 1731 se
3803 1677 4049 1731 invicem

2464 1768 2815 1832 dissentiunt,
2842 1773 2898 1820 et
2930 1783 3073 1820 unus
3099 1766 3353 1835 idemque
3387 1766 3624 1835 scriptor
3642 1765 3747 1818 sibi
3777 1780 3885 1818 non
3919 1780 4057 1818 con-

777 1837 881 1919 cti-s
901 1837 1466 1934 apostolis-usquead
1515 1837 1844 1914 hodiernum
1876 1837 2021 1914 diem
2053 1858 2365 1913 collaudant
2397 1837 2435 1890 Β
2468 1859 2652 1922 sentit,
2704 1858 2957 1928 idemque
3009 1872 3149 1928 opus
3192 1857 3358 1912 modo
3411 1856 3542 1911 huic
3590 1857 3824 1923 auctori,
3875 1856 4051 1911 modo

777 1955 994 2010 Patrem
1035 1966 1092 2008 et
1127 1956 1324 2009 Filium
1355 1962 1411 2008 et
1455 1953 1717 2022 Spiritum
1753 1959 2022 2005 sanctum.
2056 1969 2073 2000 ι
2121 1950 2239 2004 Νοιι
2271 1948 2367 2003 diu

778 2044 944 2114 igitur
978 2053 1102 2114 post
1141 2045 1387 2113 vulgatos
1431 2042 1570 2095 Aetii
1617 2041 1790 2094 libros
1817 2039 2055 2109 scriptus
2088 2047 2171 2093 est
2195 2037 2369 2093 dialo-

778 2149 881 2203 gus
912 2132 1221 2197 secundus;
1268 2131 1471 2201 vulgati
1520 2139 1648 2185 sunt
1678 2137 1861 2183 autem
1892 2130 2036 2185 Aetii
2060 2129 2185 2183 libri
2213 2127 2361 2183 Con-

780 2226 1133 2295 stantinopoli
1188 2225 1291 2278 sub
1338 2223 1501 2277 finem
1548 2222 1730 2292 quarti
1766 2221 1972 2276 saeculi.

852 2318 1119 2380 Alterum,
1157 2316 1304 2385 quod
1349 2315 1441 2368 ﬁat
1470 2316 1525 2368 in
1553 2315 1716 2368 tertio
1748 2312 1966 2382 dialogo
1992 2312 2197 2366 mentio
2233 2326 2367 2365 con-

784 2410 919 2472 cilii,
965 2409 1020 2462 in
1042 2422 1150 2477 quo
1171 2405 1421 2461 nonnihil
1450 2404 1515 2459 de
1539 2403 1745 2473 Spiritu
1766 2411 1957 2457 sancto
1989 2411 2082 2456 aut
2119 2402 2367 2456 additum

781 2511 865 2556 est
910 2501 1157 2572 symbolo
1199 2499 1443 2561 Nicaeno,
1493 2499 1537 2551 si
1578 2506 1758 2551 tamen
1798 2512 1928 2551 vere
1972 2495 2218 2549 additum
2262 2504 2368 2561 est,

781 2604 838 2646 et
869 2609 980 2647 non
1019 2592 1206 2661 potius
1243 2589 1576 2660 explicatum
1623 2588 1887 2643 adversus
1932 2586 2233 2641 Macedonii
2261 2586 2371 2640 hae-

785 2683 956 2741 resin.
1020 2680 1165 2748 quod
1222 2679 1437 2732 Nicazna
1497 2676 1738 2747 synodus
1797 2674 2021 2728 brevius
2068 2675 2366 2729 docuisset.

785 2770 1017 2841 Scripsit
1036 2786 1165 2839 ergo
1181 2768 1520 2837 dialogorum
1544 2776 1734 2820 auctor
1750 2773 1873 2835 post
1890 2780 2092 2819 annum
2112 2765 2237 2828 581,
2259 2780 2370 2834 quo

784 2877 930 2914 anno
967 2860 1302 2915 celebratum
1343 2866 1425 2911 est
1452 2856 1930 2924 Constantinopoli
1976 2855 2268 2909 concilium
2308 2871 2368 2909 ιι.

856 2953 1224 3011 Postremum,
1268 2948 1412 3016 quod
1456 2948 1603 3001 nulla
1648 2962 1678 3001 e
1713 2946 1989 3000 contrario
2025 2946 2118 3000 fiat
2164 2948 2370 3001 mentio

789 3053 1064 3099 motarum
1099 3057 1128 3094 a
1176 3040 1429 3094 Nestorio
1458 3054 1522 3092 ac
1551 3039 1796 3109 Eutyche
1826 3038 1893 3093 de
1920 3039 2086 3094 Verbi
2118 3038 2371 3094 incarna-

786 3134 940 3189 tione
991 3131 1377 3202 quaastionum,
1413 3145 1538 3184 cum
1582 3138 1765 3185 tamen
1804 3131 2006 3185 mirum
2048 3131 2102 3184 in
2145 3130 2366 3185 modum
2390 3164 2440 3222 C

787 3225 1008 3294 utrique
1043 3222 1429 3287 (orthodoxam
1474 3221 1599 3275 dico
1649 3230 1705 3275 et
1741 3221 2211 3293 Apollinaristam)
2246 3239 2372 3293 pro-

788 3320 983 3374 fuisset
1028 3325 1305 3371 momenta
1360 3314 1635 3368 rationum
1688 3330 1911 3369 suarum
1942 3315 2261 3369 definitione
2289 3331 2376 3385 sy-

789 3410 920 3465 nodi
974 3409 1258 3479 Ephesinae
1283 3406 1522 3468 ﬁrmare,
1552 3406 1666 3460 sive
1695 3414 1905 3461 natura:
1925 3409 2046 3460 duce
2072 3407 2125 3460 in
2154 3405 2376 3461 Christo

791 3501 1032 3571 perfecte
1078 3497 1372 3568 probandae
1418 3506 1622 3559 essent,
1682 3498 1796 3552 sive
1835 3498 2128 3552 asserenda
2167 3498 2375 3566 Virgini

792 3592 1279 3648 sanctissimis-sua
1302 3587 1547 3656 Deiparte
1576 3587 1834 3658 dignitas.
1866 3588 2067 3657 Scripti
2093 3597 2222 3642 sunt
2247 3606 2377 3658 ergo

792 3683 992 3753 dialogi
1034 3690 1159 3736 ante
1214 3678 1513 3734 concilium
1550 3678 1890 3747 Ephesinum
1938 3679 1981 3743 ⁸,
2031 3686 2196 3748 atque
2240 3680 2376 3734 adeo

790 3782 917 3828 ante
964 3786 1169 3826 annum
1219 3770 1343 3823 451.

860 3861 1039 3928 Quid?
1065 3860 1211 3930 quod
1238 3861 1457 3916 videtur
1484 3860 1822 3929 dialogorum
1857 3858 2094 3929 scriptor
2123 3857 2178 3912 id
2206 3873 2375 3911 unum

793 3954 1011 4011 consilii
1064 3953 1345 4017 habuisse,
1400 3962 1481 4017 ut,
1521 3968 1660 4022 quos
1714 3952 2008 4005 concilium
2056 3967 2114 4013 ιι,
2166 3965 2375 4004 canone

795 4044 973 4110 primo
1007 4042 1314 4105 haereticos,
1343 4041 1717 4095 Eunomianos
1738 4039 1854 4093 sive
1879 4039 2193 4099 Anommos,
2224 4038 2376 4091 Aria-

793 4146 896 4184 nos
942 4140 999 4184 et
1028 4131 1416 4193 Semiarianos,
1457 4130 1572 4184 sive
1618 4130 2147 4184 Pneumatomachos
2193 4138 2250 4183 et
2284 4130 2377 4184 Sa-

792 4220 1081 4281 bellianos,
1102 4221 1493 4283 Marcellianos,
1518 4219 1875 4274 Photinianos
1888 4234 1951 4273 ac
1964 4219 2378 4288 Apollinaristas

795 4310 1168 4375 damnaverat,
1203 4326 1297 4365 eos
1320 4311 1515 4379 partim
1539 4311 1747 4365 ratione
1774 4309 2145 4374 convinceret,
2176 4312 2376 4380 partim

796 4402 1163 4472 objectionum
1184 4402 1456 4457 solutione
1480 4402 1811 4457 debilitaret.
1838 4401 2036 4471 Scripti
2056 4413 2185 4457 sunt
2211 4404 2376 4474 igitur

2467 1950 2625 2006 alteri
2680 1949 2893 2003 tribuit.

2536 2043 2602 2097 ll.
2635 2042 2964 2111 Scriptores,
2984 2055 3126 2110 quos
3148 2038 3549 2104 dico,recentis
3579 2048 3708 2096 sunt
3733 2040 3836 2098 aevi
3873 2058 3886 2095 :
3921 2056 4056 2095 nam

2466 2131 2560 2202 qui
2594 2148 2625 2186 e
2663 2131 2943 2186 veteribus
2987 2129 3327 2200 dialogorum
3384 2130 3719 2194 meminerit,
3768 2131 4052 2185 neminem

2466 2240 2646 2295 neque
2700 2223 2971 2287 Graecum,
3005 2237 3186 2292 neque
3226 2221 3482 2276 Latinum
3517 2223 3665 2277 novi.
3696 2223 3818 2278 Non
3857 2226 4056 2278 memi-

2469 2318 2552 2372 nit
2594 2326 2742 2372 eerte
2786 2316 3036 2378 Photius,
3088 2328 3191 2368 nec
3236 2314 3379 2369 alius
3417 2314 3794 2369 nomenclator
3814 2314 4057 2384 scripto-

2468 2425 2610 2464 rum.
2641 2410 2790 2464 Inter
2820 2408 3044 2463 Latinos
3074 2405 3407 2462 mentionem
3443 2404 3573 2459 fecit
3615 2404 3752 2459 Beza
3783 2406 4055 2474 primum,

2471 2508 2585 2553 tum
2620 2497 2919 2561 Scultetus,
2960 2504 3151 2567 postea
3185 2496 3510 2552 Franciscus
3535 2495 3921 2560 Combeﬂsius,
3958 2498 4057 2565 qui

2468 2599 2525 2644 et
2574 2604 2713 2658 opus
2753 2588 2858 2642 hoc
2900 2602 2931 2641 e
2984 2586 3173 2641 Grzeeo
3216 2593 3525 2641 verterunt.
3568 2583 3708 2639 Beza
3730 2584 3958 2653 quidem
3999 2591 4063 2638 et

2469 2679 2829 2737 Combeﬁsius
2850 2679 3060 2748 priores
3079 2678 3323 2747 quinque
3340 2677 3604 2746 dialogos,
3624 2675 3907 2732 Scultetus
3922 2691 4063 2730 vero

2469 2772 2713 2841 reliquos
2758 2771 2917 2825 duos.
2951 2770 2996 2825 Ε
3035 2770 3240 2825 Graecis
3278 2783 3463 2833 nemo,
3498 2768 3646 2838 quod
3685 2766 3911 2836 quidem
3963 2783 4054 2821 re-

2472 2864 2687 2928 corder,
2728 2863 2834 2917 nisi
2879 2864 3024 2917 circa
3056 2870 3304 2930 tempora
3337 2860 3558 2916 concilii
3601 2859 3933 2924 Florentini,
3963 2871 4064 2913 aut

2473 2964 2623 3011 certe
2661 2970 2783 3010 cum
2812 2955 2880 3009 de
2923 2953 3273 3024 processione
3321 2951 3558 3021 Spiritus
3606 2951 3781 3005 sancti
3829 2960 4066 3005 conten-

2473 3049 2669 3104 tiosius
2713 3047 3031 3101 dimicatum
3080 3054 3184 3109 est,
3235 3045 3481 3115 dialogos
3520 3044 3655 3098 istos
3687 3043 3954 3097 laudavit.

2541 3139 2633 3194 Ill.
2677 3138 2857 3192 Latini
2886 3153 3053 3207 porro
3078 3136 3154 3190 illi
3191 3145 3326 3201 tres,
3372 3150 3512 3204 quos
3544 3134 3835 3205 appellavi,
3856 3133 4064 3203 aliique

2473 3246 2583 3285 non
2616 3230 2839 3297 maioris
2863 3228 3229 3293 auctoritatis,
3266 3228 3510 3296 dialogos
3530 3227 3615 3281 vel
3639 3226 3941 3281 Athanasio
3963 3227 4065 3279 tri-

2472 3324 2667 3382 buunt.
2703 3320 2787 3375 vel
2817 3319 3049 3374 Maximo
3100 3317 3370 3372 monacho
3402 3335 3415 3370 :
3445 3331 3555 3370 non
3584 3324 3765 3371 tamen
3806 3332 4063 3386 magnam

2474 3414 2577 3469 sibi
2617 3412 2915 3467 conciliant
2967 3410 3150 3465 ﬁdem.
3185 3409 3321 3464 Nam
3354 3408 3594 3479 primum
3642 3408 3697 3462 id
3751 3409 3944 3464 timide
3974 3402 4067 3458 fa-

2474 3507 2648 3567 ciunt,
2694 3514 2751 3559 et
2780 3503 2894 3558 fere
2933 3511 3169 3567 tantum,
3202 3510 3262 3556 ut
3296 3516 3405 3555 non
3449 3501 3569 3556 sine
3597 3501 3781 3571 aliquo
3812 3501 4065 3556 auctoris

2473 3597 2696 3651 nomine
2734 3602 2993 3664 appareat
3032 3608 3191 3663 opus,
3226 3592 3293 3647 de
3321 3608 3430 3662 quo
3462 3593 3798 3662 loquuntur;
3835 3592 4061 3657 deinde,

2474 3687 2766 3743 levissimis
2820 3685 3110 3753 dubiisque
3159 3684 3379 3738 indiciis
3424 3683 3643 3753 impulsi
3689 3692 3837 3738 sunt.
3871 3682 4064 3738 Codex

2475 3790 2623 3833 certe
2675 3777 2917 3839 Graecus,
2962 3792 3072 3845 quo
3108 3790 3244 3830 usus
3283 3784 3368 3829 est
3390 3774 3550 3837 Beza,
3585 3775 3797 3844 priores
3822 3782 4067 3842 quatuor

2478 3869 2722 3938 dialogos
2756 3867 3040 3921 Athanasii
3090 3865 3312 3919 nomine
3352 3864 3648 3933 inscriptos
3693 3864 3907 3927 habuit,
3964 3863 4065 3918 sed

2479 3960 2671 4015 habuit
2688 3959 2848 4013 simul
2872 3958 2939 4012 ad
2956 3957 3254 4027 marginem
3276 3956 3437 4025 primi
3458 3956 3757 4024 ascriptum
3778 3972 3791 4006 :
3812 3954 3917 4007 Τὸν
3932 3972 4065 4025 :19-

2475 4053 2603 4105 όντα
2657 4050 2926 4116 διάλογον,
2985 4049 3034 4099 οἱ
3092 4047 3190 4115 μὲν
3238 4046 3578 4107 Ἀθανασίου,
3612 4048 3661 4098 οι
3704 4045 3761 4098 δὲ
3805 4046 4063 4116 Μαξίμου

2476 4138 2612 4195 εἶναι
2640 4140 2906 4207 λέγουσιν.
2939 4137 3218 4191 Palatinus
3235 4136 3406 4190 codex
3434 4136 3702 4205 insignior
3717 4136 3758 4200 ⁸,
3789 4136 3881 4205 qui
3914 4152 4069 4192 nunc

2477 4236 2532 4289 in
2562 4232 2893 4289 bibliotheca
2916 4230 3185 4285 'Vaticana
3215 4236 3319 4291 cst,
3355 4229 3563 4283 nullius
3586 4229 3829 4283 auctoris
3858 4244 4064 4283 nomen

2475 4321 2722 4392 profert;
2754 4321 2893 4373 alter
2933 4334 3063 4372 vero
3102 4317 3300 4387 aliquis
3330 4317 3609 4372 inferioris
3651 4327 3792 4372 nota:
3824 4320 4067 4387 particu-

2476 4414 2583 4465 lam
2623 4408 2852 4465 secundi
2910 4407 3109 4476 dialogi
3164 4406 3466 4461 Athanasio
3520 4406 3825 4476 adjudicat;
3866 4422 4064 4461 verum

796 4494 997 4563 dialogi
1040 4510 1106 4549 eo
1155 4496 1417 4563 temporis
1449 4496 1644 4563 spatio,
1696 4495 1839 4563 quod
1879 4494 2022 4550 inter
2049 4496 2373 4551 ‘coneilium
2410 4502 2451 4555 ι)
2479 4501 2746 4573 ejusmodi
2766 4499 3055 4569 judicium,
3082 4514 3206 4553 cum
3252 4499 3306 4552 in
3345 4498 3588 4567 margine
3636 4506 3848 4551 tantum
3872 4514 3900 4551 a
3934 4514 4069 4554 con-

796 4585 1099 4641 secundum
1144 4593 1200 4641 et
1250 4586 1543 4639 concilium
1582 4585 1917 4654 Ephesinum
1947 4586 2265 4641 interﬂuxit.

870 4678 991 4731 Huc
1049 4677 1176 4731 facit
1196 4678 1512 4746 plurimum,
1547 4678 1695 4746 quod
1732 4678 1963 4747 quisque
2008 4687 2187 4747 potest
2231 4677 2378 4731 facili

799 4767 1018 4837 negotio
1059 4768 1210 4835 inter,
1246 4767 1410 4839 424
1434 4767 1731 4836 scriptores
1766 4768 2165 4823 ecclesiasticos
2191 4769 2377 4839 legen-

799 4859 899 4913 dos
935 4859 1225 4913 observare
1253 4876 1266 4910 :
1291 4874 1387 4912 eos
1412 4874 1607 4927 nempe
1639 4860 1829 4913 solitos
1871 4859 2061 4923 fuisse,
2089 4868 2375 4929 postquam

801 4950 1036 5005 haereses
1073 4960 1168 5004 aut
1219 4959 1393 5004 enata:
1439 4959 1585 5013 sunt,
1623 4958 1717 5003 aut
1753 4951 1936 5019 potius
1976 4952 2295 5019 prodierunt
2324 4954 2377 5006 in

800 5042 1105 5111 publicum,
1136 5042 1376 5111 primum
1407 5056 1509 5110 pro
1555 5041 1660 5094 llde
1688 5050 1879 5110 aperto
1912 5052 2085 5096 marte
2112 5058 2375 5112 pugnare.

801 5130 978 5187 donec
1018 5133 1259 5187 Ecclesia
1302 5132 1359 5184 in
1397 5131 1620 5201 synodis
1647 5140 1704 5185 et
1748 5131 2163 5185 definitionibus
2193 5131 2377 5186 fideles

803 5220 1046 5288 doceret,
1073 5231 1128 5276 et
1150 5222 1433 5277 latereticos
1446 5223 1789 5277 anathemate
1806 5225 2159 5291 percelleret;
2179 5223 2376 5277 deinde

2479 4596 2687 4667 jectore
2719 4592 2904 4661 aliquo
2941 4590 3237 4659 ascriptum
3272 4588 3365 4653 sit,
3414 4589 3571 4659 parvi
3616 4598 3701 4644 est
3737 4590 4030 4644 momenti.

2552 4682 2640 4737 IV.
2665 4680 2837 4736 Graeci
2867 4679 2998 4743 duo,
3034 4678 3328 4747 Gregorius
3358 4678 3810 4749 protosyncellus,
3844 4679 3941 4747 qui
3968 4679 4069 4733 ad-

2482 4787 2675 4827 versus
2705 4770 2990 4839 epistolam
3012 4768 3175 4822 Marci
3198 4766 3442 4837 Ephesii,
3474 4767 3776 4837 apologiam
3800 4783 4071 4836 quorum-

2485 4864 2606 4917 dam
2628 4862 2788 4933 425
2810 4863 3029 4915 Patrum
3053 4860 3291 4929 scripsit,
3314 4868 3369 4913 et
3391 4859 3701 4914 Demetrius
3720 4858 4006 4927 Cydonius
4023 4861 4065 4923 ’,

2483 4955 2640 5024 cujus
2680 4967 2843 5023 opera
2894 4950 3153 5005 nonnulla
3188 4948 3460 5003 Arcadius
3502 4949 3677 5003 edidit
3702 4949 3743 5012 ⁸,
3785 4951 4066 5013 nonnihil,

2483 5040 2679 5104 fateor,
2709 5056 2778 5094 ex
2800 5040 2979 5109 primo
3002 5039 3277 5108 tertioque
3300 5037 3607 5107 proferunt,
3636 5039 3787 5093 velut
3807 5055 3875 5093 ex
3895 5055 4069 5110 opere

2482 5132 2720 5187 Maximi.
2761 5133 2962 5187 Verum
2994 5132 3246 5186 homines
3284 5131 3383 5195 illi,
3410 5141 3770 5202 praeterquam
3796 5132 3946 5200 quod
3984 5148 4071 5187 rc-

2483 5222 2756 5278 centiores
2777 5231 2923 5285 sunt,
2949 5237 3111 5291 quam
3138 5230 3198 5275 ut
3224 5220 3443 5275 valeant
3472 5221 3797 5276 auctoritate
3823 5237 3923 5276 sua
3951 5222 4067 5277 sola

2138 5378 2450 5433 SCHL‘LZII
2492 5377 2723 5433 IVOTA'J.

875 5520 897 5551 '
927 5519 1167 5573 Primum
1204 5521 1409 5574 scilicet
1465 5521 1569 5574 hoc
1598 5536 1715 5575 esse
1764 5519 2003 5588 Operum
2048 5518 2401 5581 Theodoreti,
2460 5526 2515 5571 et
2572 5518 2717 5571 circa
2779 5532 2983 5588 annum
3037 5517 3141 5588 425
3207 5516 3934 5588 ροιηροείιιιηινῇιιιιιῃξιψιτι
3973 5515 4070 5588 de-

804 5589 1037 5643 claravit
1061 5590 1375 5643 Garnerius.
1425 5591 1543 5645 Huc
1574 5592 1720 5644 enim
1754 5586 2004 5658 spectare
2032 5598 2286 5658 putamus
2323 5589 2502 5642 locum
2537 5588 2592 5640 in
2625 5588 2866 5641 llistoria
2901 5586 3259 5658 Theodoreti,
3291 5587 3509 5658 p.149,

810 5675 961 5723 num,
997 5660 1031 5713 l.
1066 5675 1138 5721 c.,
1177 5668 1213 5712 t.
1247 5660 1288 5722 Ι,
1322 5676 1375 5728 p.
1409 5661 1565 5715 “2‘2.

3538 5586 3572 5655 ς
3598 5587 3678 5639 ιδ.
3721 5585 3845 5637 vaa.
3890 5585 4064 5638 Undi-

1643 5662 1663 5691 ⁸
1695 5655 1849 5714 Alius
1884 5655 2065 5712 autem
2102 5659 2329 5712 Palatini
2359 5658 2585 5716 codicis.
2617 5658 2713 5725 qui
2744 5658 2843 5710 hos
2882 5657 3127 5724 dialogos
3152 5666 3273 5725 post
3302 5657 3407 5710 alia
3448 5656 3662 5711 Maximi
3690 5655 3917 5722 scripta,
3944 5656 4065 5725 sine

809 5721 956 5782 novo
989 5730 1149 5783 titulo
1186 5721 1430 5792 exhibet,
1474 5731 1724 5783 meminit
1748 5729 2165 5789 Felekmannus,
2199 5728 2332 5781 edit.
2369 5721 2655 5786 Commelf,
2694 5743 2748 5797 p.
2782 5728 2868 5780 84.
2941 5728 2959 5755 ⁷
2991 5721 3275 5795 cydonius.
3312 5725 3731 5797 SeuCydones,
3756 5721 3840 5778 vel
3876 5735 3937 5778 ut
3971 5724 4063 5779 alii

812 5799 1041 5859 malunt,
1099 5800 1447 5869 Byzantinus.
1522 5800 1767 5854 “Edidit.
1812 5800 1867 5853 In
1922 5798 2213 5870 Opuseulis
2268 5799 2644 5868 theologorum
2717 5796 3052 5861 Graecorum,
3115 5797 3272 5849 liom.
3319 5796 3453 5851 1650
3497 5796 3549 5850 et
3586 5796 3739 5849 1671.
