4224 6442
157 403 262 465 373

141 607 480 678 jamdudum
517 611 794 680 corruptis
829 612 1144 677 utebantur,
1191 615 1519 669 auctoritate
1587 613 1742 674 moti,

148 701 499 773 populariter
517 702 777 757 citarunt.
815 702 996 767 Quid?
1018 704 1167 772 quod
1201 713 1434 772 uterque
1467 703 1602 757 vixit
1626 711 1747 772 post

149 791 437 848 decimum
469 801 729 861 quartum
754 794 1037 857 saeculum,
1068 810 1180 863 quo
1211 805 1458 862 tempore
1492 793 1745 862 supposi-

147 883 225 938 tio
259 883 598 954 jamdudum
631 883 776 938 facta
811 883 1010 940 fuerat.
1056 885 1125 940 Et
1153 900 1318 943 nemo
1358 885 1456 954 qui
1487 901 1744 956 κριτικω-

153 970 331 1042 τέρως
361 971 680 1027 Graecorum
701 972 923 1028 codices
940 975 1290 1043 mssJegerit,
1311 990 1421 1030 non
1448 974 1742 1044 perspexit,

143 1075 312 1128 quam
347 1064 596 1133 corrupti
645 1067 778 1130 sint,
834 1081 1108 1136 quamque
1151 1068 1298 1136 apud
1344 1070 1493 1138 ipsos
1535 1069 1747 1122 soleant

145 1151 526 1220 supposititiis
578 1153 740 1208 libris
788 1156 809 1186 '
851 1155 1114 1212 nobilium
1169 1159 1393 1212 Patrum
1442 1173 1610 1227 opera
1664 1157 1746 1210 in-

144 1241 416 1308 terpolari
428 1282 440 1293 .
937 1291 942 1293 _

215 1331 279 1385 ν.
323 1332 637 1387 Prudenter
662 1333 1028 1390 Combeflsius
1050 1335 1103 1389 in
1138 1337 1358 1407 synopsi
1379 1351 1607 1406 operum
1637 1335 1745 1389 Ma-

144 1426 302 1487 ximi,
351 1443 477 1495 qua:
503 1427 700 1490 edidit,
729 1443 825 1482 eos
856 1443 916 1484 se
949 1429 1194 1500 dialogos
1243 1430 1476 1486 Maximo
1499 1429 1743 1485 tribuere

145 1519 390 1580 monuit,
431 1533 657 1588 propter
694 1521 913 1576 codices
940 1522 1100 1585 duos,
1145 1523 1449 1578 Romanum
1489 1537 1520 1575 a
1567 1520 1742 1574 cardi-

144 1608 268 1661 nale
294 1607 538 1667 Baronio
571 1610 825 1674 relatum,
855 1622 911 1666 et
934 1614 1202 1668 Venetam
1236 1611 1506 1668 Gerasimi
1533 1611 1737 1676 Blachi,

143 1699 310 1752 donec
350 1703 470 1769 quis
497 1703 802 1756 certioribus
837 1716 899 1756 ex
945 1706 1294 1758 monumentis
1337 1703 1492 1758 aliter
1512 1705 1739 1772 opinan-

145 1790 273 1843 dum
292 1794 525 1845 suaserit
555 1794 616 1846 ⁸ο.
649 1792 862 1858 Quibus
886 1795 1070 1849 verbis
1101 1795 1272 1848 videri
1319 1803 1498 1864 potest
1527 1793 1739 1863 opinari

833 406 930 465 DE
973 406 1326 467 DIALOGIS
1358 409 1528 468 ADV.
1563 405 1748 464 ARIA

1843 403 1917 474 ’rS,
1961 406 2564 478 MACEDONIANOS,
2600 407 2756 465 ETC,

152 517 321 577 ﬁdem
358 526 572 575 certam
613 518 825 585 facere;
871 530 1021 576 certe
1060 523 1176 578 sola
1228 523 1504 584 codicum,
1552 520 1752 590 quibus
1781 522 1824 575 A

3321 404 3424 468 37%

2098 521 2124 591 §
2155 522 2241 575 Ill.
2271 521 2422 586 Quod
2452 537 2589 574 unus
2632 522 2700 574 sit
2729 521 2964 573 omnium
2999 529 3202 573 auctor.

1921 610 1959 664 l.
1997 611 2056 664 lu
2098 623 2308 681 septem
2359 611 2588 683 dialogis
2625 614 3013 682 impugnantur
3047 612 3282 668 haereses
3303 628 3414 666 ein-

1847 701 1979 755 nino
2014 711 2144 765 trcs,
2193 704 2388 757 Ariana
2423 705 2700 773 prioribus
2749 703 2999 768 duobus;
3036 705 3212 759 tribus
3242 712 3418 774 poste-

1849 791 2088 847 rioribus
2113 794 2526 859 Macedoniam;
2560 793 2968 863 Apollinariana
2997 793 3230 847 duobus.
3255 793 3420 862 Oper-

1847 893 1924 937 tet
1957 884 2122 954 igitur
2138 885 2430 940 ostendere
2457 903 2470 938 :
2495 887 2754 954 primum,
2776 886 2988 954 priores
3017 884 3157 938 duos
3184 883 3422 953 dialogos

1846 974 1914 1026 ab
1945 990 2053 1028 uno
2091 991 2211 1030 esse
2241 984 2463 1030 auctore
2495 977 2856 1044 compositos;
2909 975 3132 1038 deinde,
3189 974 3259 1030 ab
3312 988 3421 1028 uno

1847 1065 1974 1120 item
2011 1075 2122 1120 tres
2163 1076 2355 1122 contra
2398 1067 2812 1131 Macedonium;
2851 1068 3033 1128 tertio,
3085 1066 3154 1121 ab
3184 1080 3294 1120 uno
3327 1080 3422 1134 pa-

1847 1159 1982 1212 riter
2024 1159 2164 1212 duos
2205 1168 2393 1213 contra
2427 1159 2856 1228 Apollinarium;
2915 1157 3151 1226 denique
3196 1158 3265 1211 ab
3314 1173 3424 1211 uno

1844 1250 2150 1318 eodemque
2196 1265 2408 1304 omnes.

1914 1340 1978 1393 Il.
2016 1339 2204 1404 Quoad
2240 1339 2476 1409 primum
2508 1357 2521 1393 :
2559 1339 2810 1408 quisquis
2851 1356 2961 1395 non
3003 1341 3302 1394 oscitanter
3341 1340 3421 1392 le-

1841 1433 1982 1501 gerit
2019 1435 2232 1502 priores
2263 1435 2403 1488 duos
2429 1432 2695 1487 adversus
2724 1433 2980 1487 Arianam
3017 1433 3270 1495 hzercsin,
3301 1433 3421 1486 ani-

1844 1523 2150 1578 madvertet
2210 1525 2394 1588 facile,
2449 1540 2558 1578 non
2619 1539 2740 1578 esse
2789 1523 3075 1578 diversum
3131 1524 3420 1592 utriusque

1841 1623 2146 1670 auctorem.
2200 1617 2297 1670 Est
2337 1616 2484 1669 enim
2521 1616 2807 1670 amborum
2860 1631 2968 1669 una
2999 1615 3277 1684 quaestio;
3316 1630 3418 1668 una

1838 1707 2157 1776 quaestionis
2188 1706 2463 1760 solvenda:
2506 1706 2679 1770 ratio;
2717 1706 2860 1759 idem
2896 1706 3087 1776 stylus,
3117 1705 3420 1773 eademque

1845 1799 2150 1853 disserendi
2201 1799 2373 1864 ratio;
2416 1798 2607 1853 eadem
2658 1797 2956 1866 Scriptum
3003 1793 3420 1865 interpretatio;

145 1882 390 1944 codices,
455 1900 690 1951 quorum
748 1887 1017 1949 meminit,
1067 1887 1248 1941 minus
1309 1887 1508 1942 habere
1554 1896 1744 1941 aucto-
1777 1863 1816 1916 Β
1847 1891 1960 1950 imo
2011 1899 2068 1944 et
2099 1863 2415 1944 earumdem
2465 1890 2638 1944 veluti
2687 1863 3074 1958 parmmiarum
3122 1863 3419 1942 alfcctatio.

148 1973 356 2038 ritatis,
405 1989 572 2042 quam
618 1991 758 2044 opus
786 1986 935 2031 esset
980 1977 1049 2030 ad
1087 1977 1395 2032 faciendam
1433 1986 1639 2032 certam
1684 1976 1746 2029 ﬁ-

147 2062 297 2117 dem.

219 2157 310 2210 γι.
342 2157 384 2210 Ε
438 2159 846 2214 recentioribus
872 2159 1082 2214 Grecis
1115 2161 1204 2213 vix
1235 2161 1530 2230 quidquam
1563 2161 1745 2231 colligi

147 2264 309 2316 posse
357 2259 592 2314 autumo
622 2270 634 2304 :
678 2252 1122 2321 quandoquidem
1169 2268 1270 2308 nec
1296 2268 1490 2307 omnes
1517 2255 1660 2308 inter
1685 2270 1744 2310 se

145 2344 514 2406 conveniunt,
551 2359 654 2399 nec
689 2360 832 2402 unus
875 2344 988 2399 fere
1027 2359 1234 2405 secum
1269 2344 1536 2399 Eumdem
1564 2344 1742 2399 dialo-

148 2449 276 2502 gum
310 2435 483 2499 alius,
503 2436 613 2489 imo
634 2435 780 2490 idem
797 2436 1016 2504 aliquis,
1042 2435 1206 2489 modo
1227 2435 1377 2499 huic,
1401 2436 1566 2498 modo
1586 2436 1746 2491 alteri

147 2527 365 2580 auctori
393 2528 613 2583 tribuit.
657 2527 789 2597 Legi
816 2538 965 2582 certe
993 2543 1158 2597 super
1180 2541 1245 2589 ea
1275 2543 1332 2582 re
1368 2543 1478 2585 non
1503 2529 1746 2583 oscitan—

149 2626 233 2672 ter
281 2619 626 2673 Demetrium
671 2619 998 2690 Cydonium,
1052 2619 1130 2673 De
1172 2621 1496 2689 processione
1521 2617 1746 2689 Spiritus

146 2709 358 2774 sancti;
391 2710 698 2779 Josephum
740 2710 1152 2765 Mctbonensem
1197 2711 1253 2766 in
1303 2709 1747 2780 Responsionead

150 2801 456 2871 Epistulam
483 2802 652 2857 Marci
687 2803 932 2872 Ephesii;
968 2801 1205 2856 Marcum
1243 2803 1419 2872 ipsum
1449 2801 1747 2871 Ephesium

150 2894 210 2946 in
241 2894 473 2951 concilio
511 2894 856 2960 Florentino;
898 2895 1168 2950 Joannem
1190 2895 1466 2949 Vecehum
1490 2894 1748 2949 Adversus

148 2986 426 3040 Andream
490 2985 853 3050 Comaterum,
907 2995 967 3042 et
1006 2987 1129 3041 aliis
1170 2988 1227 3041 in
1285 2986 1572 3055 operibus,
1628 3000 1749 3055 qua

149 3076 362 3132 Gracia
388 3078 700 3133 orthodoxa
722 3077 907 3131 Allatii
950 3077 1205 3141 exhibet;
1251 3076 1529 3130 Andream
1570 3075 1746 3144 ipsum

1845 1981 2084 2047 Quaestio
2131 1981 2422 2050 utrobique
2463 1988 2548 2035 est
2603 1980 2671 2034 de
2724 1979 3000 2049 ἀγεννήτῳ
3046 1984 3103 2032 et
3157 1977 3420 2046 γεννητῷ,

1847 2073 2132 2141 Patrisque
2157 2079 2210 2126 et
2233 2071 2378 2136 Filii,
2411 2080 2575 2141 atque
2601 2071 2764 2126 etiam
2795 2070 2962 2124 totius
2982 2067 3267 2124 Trinitatis
3296 2082 3422 2122 con-

1845 2164 2328 2219 substantialitate.
2362 2162 2517 2228 Quod
2549 2163 2742 2217 iisdem
2773 2163 3067 2232 utrobique
3101 2161 3330 2215 vocibus
3359 2176 3422 2215 ac

1845 2254 2105 2323 loquendi
2129 2253 2381 2307 formulis
2398 2253 2635 2322 scriptor
2663 2260 2872 2317 utatur,
2907 2252 3264 2320 eamdemque
3301 2266 3418 2306 ser-

1847 2353 1938 2400 vet
1974 2345 2241 2400 tractandi
2263 2344 2568 2414 argumenti
2601 2343 2852 2406 formam,
2879 2344 3007 2412 quia
3033 2343 3272 2398 lectione
3307 2341 3420 2412 ipsa

1846 2437 2048 2491 nemini
2076 2452 2186 2495 non
2216 2446 2468 2491 constare
2497 2444 2698 2505 potest,
2731 2435 2997 2507 exemplis
3024 2450 3132 2489 non
3150 2444 3234 2489 est
3262 2450 3419 2505 opus.

1845 2528 2086 2585 Celebris
2115 2529 2204 2583 ille
2230 2528 2401 2591 locus,
2426 2527 2589 2580 Pater
2610 2529 2782 2597 major
2804 2543 2883 2579 me
2910 2535 3004 2589 est,
3037 2525 3230 2580 eodem
3261 2525 3423 2579 modo

1845 2619 2137 2690 exponitur
2176 2618 2230 2672 in
2258 2627 2493 2686 utroque
2543 2617 2758 2687 dialogo
2789 2615 2856 2670 de
2889 2615 3069 2674 Verbo
3120 2616 3420 2679 incarnato,

1846 2719 1952 2766 etc.
1992 2708 2208 2764 Emdem
2257 2707 2523 2762 affectatae
2579 2707 2856 2776 parmmize
2889 2724 2902 2758 :
2943 2704 3000 2759 Si
3037 2705 3196 2758 scires
3230 2705 3424 2757 donum

1847 2802 1963 2865 Dei,
2000 2802 2157 2855 scires
2202 2800 2401 2869 utique,
2442 2806 2548 2852 etc.
2607 2797 2769 2868 (Dial.
2811 2795 2894 2867 I.)
2937 2794 2993 2849 Si
3031 2799 3187 2849 scires
3231 2795 3424 2848 donum

1848 2890 1963 2953 Dei,
2005 2899 2054 2942 et
2097 2891 2210 2960 quis
2253 2892 2338 2951 sit,
2376 2891 2464 2958 qui
2526 2888 2718 2950 docuit,
2765 2895 2872 2941 etc.
2915 2885 3075 2956 (Dial.
3110 2883 3188 2953 2.)
3237 2883 3427 2951 Quid?

1836 2980 1994 3050 quod
2031 2997 2062 3034 a
2099 2978 2503 3033 recentioribus
2547 2976 2751 3032 Graecis
2802 2977 3042 3030 citantur
3091 2976 3250 3029 ambo
3278 2978 3424 3032 velut

1850 3088 2013 3126 unus.
2037 3071 2323 3126 Videndus
2341 3071 2579 3125 Joannes
2599 3067 2844 3122 Vecchus
2859 3067 3152 3137 epigraphe
3176 3067 3240 3121 l5
3257 3069 3424 3121 semel

149 3167 512 3227 Comaterum
563 3169 711 3237 apud
757 3168 1064 3233 Vecchum;
1112 3167 1432 3237 Gregorium
1459 3175 1745 3238 protosyn—
1773 3192 1814 3248 ο
1849 3173 2014 3233 atque
2048 3163 2269 3217 iterum.
2307 3161 2618 3215 Demetrius
2640 3158 2962 3248 iCydonius.
2989 3158 3067 3212 De
3103 3160 3428 3248 processione

151 3259 356 3313 callum
393 3259 480 3313 Ad
517 3260 893 3329 imperatorem
935 3259 1412 3328 Trapesuutinum;
1451 3255 1741 3328 Georgium

153 3351 534 3416 Metochitaln,
558 3354 575 3370 ⁶
598 3350 655 3405 in
671 3350 1006 3420 Refutatione
1027 3352 1189 3402 trium
1209 3349 1469 3404 Planudis
1489 3352 1741 3420 capitum.

156 3443 308 3513 Legi,
351 3444 600 3510 inquam,
635 3450 692 3496 et
727 3441 870 3495 inter
898 3441 1187 3510 legendum
1219 3441 1580 3497 animadverti
1609 3441 1748 3494 duos

156 3532 268 3587 fere
330 3540 547 3585 tantum
587 3532 657 3584 ab
705 3532 841 3601 ipsis
886 3531 1132 3600 dialogos
1166 3532 1348 3594 citari,
1389 3532 1626 3600 primum
1689 3547 1748 3585 ac

159 3624 419 3688 tertium;
458 3630 513 3677 et
546 3623 785 3692 priorem
813 3623 1034 3692 quidem
1065 3623 1368 3677 Athanasio
1393 3623 1560 3676 tribui
1591 3639 1620 3676 a
1647 3622 1750 3675 Me-

161 3716 391 3778 tochita,
426 3723 593 3782 atque
618 3714 783 3766 etiam
812 3729 844 3767 a
868 3713 1109 3777 Veccho;
1142 3713 1239 3768 sed
1260 3730 1289 3766 a
1319 3713 1534 3768 Vcecho
1591 3713 1745 3778 alios,

159 3819 326 3876 atque
365 3821 394 3860 a
441 3805 865 3875 protosyneello,
907 3804 1140 3859 Maximo
1186 3805 1519 3874 adjudicari;
1565 3813 1748 3876 poste-

162 3898 370 3951 riorem
420 3913 557 3952 vero
609 3895 846 3951 Maximo
874 3896 1145 3952 vindicari
1185 3912 1215 3951 a
1251 3895 1539 3950 Comatero
1571 3904 1627 3950 et
1651 3895 1751 3967 Cy—

161 3989 364 4054 donio;
414 3989 718 4043 Athanasio
753 3995 836 4043 ter
874 3995 970 4042 aut
1002 3998 1198 4057 quater
1232 4004 1264 4041 a
1301 3987 1537 4042 Veccho.

232 4081 350 4136 VII.
385 4079 580 4150 Neque
625 4095 658 4134 a
708 4080 1100 4148 manuscriptis
1142 4078 1428 4134 codicibus
1460 4080 1584 4148 plus
1626 4095 1751 4148 spe—

163 4173 402 4227 randum
438 4171 599 4238 lucis,
622 4187 786 4241 quam
808 4171 884 4226 .ab
915 4171 1099 4226 editis.
1131 4170 1267 4226 Nam
1298 4177 1357 4224 ut
1389 4186 1457 4224 ex
1491 4185 1602 4226 uno
1633 4186 1751 4224 om-

163 4265 322 4319 nium
369 4263 583 4332 optimo
616 4263 684 4318 de
748 4263 976 4333 reliquis
1031 4261 1301 4332 judicium
1340 4260 1570 4325 feratur,
1612 4277 1752 4331 quos

165 4357 356 4426 plures
396 4353 766 4409 Felkmannus
794 4371 824 4408 a
860 4369 917 4409 se
953 4354 1102 4408 visos
1135 4352 1328 4407 scribit
1363 4353 1425 4417 “,
1452 4352 1748 4417 Palatinus,

165 4447 260 4517 qui
296 4462 454 4500 nunc
484 4446 540 4499 in
580 4446 832 4500 Vaticana
873 4444 1202 4499 bibliotheca
1239 4451 1511 4506 servatur,
1549 4443 1753 4498 nullius

1848 3252 2076 3323 Spiritus
2107 3253 2295 3314 sancti,
2356 3267 2476 3319 cap.
2531 3250 2582 3303 5.
2623 3247 2921 3318 Gregorius
2970 3246 3425 3320 protosyncellus,

1845 3345 1926 3399 Ad
1959 3344 2333 3412 imperatorem
2381 3341 2846 3411 Trapezuntinum,
2890 3346 2978 3393 etc

1917 3434 2003 3488 Ill.
2043 3433 2195 3488 Adde
2247 3431 2394 3502 quod
2447 3431 2725 3485 secundus
2782 3429 2930 3484 aliud
2986 3429 3100 3484 fere
3150 3429 3287 3482 nihil
3334 3429 3426 3493 sit,

1846 3533 2047 3594 prater
2089 3525 2251 3593 primi
2284 3525 2434 3577 velut
2463 3523 2801 3584 coronidem,
2843 3537 2950 3590 qua
2980 3521 3231 3576 Eunomii
3258 3535 3430 3590 pauca

1848 3614 2096 3682 quazdam
2131 3612 2338 3667 scholia
2383 3612 2440 3665 in
2483 3611 2770 3681 epistolam
2809 3610 2975 3676 Aetii,
3028 3621 3084 3666 et
3128 3609 3244 3681 ipsa
3283 3611 3427 3666 Aetii

1847 3705 2076 3774 cpistola
2132 3704 2432 3759 secundum
2492 3704 2702 3773 singula
2755 3718 2852 3756 sua
2899 3703 3076 3772 capita
3119 3702 3428 3769 refellitur;
3498 3699 3501 3703 ’

1849 3797 1994 3866 quod
2018 3797 2119 3849 fuit
2149 3797 2214 3850 ad
2239 3796 2638 3849 absolutionem
2666 3795 2848 3864 operis
2878 3795 3270 3850 necessarium.
3293 3795 3430 3849 Nam

1850 3895 1961 3941 tota
1993 3887 2062 3942 de
2102 3887 2349 3958 lngenito
2374 3895 2431 3942 et
2453 3885 2648 3941 Genito
2671 3887 2902 3957 quaestio
2932 3901 2997 3941 ex
3030 3885 3173 3941 Aetii
3200 3886 3430 3957 epistola

1850 3978 2202 4048 profluxerat.

1921 4073 2009 4127 IV.
2037 4072 2162 4126 Sive
2193 4088 2323 4141 ergo
2347 4071 2457 4124 duo
2497 4070 2603 4124 sint
2633 4069 2855 4140 dialogi,
2885 4070 3031 4138 quod
3065 4070 3236 4140 magis
3274 4085 3429 4136 reor;

1850 4166 1965 4218 sive
2011 4164 2176 4218 unius
2232 4163 2354 4217 duae
2403 4170 2620 4232 partes,
2669 4171 2732 4215 ut
2780 4162 3184 4216 recentioribus
3232 4161 3433 4218 Grmcis

1850 4257 2058 4321 visum;
2115 4269 2259 4310 unus
2305 4262 2456 4309 certe
2505 4255 2742 4322 scriptor
2800 4263 2901 4307 est.

1925 4349 1986 4402 V.
2037 4346 2191 4412 Quod
2222 4346 2459 4415 pertinet
2497 4345 2564 4398 ad
2592 4345 2917 4407 secundum,
2960 4359 3158 4416 nempe
3190 4344 3433 4416 dialogos

1853 4449 1968 4494 tres
2005 4439 2271 4492 adversus
2297 4436 2674 4490 Macedonium
2718 4437 2884 4490 unius
2912 4452 3034 4491 esse
3071 4437 3329 4501 auctoris,
3365 4451 3432 4491 cx

165 4537 419 4592 auctoris
454 4551 654 4591 nomen
687 4535 852 4611 426
884 4536 982 4589 ulli
1017 4535 1183 4589 trium
1224 4534 1474 4604 priordm
1503 4534 1746 4604 dialogo-
1782 4538 1825 4593 D
1852 4529 2011 4601 427
2049 4529 2304 4598 pluribus
2327 4542 2440 4581 non
2473 4527 2709 4581 obscure
2735 4527 3107 4590 concluditur,
3148 4527 3244 4581 sed
3275 4541 3432 4608 exeo

169 4645 296 4683 nun
330 4627 658 4697 inscriptum
689 4627 904 4701 habet;
960 4626 1070 4688 sed,
1104 4626 1253 4680 hunc
1271 4633 1497 4679 tantum
1534 4626 1751 4679 titulum

171 4719 462 4790 praeﬁxum
496 4719 675 4788 primo
703 4735 715 4771 :
752 4718 1032 4787 Ἀνομοίου
1069 4718 1186 4787 ἦτοι
1213 4716 1577 4785 Ἀρειανίστου
1608 4719 1752 4770 ἀντι-

169 4812 326 4878 ὶογίει
378 4811 518 4880 μετὰ
563 4810 866 4880 ὀρθοδόξου.
891 4809 1179 4864 Secundus
1211 4808 1348 4863 nihil
1379 4810 1522 4878 gerit
1555 4810 1752 4864 inscri-

172 4912 348 4972 ptum.
388 4901 578 4957 Tertio
601 4902 676 4955 ad
729 4901 1051 4972 marginem,
1109 4901 1214 4954 Τοῦ
1271 4902 1429 4969 ἁγίου
1482 4901 1752 4972 Μαξίμου,

173 4974 502 5062 ascriptum.
525 4993 763 5058 Quartus
796 4994 875 5048 sic
896 4993 1215 5048 inscribitur
1237 5011 1250 5048 :
1273 4995 1379 5047 Τοῦ
1405 4995 1561 5062 ἁγίου
1599 4994 1758 5046 Ἀθα-

175 5089 360 5141 νασίου
399 5087 538 5158 πρὸς
568 5086 942 5156 ’Δπολινάριον
981 5086 1238 5150 διάλεξις.
1285 5085 1522 5154 Quintus
1573 5100 1705 5140 vero
1743 5102 1757 5138 :

177 5179 284 5231 Τοῦ
324 5177 500 5231 αὑτοῦ
553 5177 1000 5249 Ἀπολιναρίστου
1035 5178 1403 5246 κεφαλαίωσις
1428 5178 1522 5231 καὶ
1554 5179 1760 5246 Γρηγο·

181 5271 298 5340 ρίου
353 5270 682 5325 ἐπισκόπου.
751 5270 870 5326 Duo
930 5269 1127 5340 reliqui
1188 5270 1512 5340 inscriptum
1565 5279 1760 5340 gerunt

178 5363 465 5418 Athanasii
511 5378 734 5418 nomen.

248 5454 385 5508 VIII.
420 5453 622 5509 Verum
650 5456 814 5526 igitur
841 5464 943 5518 est,
975 5455 1120 5526 quod
1145 5457 1304 5511 initio
1325 5454 1458 5514 dixi.
1492 5456 1762 5518 incertum

179 5544 349 5602 fuisse
383 5547 654 5602 hactenus
700 5548 1037 5619 dialogorum
1089 5560 1392 5603 auctorem.

1855 4623 2178 4685 clarissime,
2223 4620 2370 4689 quod
2406 4619 2458 4672 in
2489 4617 2652 4674 tertio
2677 4618 2781 4672 sub
2804 4617 2989 4681 ﬁnem,
3023 4633 3147 4671 cum
3173 4605 3431 4671 recedere

1858 4715 2153 4770 meditatur
2194 4710 2637 4774 Macedonianus,
2682 4709 2957 4785 finemque
3001 4708 3216 4778 dialogo
3261 4709 3433 4777 impo-

1858 4821 2011 4870 nere,
2063 4805 2151 4858 his
2187 4802 2373 4857 verbis
2422 4801 2596 4855 utitur
2628 4818 2641 4854 :
2686 4800 2896 4867 Ὀλίγος
2934 4800 3068 4868 εἰμὶ,
3105 4800 3344 4869 εὑρίσκω
3379 4799 3434 4852 δὲ

1860 4900 1949 4953 τὸν
1976 4897 2270 4966 δυνάμενον
2301 4894 2435 4964 πρὸς
2457 4893 2630 4946 ταῦτα
2659 4895 2834 4945 εἰπεῖν
2853 4907 2866 4920 ·
2917 4892 3110 4943 Πεῖσον
3148 4891 3272 4952 τοὺς
3296 4889 3438 4942 asa-

1865 4989 2098 5050 σκάλους
2143 5004 2265 5057 μου,
2318 4986 2412 5037 καὶ
2443 4985 2719 5052 πείθομαι.
2771 4983 2973 5037 Iisdem
3021 4983 3136 5038 fere
3166 4981 3342 5036 utitur
3382 4981 3437 5034 in

1853 5093 2008 5140 sexto
2031 5082 2134 5136 sub
2155 5081 2337 5142 linem,
2361 5094 2487 5132 cum
2509 5078 2937 5147 disputationem
2961 5076 3252 5130 terminare
3281 5074 3399 5128 vult
3424 5093 3436 5126 ε

1873 5175 2014 5241 Ἐγὼ
2065 5171 2282 5242 ἀμαθής
2330 5171 2467 5237 ειμι.
2521 5170 2640 5236 ἄγω
2682 5171 2773 5222 τὸν
2818 5165 3138 5220 διδάσκαλόν
3179 5182 3303 5233 μου,
3345 5168 3440 5217 καὶ

1863 5266 2166 5333 διαλέγεται
2201 5279 2298 5314 σοι.
2326 5261 2478 5315 Unus
2503 5275 2636 5330 ergo
2669 5270 2753 5314 est
2775 5259 3062 5312 amborum
3092 5267 3299 5311 auctor.
3327 5257 3441 5311 lmo

1866 5370 1924 5417 et
1947 5355 2164 5427 septimi
2190 5369 2350 5420 ;cum
2377 5352 2525 5406 enim
2551 5353 2677 5406 inde
2704 5351 2919 5404 initium
2947 5349 3111 5403 ducat
3135 5366 3147 5401 :
3182 5349 3254 5399 Οὐ
3286 5349 3441 5416 μόνον

1872 5449 2133 5521 σφάλλετε
2176 5445 2444 5511 λέγοντες,
2491 5443 2571 5494 ὅτι
2616 5441 2899 5511 ὁμοούσιός
2937 5442 3083 5492 ἐστιν
3122 5440 3149 5491 ὁ
3201 5437 3321 5498 Υἱὸς
3366 5436 3444 5504 τῷ

1873 5541 2068 5612 Πατρὶ,
2092 5535 2226 5590 ἀλλὰ
2259 5535 2355 5588 καὶ
2375 5535 2455 5586 ὅτι
2488 5532 2663 5602 ψυχὴν
2691 5528 2804 5601 εἶχε
2831 5530 3131 5602 σαρκωθεὶς
3151 5530 3177 5580 ὁ
3207 5528 3406 5592 Κύριος
3425 5569 3440 5592 ,

1482 5658 1486 5663 ’
1522 5641 1844 5698 SCIIUIZII
1869 5632 2103 5694 ΝυΉΕο

248 5784 269 5814 ‘
300 5783 490 5836 Libris.
532 5779 696 5841 Oud,
721 5780 757 5834 1.
785 5795 857 5842 c.,

888 5795 940 5848 p.
981 5779 1131 5842 ιιι-ι,
1162 5778 1328 5848 habet
1356 5777 1540 5848 tituiis.

184 5850 429 5924 dialogos
464 5851 729 5906 tribuunt.

1654 5779 1696 5808 ”
1721 5777 1968 5832 Potiores
2003 5781 2202 5831 tamen,
2237 5784 2289 5838 p.
2334 5769 2457 5835 715,
2514 5766 2647 5822 dicit
2694 5765 2912 5819 codices
2949 5762 3041 5830 qui
3082 5759 3312 5815 Maximo
3346 5757 3446 5809 hos
3483 5836 3486 5838 Ἴ

816 5840 854 5881 ίί
882 5840 939 5904 In
984 5840 1129 5904 nolis
1173 5847 1237 5903 ad
1272 5856 1405 5902 tom.
1431 5847 1475 5902 ll
1500 5846 1736 5917 Operum
1782 5845 1955 5903 sancti
2003 5840 2304 5898 Athanasii.
