4224 6442
771 369 876 430 375
1617 376 1995 439 GARNERII
2036 381 2666 446 DISSERTATIONIS
2707 389 2764 448 II
2806 395 3212 460 APPENDIX.
3938 401 4050 465 376

766 483 1029 549 ostendit,
1072 486 1288 556 opinor,
1336 487 1627 543 manifeste
1687 504 1746 543 se
1808 488 2172 559 posteriOrem
2230 504 2352 545 esse
2386 496 2427 552 Λ
2459 505 2621 566 gente
2642 499 2856 557 vicibus
2883 506 3088 560 mentis
3110 507 3163 560 in
3188 507 3429 563 Christo.
3458 508 3600 575 Quin
3626 516 3682 563 et
3710 513 4051 567 convenien-

767 575 961 640 altero,
1009 575 1066 629 in
1093 592 1204 645 quo
1237 578 1303 631 de
1336 578 1904 635 consubstantialitate
1953 580 2077 634 Filii
2102 580 2350 649 disputa-

770 677 886 721 tum
926 666 1032 734 sit;
1091 668 1429 739 disputatum
1467 684 1600 725 vero
1625 680 1710 725 est
1741 674 1962 741 copiose
2007 672 2063 726 in
2104 679 2278 726 sexto.

839 772 927 826 Vl.
962 770 1270 828 Observare
1312 789 1477 843 porro
1518 773 1611 827 hic
1640 774 1796 845 juvat
1845 773 2222 829 Macedoniam
2256 788 2347 827 er-

770 879 918 918 rasse
947 879 1072 918 cum
1097 865 1248 928 Ario,
1281 881 1388 918 non
1429 875 1639 919 tantum
1677 866 1745 920 de
1780 864 2349 920 consubstantialitate

774 953 959 1017 Verbi,
999 955 1095 1008 sed
1139 956 1305 1008 etiam
1353 956 1421 1011 de
1472 959 1845 1027 assumptione
1886 960 2082 1013 animm
2123 978 2135 1012 :
2179 960 2349 1028 quod,

768 1054 971 1113 praeter
998 1045 1067 1099 Μ.
1097 1046 1459 1101 Mereatorem
1496 1064 1676 1111 nemo,
1704 1050 1855 1118 quod
1890 1051 2081 1112 sciam,
2106 1050 2211 1104 nisi
2236 1050 2351 1104 dia-

770 1134 877 1203 logi
925 1135 1155 1204 hujusce
1198 1146 1412 1199 auctor,
1458 1137 1707 1192 tradidit.
1751 1138 1927 1202 Adde,
1963 1137 2110 1208 quod
2161 1153 2351 1192 recen-

771 1226 941 1279 tiores
955 1224 1125 1280 Grmci
1148 1227 1327 1280 eidem
1348 1228 1561 1280 auctori
1584 1228 1802 1283 tertium
1819 1228 2093 1297 dialogum
2110 1237 2354 1282 sextum-

770 1332 876 1385 que
915 1316 1179 1370 tribuant.
1216 1318 1294 1371 Ita
1320 1318 1561 1373 Joannes
1590 1320 1857 1374 Vcccbus.

841 1428 953 1482 γυ.
986 1428 1107 1483 Jam
1139 1444 1293 1495 vero,
1328 1430 1473 1499 quod
1508 1432 1727 1485 tertium
1752 1428 1957 1493 est,‘de
1986 1429 2204 1484 duobus
2230 1429 2349 1484 dia-

769 1520 912 1589 logis
941 1521 1205 1575 adversus
1226 1522 1647 1591 Apollinarium,
1671 1524 1765 1593 qui
1795 1532 2023 1593 quartus
2047 1530 2102 1576 et
2128 1522 2353 1592 quintus

772 1614 828 1665 in
880 1613 1043 1667 editis
1094 1615 1253 1668 libris
1308 1624 1692 1677 numerantur,
1740 1632 1835 1671 eos
1879 1631 2077 1685 nempe
2128 1615 2349 1669 unicum

772 1704 974 1758 habere
1029 1714 1348 1769 auctorem,
1389 1705 1535 1760 facili
1585 1706 1804 1775 negotio
1851 1706 2160 1760 conficitur.
2215 1705 2351 1759 Nam

769 1794 786 1813 ‘
811 1792 1038 1861 quintus
1073 1793 1255 1862 quarti
1297 1793 1571 1848 absolutio
1609 1803 1713 1849 est.
1760 1794 2044 1864 Siquidem
2076 1804 2136 1849 ut
2176 1794 2231 1847 in
2266 1810 2352 1849 se-

769 1883 951 1937 cundo
978 1882 1142 1946 Aetii,
1173 1884 1257 1937 sie
1283 1882 1337 1937 in
1364 1886 1558 1953 quinto
1581 1884 1910 1955 Apollinaris
1932 1886 2173 1939 rationes
2201 1886 2351 1955 sigil-

770 1974 924 2028 latim
952 1982 1008 2029 et
1039 1985 1422 2046 proponuntur
1453 1988 1508 2031 et
1543 1978 1851 2032 solvuntur.
1881 1976 2088 2032 Deinde
2118 1992 2349 2032 concors

770 2074 854 2121 est
899 2068 1187 2136 utriusque
1234 2067 1522 2133 doctrina,
1573 2069 1684 2122 imo
1727 2068 1951 2135 eadem,
1998 2068 2193 2123 iisdem
2234 2068 2349 2124 fere

770 2159 953 2214 verbis
980 2160 1247 2228 exposita,
1274 2159 1420 2214 idem
1448 2160 1735 2217 manifeste
1765 2162 1957 2232 stylus.

840 2273 977 2327 Vill.
1036 2275 1382 2329 Postremum
1444 2275 1517 2329 ita
1573 2276 1941 2329 concluditur.
1994 2277 2236 2330 Primum
2296 2286 2350 2332 et

772 2371 983 2418 sextum
1005 2363 1278 2434 dialogum
1304 2364 1551 2435 ejusdem
1577 2380 1696 2420 esse
1721 2366 1983 2431 auctoris,
2012 2366 2352 2422 demonstrat

771 2456 1016 2510 insolens
1065 2457 1339 2525 quoddam
1382 2458 1448 2511 de
1492 2458 1683 2523 Petro’,
1728 2457 1897 2514 Paulo
1952 2474 2016 2514 ac
2061 2459 2351 2515 Timotheo

769 2545 1000 2610 dictum,
1031 2547 1191 2616 quasi
1220 2563 1330 2601 non
1368 2548 1481 2602 sint
1519 2557 1632 2603 tres
1668 2549 1939 2613 homines,
1972 2549 2066 2604 sed
2102 2558 2212 2605 tres
2246 2550 2351 2605 hu-

769 2640 1048 2693 manitatis
1071 2640 1235 2693 unius
1258 2640 1596 2709 bypostases.
1620 2640 1755 2694 Nam
1790 2642 1846 2695 in
1876 2650 2110 2712 utroque
2137 2641 2352 2711 dialogo

771 2734 965 2788 iisdem
994 2732 1108 2789 fere
1139 2734 1326 2787 verbis
1362 2733 1655 2803 exponitur
1680 2753 1694 2786 ι
1721 2744 1777 2789 et
1807 2733 1861 2787 in
1896 2735 2074 2804 primo
2105 2734 2350 2804 quidem,

770 2825 1039 2894 quaerenti
1080 2825 1368 2889 Anomteo,
1402 2826 1679 2896 quomodo
1721 2826 2002 2883 diceretur
2045 2828 2113 2882 ab
2152 2826 2353 2883 Ortho-

771 2916 914 2969 doxo
959 2934 978 2966 ι
1013 2932 1118 2970 una
1152 2915 1434 2981 divinitas,
1464 2924 1522 2971 et
1556 2926 1664 2971 tres
1695 2917 2041 2988 hypostases;
2083 2937 2101 2968 ε
2130 2934 2357 2987 respon-

770 3007 862 3059 det
888 3003 1236 3063 Orthodoxus
1264 3025 1277 3060 :
1311 3027 1327 3057 ι
1361 3008 1431 3064 Ut
1470 3010 1782 3073 suntPetri,
1808 3021 1863 3065 et
1884 3008 2059 3075 Pauli,
2090 3018 2145 3065 et
2173 3010 2357 3065 Timo-

773 3100 886 3153 thei
924 3108 1035 3154 tres
1065 3100 1404 3170 hypostases,
1439 3112 1494 3155 et
1534 3118 1641 3156 una
1685 3102 2016 3156 immanitas.
2053 3122 2071 3153 ι
2112 3103 2305 3156 Anom.
2338 3119 2352 3156 :

780 3210 797 3240 ι
833 3190 973 3261 Ergo
1005 3199 1118 3244 tres
1147 3199 1275 3245 sunt
1301 3190 1400 3254 dii,
1424 3211 1439 3242 ι
1469 3200 1576 3245 etc.
1596 3192 1652 3245 ln
1684 3202 1838 3247 sexto
1867 3201 2070 3258 autem,
2091 3208 2216 3247 cum
2248 3193 2357 3247 Ma-

774 3282 1109 3337 cedonianus
1152 3285 1255 3337 tria
1293 3301 1457 3337 mium
1490 3284 1682 3338 diceret
1716 3285 1771 3338 in
1804 3285 2095 3350 Trinitate,
2155 3286 2356 3356 excipit

774 3374 1168 3428 Orthodoxus:
1206 3393 1223 3425 ι
1254 3375 1652 3446 llypostasibus
1691 3376 1792 3430 tria
1834 3387 1980 3440 sunt,
2014 3392 2123 3430 non
2162 3391 2352 3431 unum.

776 3466 986 3520 Maced.
1036 3486 1051 3517 ι
1090 3465 1376 3531 Quomodo
1424 3468 1591 3538 igitur
1633 3484 1797 3521 unam
1844 3467 1969 3522 dico
2014 3467 2301 3522 naturam?
2330 3487 2349 3519 ι

775 3556 1009 3612 Orthod.
1044 3577 1061 3609 ‹
1095 3545 1231 3623 Quia
1257 3559 1493 3614 etPater
1525 3567 1581 3613 et
1603 3560 1776 3614 Filius
1797 3571 1852 3615 et
1879 3559 2118 3629 Spiritus
2138 3570 2358 3615 sanctus

778 3649 975 3703 eodem
1013 3649 1173 3720 plane
1214 3650 1377 3704 modo
1423 3652 1889 3706 immortalitatem
1928 3653 2104 3707 Patris
2150 3652 2355 3707 habet:

779 3748 945 3809 atque
985 3751 1047 3794 ut
1086 3740 1302 3805 Petrus,
1333 3742 1534 3796 Paulus
1576 3752 1631 3797 et
1675 3743 1998 3799 Timotheus
2033 3745 2196 3799 unius
2232 3754 2359 3800 sunt

782 3840 1011 3896 naturae,
1052 3839 1109 3885 et
1155 3840 1265 3887 tres
1304 3832 1661 3904 hypostases,
1695 3834 1769 3888 ita
1808 3834 2022 3889 Patrem
2066 3842 2123 3889 et
2161 3834 2358 3889 Filium

780 3930 835 3975 et
859 3922 1125 3993 Spiritum
1164 3932 1413 3977 sanctum
1455 3933 1565 3979 tres
1596 3925 1917 3994 hypostases
1940 3925 2084 3989 dico,
2114 3934 2168 3980 et
2194 3942 2357 3983 unam

776 4027 1055 4079 naturam,
1086 4033 1103 4063 ι
1140 4024 1247 4068 etc.

853 4125 948 4179 IX.
981 4126 1188 4180 Deinde
1226 4128 1489 4196 parmmia
1522 4128 1835 4197 illa-primo
1865 4131 2217 4200 secundoque
2240 4130 2358 4185 dia-

782 4221 908 4290 logo
936 4229 1212 4288 usurpata,
1240 4218 1296 4273 Si
1331 4222 1487 4274 scires
1522 4221 1719 4275 donum
1758 4222 1875 4287 Dei,
1912 4223 2142 4277 aﬂertur
2175 4224 2359 4278 statim

786 4311 843 4364 in
873 4320 1048 4365 sexto.
1090 4311 1243 4366 Unus
1282 4313 1447 4381 igitur
1490 4322 1573 4366 est
1606 4313 1852 4383 quinque
1887 4314 2227 4385 dialogorum
2262 4331 2360 4369 au-

786 4414 925 4468 ctor,
962 4419 1214 4473 unusque
1251 4405 1467 4460 Arianae
1496 4414 1547 4459 et
1576 4406 1975 4461 Macedonianze
2007 4407 2233 4464 haeresis
2263 4408 2364 4463 im-

786 4503 1075 4565 pugnator.
1126 4495 1193 4548 Et
1234 4510 1369 4550 vero
1411 4512 1533 4565 qua:
1575 4496 1792 4567 dialogo
1825 4498 2006 4566 primo
2041 4498 2110 4552 de
2140 4513 2363 4568 proces-

787 4589 942 4642 sione
1001 4586 1242 4657 Spiritus
1295 4588 1467 4642 sancti
1522 4587 1691 4659 428
1736 4596 1792 4643 et
1844 4589 2121 4645 locutione
2170 4605 2281 4645 non
2332 4608 2361 4644 a

787 4679 1083 4747 semetipso
1124 4678 1405 4742 dicuntur,
1439 4679 1632 4734 eadem
1673 4679 1869 4736 iisdem
1909 4680 2023 4737 fere
2055 4682 2242 4737 verbis
2279 4698 2365 4737 re-

791 4777 1052 4839 petuntur
1092 4771 1147 4824 in
1192 4780 1365 4829 sexto.
1397 4770 1571 4835 Adde,
1606 4771 1755 4841 quod
1798 4773 1853 4827 in
1897 4774 2076 4842 primo
2108 4784 2165 4828 et
2203 4774 2365 4827 tertio

788 4862 1153 4931 exprobratur
1195 4862 1307 4917 Arii
1345 4863 1729 4927 sectatoribus,
1764 4864 1909 4932 quod
1951 4864 2249 4932 Epistolam
2296 4865 2364 4918 ad

790 4954 1047 5010 Hebraeos
1080 4955 1349 5023 rejiciant.
1393 4954 1647 5010 Infinitus
1688 4956 1812 5019 sim,
1852 4956 1897 5010 si
1939 4956 2151 5026 singula
2185 4972 2367 5025 perse-

790 5061 947 5114 quar.
998 5046 1205 5110 Nemo,
1254 5046 1351 5114 qui
1401 5047 1625 5115 legerit,
1667 5062 1779 5100 non
1824 5048 2023 5116 smpius
2070 5048 2370 5102 adverterit

789 5136 1203 5191 consonantiam
1244 5136 1608 5207 dialogorum,
1642 5138 1737 5207 qui
1781 5138 2044 5194 adversus
2074 5140 2369 5195 Anomteos

791 5238 847 5282 et
875 5228 1296 5284 Macedonianos
1328 5237 1476 5283 sunt.

860 5337 1062 5392 Verum
1107 5338 1265 5393 facile
1298 5354 1518 5408 quoque
1562 5351 1647 5395 est
1680 5342 1989 5411 perspicere
2029 5358 2243 5405 eorum,
2276 5345 2369 5414 qui

793 5436 985 5482 contra
1021 5429 1420 5498 Apollinarium
1459 5440 1607 5495 sunt,
1639 5447 1762 5486 cum
1802 5432 2207 5488 Macedonianis
2244 5450 2373 5488 con-

792 5520 1149 5576 venientiam.
1188 5521 1320 5579 Nam
1352 5522 1446 5592 qui
1484 5524 1681 5577 tertius
1713 5533 1903 5578 contra
1929 5526 2370 5590 Macedonianos,

796 5613 1001 5681 quique
1046 5614 1313 5681 septimus
1364 5614 1419 5667 in
1466 5615 1621 5669 libris
1662 5616 1825 5671 editis
1870 5630 2147 5683 censetur,
2187 5630 2373 5690 aperte

798 5702 1152 5755 consentiunt
1182 5718 1304 5756 cum
1338 5702 1555 5759 duobus
1589 5707 1642 5759 in
1670 5706 2066 5777 Apollinarium
2103 5710 2320 5780 scriptis
2359 5728 2369 5763 :

797 5792 989 5848 eadem
1029 5793 1176 5847 enim
1222 5796 1515 5867 utrobique
1552 5807 1633 5853 cst
1676 5798 1923 5856 doctrina
1949 5800 2015 5856 de
2042 5802 2220 5858 Verbo
2256 5803 2375 5860 fun-

2457 588 2530 643 tia
2569 589 2773 661 dialogi
2804 597 3067 662 postremi
3105 613 3232 653 eum
3264 599 3494 669 reliquis
3522 608 3716 655 eontra
3745 602 4049 657 Anomaaos

2456 678 2543 733 his
2568 696 2632 733 ex
2665 682 2856 738 verbis
2878 694 3047 754 patet,
3078 704 3108 741 a
3136 688 3342 757 quibus
3373 690 3590 745 initium
3628 682 3870 746 ducitur.
3899 691 4044 748 Cum

2455 771 2599 823 enim
2640 771 3063 830 Macedonianus
3094 777 3343 843 dixisset,
3379 779 3449 833 ab
3475 780 3797 835 orthodoxis
3820 781 3908 835 bis
3946 798 4045 837 er-

2457 862 2587 924 rari,
2614 864 2779 918 semel
2812 880 2937 919 cum
2969 867 3167 923 Filium
3198 870 3343 924 Patri
3381 872 3906 928 consubstantialem
3948 874 4043 927 di-

2455 961 2607 1014 cunt,
2644 954 2843 1009 iterum
2876 972 3000 1012 cum
3033 958 3315 1016 Christum
3360 972 3613 1018 asserunt
3658 966 3895 1019 animam
3936 966 4043 1019 ha-

2457 1042 2642 1097 buisse
2676 1063 2688 1097 :
2725 1047 3022 1115 respondet
3050 1049 3419 1115 Orthodoxus,
3456 1062 3754 1123 utrumque
3781 1055 4041 1125 religiose

2454 1135 2645 1199 asseri,
2679 1139 3051 1208 continuoque
3080 1142 3289 1196 crimen
3314 1143 3371 1197 in
3397 1143 3847 1200 Maeedonianum
3873 1161 4039 1217 rege-

2455 1224 2545 1275 rit.
2583 1243 2598 1273 ‹
2625 1224 2813 1293 Neque
2834 1243 2985 1291 vero,
3010 1227 3208 1298 inquit,
3226 1245 3481 1300 magnum
3504 1231 3763 1301 quiddam
3784 1243 4037 1303 praestas,

2453 1317 2531 1378 si,
2586 1324 2876 1385 postquam
2926 1320 3212 1389 negaveris
3259 1323 3818 1387 consubstantialem,
3868 1339 4041 1394 neges

2452 1407 2774 1462 animatum.
2808 1408 2866 1462 ld
2890 1410 3038 1463 enim
3064 1414 3347 1482 proprium
3374 1429 3588 1479 eorum,
3616 1416 3712 1484 qui
3734 1415 4036 1471 diversita-

2453 1507 2562 1553 tem
2608 1509 2665 1555 et
2705 1500 3209 1557 dissimilitudinem
3252 1505 3579 1575 substantiae
3621 1514 3897 1571 astruunt,
3977 1518 4043 1560 ut

2452 1590 2739 1658 patibilem
2801 1592 3079 1662 Unigeniti
3140 1595 3504 1650 substantiam
3542 1597 3778 1663 dicant,
3842 1614 4041 1653 carere

2453 1681 2634 1737 anima
2686 1684 2912 1749 dicunt,
2968 1694 3134 1755 atque
3196 1686 3325 1743 inde
3377 1688 3590 1743 exstitit
3641 1690 4042 1745 Anomceorum

2455 1772 2791 1843 ﬁgmentum.
2830 1795 2850 1826 ι
2894 1775 3043 1830 Idem
3060 1777 3228 1847 igitur
3264 1788 3349 1834 est
3398 1780 3644 1835 omnium
3687 1780 4040 1852 dialogorum

2380 1843 2425 1898 Β
2453 1866 2709 1935 scriptor.

2523 1957 2612 2012 XI.
2646 1960 2850 2014 Verum
2882 1976 2973 2017 res
3006 1970 3118 2016 tota
3156 1962 3359 2017 clarius
3388 1963 3684 2029 elueescet,
3708 1964 3754 2019 si
3778 1965 4043 2020 conside-

2452 2060 2605 2106 retur
2635 2052 3098 2124 methodus,qua3
3136 2055 3193 2108 in
3235 2054 3552 2110 refellendis
3582 2055 3886 2111 haeresibus
3919 2072 4041 2111 me-

2452 2145 2678 2199 moratis
2737 2153 3010 2199 servatur.
3062 2146 3198 2201 Nam
3244 2146 3424 2215 primo
3475 2147 3529 2200 vi
3584 2154 4041 2216 argumentorum

2452 2243 2745 2305 pugnatur,
2788 2235 2843 2289 in
2883 2250 3061 2304 eoque
3086 2236 3311 2306 ponitur
3346 2236 3500 2307 prior
3530 2235 3798 2307 dialogus.
3826 2236 4044 2291 Deinde

2452 2325 2778 2380 refelluntur
2807 2326 2864 2380 in
2898 2327 3228 2397 posteriore,
3253 2343 3375 2397 quae
3403 2328 3570 2399 vulgo
3598 2328 3825 2383 haeresis
3850 2329 4047 2385 defen-

2453 2434 2608 2475 sores
2655 2419 2938 2485 afferrent,
2970 2420 3279 2491 quibusque
3323 2420 3566 2477 solerent
3605 2422 4044 2492 simplicioribus

2455 2508 2723 2564 insidiari.
2775 2508 2865 2564 Sic
2907 2510 3122 2580 dialogo
3165 2512 3346 2580 primo
3386 2510 3686 2581 disputatio
3729 2511 4046 2566 instituitur

2454 2615 2578 2654 eum
2603 2600 2898 2667 Anomteo;
2927 2600 3173 2655 secundo
3199 2601 3423 2656 scholiis
3446 2603 3702 2657 Eunomii
3724 2611 3782 2658 et
3805 2604 4045 2672 singulis

2454 2690 2599 2744 Aetii
2642 2692 2873 2760 argutiis
2914 2692 3301 2760 respondetur.
3340 2691 3433 2746 Sic
3466 2692 3523 2746 in
3559 2692 3741 2763 primo
3774 2692 4045 2749 adversus

2457 2781 2881 2837 Macedonianos
2914 2783 3268 2853 impugnatur
3295 2783 3553 2851 haeresis;
3584 2786 3640 2839 in
3673 2785 3920 2841 secundo
3948 2801 4044 2841 sa-

2457 2871 2593 2925 tisilt
2620 2872 3020 2941 quaestionibus
3058 2873 3112 2926 in
3152 2873 3355 2928 scheda
3395 2875 3711 2944 propositis,
3743 2885 3800 2930 et
3832 2875 3887 2929 in
3921 2877 4045 2929 vul-

2458 2978 2559 3032 gus
2585 2962 2810 3032 sparsis.
2838 2961 2931 3017 Sic
2962 2962 3202 3033 denique
3238 2963 3295 3015 in
3323 2963 3506 3032 priore
3540 2973 3733 3018 contra
3760 2964 4049 3034 Apollina-

2460 3056 2600 3109 rium
2633 3070 2791 3111 mens
2822 3056 3060 3110 humana
3084 3054 3289 3111 Christi
3312 3056 3617 3111 rationibus
3635 3056 3944 3121 astruitur;
3985 3056 4045 3110 in

2383 3176 2427 3236 ο
2459 3147 2765 3216 posteriore
2809 3145 3132 3217 Apollinarii
3178 3148 3463 3218 praestigiae
3500 3147 3807 3202 diluuntur.
3850 3147 4047 3203 Unitas

2460 3240 2551 3292 illa
2587 3239 2832 3293 methodi
2880 3254 3051 3294 unum
3094 3254 3193 3309 per
3232 3256 3290 3296 se
3333 3241 3445 3294 sola
3481 3250 3764 3295 auctorem
3807 3240 4047 3295 suadere

2458 3340 2681 3400 potest:
2717 3345 2772 3384 at
2810 3332 3104 3401 conjuncta
3138 3348 3265 3387 cum
3309 3332 3433 3389 aliis
3473 3331 3717 3397 indiciis,
3758 3332 4045 3396 eumdem,

2457 3422 2565 3477 nisi
2594 3422 2775 3485 fallor,
2803 3422 3162 3478 demonstrat.

2528 3580 2671 3651 §IV.
2718 3581 2869 3646 Quod
2912 3597 3048 3635 unus
3088 3581 3181 3634 ille
3219 3589 3405 3635 auctor
3437 3583 3505 3636 sit
3543 3581 3680 3635 alius
3710 3598 3743 3634 α
3774 3596 3977 3650 magno

3090 3653 3405 3706 Athanasio.

2530 3799 2571 3852 l.
2605 3797 2760 3864 Quod
2790 3799 2834 3853 si
2864 3798 2957 3852 uni
2986 3798 3087 3852 soli
3114 3812 3307 3853 omnes
3334 3796 3534 3867 dialogi
3558 3796 3785 3851 attribui
3816 3794 4046 3860 debent,

2460 3897 2519 3942 ut
2542 3898 2689 3943 certe
2719 3889 2941 3950 debent,
2982 3890 3166 3942 nullus
3192 3904 3382 3943 eorum
3418 3888 3485 3943 ad
3513 3888 3873 3942 Athanasium
3914 3902 4048 3956 per-

2461 3981 2630 4045 tinet,
2677 3997 2803 4036 cum
2852 3990 3157 4052 repugnent
3201 3981 3514 4036 communia
3553 3980 3647 4034 illa
3688 3979 3790 4033 tria
3846 3980 4050 4049 κριτὴ-

2463 4090 2573 4143 ρια,
2611 4082 2846 4142 tempus,
2887 4072 3136 4126 doctrina
3174 4080 3231 4125 et
3272 4072 3461 4126 dictio.
3503 4070 3635 4137 Quae
3686 4070 3945 4140 quamvis
3987 4071 4047 4123 in

2461 4164 2841 4234 adjudicandis
2896 4164 3105 4218 auctori
3168 4164 3330 4218 alicui
3387 4162 3651 4233 operibus
3700 4161 4049 4232 probabilem

2462 4263 2674 4310 tantum
2721 4255 2927 4311 faciant
2972 4256 3376 4325 conjecturam,
3402 4255 3458 4308 in
3498 4252 3882 4325 abjudicandis
3921 4268 4051 4308 eer-

2464 4356 2571 4401 tam
2620 4349 2949 4403 sententiam
2978 4347 3217 4417 pariunt.

2535 4440 2600 4493 ll.
2635 4440 2812 4509 Atque
2843 4448 2907 4494 ut
2938 4454 2967 4493 a
3005 4449 3250 4509 tempore
3293 4439 3489 4494 ducam
3535 4439 3776 4504 initium,
3803 4437 3931 4492 inde
3970 4438 4053 4493 sic

2396 4534 2438 4588 D
2467 4540 2837 4599 argumentor.
2870 4530 3203 4585 Athanasius
3240 4546 3307 4583 ex
3344 4530 3449 4585 hac
3480 4531 3595 4584 vita
3627 4528 3866 4584 decessit
3902 4544 4055 4583 anno

2463 4620 2587 4674 571.
2617 4620 2849 4690 Scripsit
2885 4620 3051 4691 529
3087 4620 3429 4689 dialogorum
3469 4629 3664 4675 auctor
3694 4628 3815 4689 post
3842 4635 4054 4674 annum

2465 4711 2599 4774 581,
2650 4726 2760 4779 quo
2814 4725 2959 4764 anno
3010 4710 3247 4764 secunda
3296 4710 3536 4781 synodus
3575 4708 4055 4781 Constantinopoli

2467 4802 2652 4857 habita
2678 4811 2779 4856 est.
2822 4802 2973 4856 Alter
3005 4802 3171 4871 igitur
3194 4801 3261 4855 ab
3290 4803 3462 4855 altero
3487 4800 3739 4855 diversus
3766 4809 3869 4855 est.

2538 4895 2628 4949 lll.
2662 4894 2970 4962 Pr0positio
3006 4901 3157 4947 certa
3193 4901 3298 4957 est,
3327 4908 3451 4948 cum
3484 4894 3553 4948 de
3595 4903 3841 4964 tempore
3865 4895 4057 4951 obitus

2467 4985 2773 5049 Athanasii,
2809 4993 3074 5053 quantum
3118 4984 3226 5038 huc
3272 4983 3491 5051 sufficit,
3523 4995 3781 5039 constans
3823 4987 3895 5041 sit
3937 5001 4057 5040 om-

2469 5074 2620 5127 nium
2647 5073 2854 5143 Opinio.
2881 5074 2957 5128 De
2990 5074 3227 5127 triennio
3255 5073 3401 5127 enim
3436 5075 3553 5128 solo
3577 5075 3741 5144 vulgo
3766 5074 3906 5128 solet
3930 5090 4056 5130 esse

2470 5163 2719 5232 quaestio.
2762 5164 2893 5217 Nam
2936 5163 3191 5216 Petavius
3226 5164 3293 5216 ad
3333 5178 3537 5217 annum
3570 5164 3694 5226 571,
3725 5162 3817 5217 alii
3854 5163 3924 5217 ad
3964 5178 4056 5218 se-

2470 5260 2752 5322 quentem,
2788 5252 3037 5306 nonnulli
3074 5252 3239 5305 etiam
3274 5250 3343 5305 ad
3372 5251 3495 5316 575,
3530 5252 3792 5305 referunt.
3822 5251 4057 5305 Assum-

2473 5346 2587 5415 ptio
2618 5344 2742 5398 inde
2781 5343 3089 5398 conﬁcitur.
3117 5343 3508 5397 Macedoniano
3538 5343 3761 5400 Luciani
3793 5346 4058 5414 martyris

2474 5437 2638 5491 ﬁdem
2677 5451 2736 5491 se
2777 5442 2964 5490 tenere
2988 5442 3005 5455 ‘
3030 5434 3278 5505 jactanti,
3319 5434 3697 5503 quaerentique
3738 5434 3807 5486 ab
3846 5432 4058 5487 Ortho—

2474 5528 2616 5583 doxo
2661 5526 2943 5581 Niemnum
2976 5526 3296 5597 Symbolum
3329 5525 3650 5594 proﬁtente,
3689 5525 3821 5593 quid
3870 5534 4059 5580 tamen

2475 5621 2531 5676 in
2577 5620 2804 5674 Luciani
2847 5618 2954 5674 fide
2980 5618 3294 5683 damnaret;
3341 5617 3640 5687 respondet
3681 5615 4055 5679 Orlhodoxus,

2480 5714 2531 5767 id
2564 5728 2620 5767 se
2650 5713 2932 5775 damnare,
2967 5732 2984 5762 ι
3022 5711 3167 5781 quod
3211 5718 3402 5764 contra
3436 5710 3686 5781 martyris
3722 5710 4055 5763 sententiam

2478 5804 2722 5861 additum
2763 5803 2955 5860 fuisset
2995 5801 3222 5873 aliquid,
3256 5801 3418 5873 idque
3454 5817 3510 5857 se
3545 5801 3774 5872 probare
3805 5816 3989 5872 posse.
4030 5820 4049 5853 ι
