4224 6442
201 408 294 468 3Π
872 405 968 463 DE
1011 403 1362 463 DIALGGIS
1399 404 1564 462 ADV.
1613 404 1961 476 ARIANOS,
2001 406 2604 478 MACEDONIANOS,
2649 407 2805 467 ETC.
3363 407 3466 466 373

202 524 410 593 Excipit
439 523 897 581 Macedonianus:
933 541 949 572 ι
971 522 1050 575 An
1072 536 1182 574 non
1205 531 1263 576 et
1285 535 1383 574 vos
1406 520 1638 574 Nicaeus:
1657 519 1781 574 ﬁdei
1813 525 1858 580 Α
1885 531 1941 574 et
1985 521 2181 576 horum
2229 533 2526 577 sectatores
2570 542 2582 575 :
2623 522 2956 577 Athanasius
3001 532 3189 576 contra
3237 523 3466 578 Arianos

199 613 406 682 aliquid
449 613 769 682 adjecistis?
807 642 876 651 -—
916 611 1229 681 Adjecimus
1271 626 1424 671 sane,
1467 611 1646 678 inquit
1682 610 1784 664 Or-
1891 612 2058 680 ipsos.
2091 613 2289 680 vixque
2322 615 2461 666 Aetii
2486 614 2854 681 Eunomiique
2882 613 3090 680 uspiam
3129 615 3388 666 meminit.

201 704 500 767 thodoxus,
565 703 660 757 sed
719 719 828 756 non
890 703 993 772 ipsi
1028 702 1344 771 pugnantia.
1380 719 1399 751 ι
1439 701 1578 754 Tum
1615 701 1789 755 Μεσε-
1959 701 2251 770 Dialogista
2285 701 2658 756 Macedoniam
2705 711 3011 770 oppugnat,
3043 703 3189 754 velut
3221 704 3285 756 de
3328 705 3464 757 Filio

199 798 479 850 donianus
517 814 530 848 :
584 815 600 846 ι
639 796 836 864 Aliqua
885 793 1110 847 omnino
1155 793 1450 862 adjecistis.
1506 793 1580 845 Ea
1625 807 1784 854 sane,
1889 793 1981 845 Dei
2020 805 2208 860 aperte
2236 794 2562 847 sentientem
2607 809 2731 847 cum
2766 793 2926 847 Actio
2963 809 2976 845 :
3013 793 3340 850 Athanasius
3378 799 3460 851 vel

199 889 371 942 refert
401 887 777 949 Orthodoxus,
809 886 876 940 de
904 887 1104 955 quibus
1129 894 1258 939 tunc
1281 899 1388 938 non
1417 885 1783 953 quaerebatur,
1888 884 2190 937 Macedonii
2236 900 2433 938 nomen
2478 901 2744 952 nusquam
2791 894 3078 947 memorat,
3109 887 3194 940 vel
3233 904 3356 940 cum
3394 890 3460 944 de

198 987 244 1032 et
279 995 406 1046 qua:
435 995 586 1031 nunc
612 985 738 1031 sunt
768 993 796 1030 a
830 977 1084 1030 Patribus
1118 977 1204 1043 pie
1232 975 1522 1044 explicata.
1553 996 1568 1026 ι
1890 974 2027 1026 Filio
2057 989 2203 1028 recte
2234 977 2469 1029 sensisse
2508 976 2690 1038 docet,
2727 976 2771 1028 si
2815 977 3054 1031 secunda
3083 977 3151 1032 ad
3191 977 3458 1048 Spiridio-

260 1069 350 1121 IV.
396 1070 660 1136 Apertum
700 1074 804 1128 est,
836 1065 904 1118 de
951 1066 1018 1118 iis
1059 1066 1165 1132 agi,
1206 1080 1328 1133 quae
1356 1066 1423 1118 ad
1469 1065 1784 1135 Symbolum
1888 1081 2010 1118 nem
2044 1066 2271 1134 epistola
2307 1068 2543 1136 genuina
2568 1068 2660 1121 sit.

199 1159 488 1212 Niczenum
510 1157 1310 1226 ConstantinOpolitaniPatres
1332 1156 1786 1208 adversusMace-
1958 1156 2252 1225 Dialogista
2309 1158 2504 1225 saepius
2557 1158 2880 1226 Apollinarii
2945 1177 3140 1215 nomen
3206 1179 3460 1232 expresse

198 1249 351 1302 donii
391 1265 638 1302 errorem
677 1249 1030 1302 addiderunt.
1081 1247 1218 1300 Cum
1258 1246 1405 1304 enim
1445 1247 1498 1300 in
1541 1247 1786 1317 symbolo
1887 1248 2155 1313 appellat,
2206 1247 2485 1316 ipsiusque
2535 1266 2592 1302 se
2645 1250 3044 1306 confessionem
3094 1255 3287 1324 legisse
3333 1257 3450 1309 ait:

197 1338 347 1390 aliud
377 1339 518 1391 nihil
544 1339 611 1392 de
642 1338 852 1406 Spiritu
887 1346 1076 1391 sancto
1105 1345 1252 1391 esset
1287 1336 1524 1404 positum
1556 1352 1585 1389 a
1610 1337 1784 1390 Nicae-
1888 1335 2214 1392 Athanasius
2260 1339 2428 1392 semel
2475 1348 2702 1404 tantum,
2731 1343 2877 1410 quod
2923 1344 3113 1406 sciam,
3145 1354 3199 1398 et
3237 1347 3458 1414 quidem

197 1431 300 1493 nis,
333 1441 538 1499 praeter
570 1432 668 1483 has
697 1439 934 1498 quatuor
959 1444 1142 1492 voces,
1183 1429 1250 1481 Et
1283 1431 1337 1481 in
1370 1427 1630 1498 Spiritum
1661 1445 1787 1480 εαη-
1887 1429 2064 1482 obiter
2085 1430 2339 1498 appellat,
2373 1429 2429 1482 in
2451 1431 2681 1499 epistola
2706 1434 2918 1486 scilicet
2942 1434 3009 1486 ad
3039 1435 3457 1501 Antiochenscs',

194 1536 369 1587 ctum;
405 1525 616 1578 dictum
660 1525 793 1577 illud
837 1525 1058 1578 brevius
1094 1523 1268 1576 coacti
1310 1531 1439 1575 sunt
1469 1521 1784 1575 Constanti-
1887 1535 2012 1574 cum
2039 1521 2105 1573 de
2131 1521 2511 1576 Alexandrinae
2537 1523 2726 1593 synodi
2757 1525 3158 1594 Subscriptione
3184 1538 3388 1596 ageret.

196 1617 544 1686 nopolitani,
608 1627 835 1686 propter
885 1614 1447 1675 Pneumatomachos,
1510 1612 1785 1682 explicare
1959 1614 2252 1683 Dialogista
2304 1622 2412 1670 tres
2467 1616 2788 1685 hypostases
2841 1618 3125 1672 Trinitatis
3174 1621 3460 1676 manifeste

197 1708 296 1762 hac
327 1709 640 1770 additione,
679 1728 694 1758 ι
727 1708 794 1760 Ει
829 1707 883 1759 in
906 1707 1172 1776 Spiritum
1198 1716 1448 1760 sanctum
1470 1707 1782 1770 Dominum,
1887 1705 2039 1767 dicit,
2076 1721 2186 1774 quo
2227 1706 2374 1760 dicto
2418 1723 2476 1762 se
2515 1707 2922 1762 Antiochenum
2965 1709 3167 1776 prodit,
3203 1720 3262 1764 ut
3297 1727 3461 1766 nemo

195 1807 248 1853 et
295 1798 696 1861 viviﬁcantem,
733 1813 800 1851 ex
851 1798 1008 1851 Patre
1057 1798 1464 1867 procedentem,
1515 1798 1608 1866 qui
1659 1814 1784 1851 cum
1825 1868 1832 1869 ί
1885 1796 2136 1850 eruditus
2179 1798 2354 1850 nescit
2397 1815 2409 1850 :
2452 1798 2782 1851 Athanasius
2831 1808 2940 1851 tres
2988 1799 3308 1869 hypostases
3351 1818 3460 1856 non

196 1892 357 1946 Patre
407 1901 466 1946 et
517 1891 656 1944 Filio
693 1890 856 1944 simul
906 1889 1168 1943 adoratur
1203 1897 1258 1942 et
1298 1889 1654 1958 glorificatur,
1688 1890 1782 1957 qui
1821 1868 1857 1920 Β
1886 1885 2040 1947 dicit,
2071 1887 2166 1940 sed
2201 1903 2362 1940 unam
2389 1888 2672 1950 duntaxat,
2708 1888 2911 1956 quippe
2945 1868 3038 1957 qui
3068 1891 3461 1944 Alexandrino-

194 1986 415 2038 locutus
473 1992 559 2037 est
610 1998 708 2051 per
748 1991 968 2036 sanctos
1005 1981 1322 2051 pr0phetas.
1365 1999 1382 2030 ι
1436 1979 1648 2046 Quibus
1689 1998 1782 2035 sex
1887 1993 2006 2030 rum
2050 1993 2203 2031 more
2240 1978 2548 2048 hypostasis
2580 1979 2802 2033 nomine
2837 1981 2996 2047 φύσιν
3031 1997 3124 2034 seu
3159 1983 3344 2034 οὐσίαν
3378 1985 3462 2036 in-

194 2076 482 2129 attributis
505 2087 562 2129 et
585 2073 1208 2129 Pneumatomachorum
1236 2073 1459 2127 haresis
1481 2075 1782 2144 proscripta
1887 2067 2175 2136 tclligeret.
2219 2069 2350 2122 Vide
2397 2069 2685 2138 epistolam
2720 2069 2998 2125 Athanasii
3024 2073 3091 2126 ad
3126 2073 3462 2128 Antiochen-

192 2179 294 2232 cst,
323 2178 378 2222 et
405 2169 573 2222 simul
604 2175 811 2222 asserta
842 2166 1082 2236 Spiritus
1112 2165 1283 2218 sancti
1310 2165 1590 2229 divinitas,
1619 2175 1781 2235 atque
1884 2177 2003 2224 ses;
2039 2170 2096 2214 et
2132 2162 2418 2229 epistolam
2447 2162 2740 2216 Alexandri
2776 2164 2920 2233 apud
2958 2165 3362 2222 Theodoretum
3401 2167 3459 2224 in

193 2259 766 2313 consubstantialitas.
802 2257 1034 2326 Scripsit
1067 2257 1233 2327 igitur
1265 2267 1458 2312 auctor
1487 2259 1632 2311 tertii
1668 2259 1783 2313 dia-
1884 2251 2132 2304 historia.

195 2353 297 2420 logi
339 2361 470 2420 post
509 2351 775 2421 synodum
803 2366 860 2414 ιι,
896 2349 948 2403 id
977 2357 1081 2411 est,
1123 2359 1246 2418 post
1285 2366 1491 2404 annum
1525 2353 1649 2414 581,
1686 2352 1779 2420 qui
1955 2344 2242 2412 Dialogista
2285 2343 2413 2398 totis
2451 2345 2627 2399 tribus
2666 2344 2898 2416 dialogis
2931 2348 3148 2402 curiose
3181 2357 3357 2414 cavet,
3389 2366 3458 2406 ue

192 2444 468 2504 decimus,
495 2452 591 2496 aut
615 2442 806 2496 saltem
837 2448 1063 2495 octavus
1095 2440 1162 2494 ab
1190 2441 1342 2494 obitu
1367 2441 1672 2496 Athanasii,
1881 2434 1964 2487 vel
1992 2435 2186 2488 leviter
2212 2435 2416 2488 indicet
2445 2435 2678 2504 Spiritus
2713 2439 2888 2492 sancti
2922 2454 2951 2491 a
2985 2439 3123 2492 Filio
3153 2441 3459 2508 processio-

258 2535 318 2588 νς
351 2535 420 2588 Et
456 2543 609 2588 certe
640 2534 855 2604 dialogo
875 2535 1040 2588 tertio
1059 2541 1322 2602 sextoque
1343 2533 1491 2587 aliud
1512 2534 1624 2588 fere
1642 2536 1778 2588 nihil
1880 2542 2005 2579 nem
2042 2543 2054 2578 :
2085 2526 2416 2580 Athanasius
2445 2527 2709 2596 Spiritum
2733 2542 2980 2583 sanctum
3011 2546 3039 2582 a
3065 2530 3201 2584 Filio
3231 2531 3455 2594 habere.

192 2626 392 2694 agitur,
425 2641 592 2693 quam
623 2625 769 2695 quod
806 2624 1115 2679 rationibus
1150 2623 1597 2680 demonstremur
1631 2627 1780 2695 sign-
1879 2632 2221 2686 quaecunque
2269 2617 2452 2681 habet,
2492 2619 2800 2690 Filiumque
2840 2635 2959 2674 esse
3008 2619 3245 2690 Spiritus
3282 2624 3458 2677 sancti

190 2715 340 2768 latim
377 2716 474 2768 illa
504 2730 598 2769 sex
631 2731 661 2768 a
690 2714 1308 2783 Constantinopolitanis
1332 2715 1559 2784 Spiritui
1589 2727 1777 2770 sancto
1878 2708 2106 2772 Ῐυηῑθιιὶ,
2137 2725 2392 2777 expresse
2439 2709 2603 2764 lmdil
2645 2710 2795 2765 Oral-
2837 2712 2872 2764 2
2910 2711 3173 2766 adversus
3204 2712 3456 2778 Ατίδηοεν

191 2809 483 2868 attributa,
505 2822 616 2876 quo
635 2808 718 2860 vel
747 2821 857 2860 uno
877 2808 1146 2861 evertitur
1166 2807 1388 2870 invicte,
1414 2824 1533 2862 mea
1555 2811 1776 2877 quidem

1879 2799 1934 2851 in
1971 2799 2110 2852 libro
2136 2799 2202 2853 de
2229 2799 2436 2868 Spiritu
2470 2810 2658 2855 sancto
2690 2802 2757 2855 ad
2785 2803 3182 2871 Spiridionem,
3212 2805 3268 2856 in
3312 2805 3455 2858 libro

192 2899 504 2960 sententia,
553 2898 879 2953 recentioris
922 2897 1145 2953 Graecia:
1194 2897 1438 2970 dialogos
1481 2902 1779 2957 Athanasio
1879 2892 1946 2946 de
1997 2901 2194 2945 Italum
2246 2891 2482 2946 humana
2530 2902 2813 2963 ευδοθριει,
2868 2903 2923 2948 ει
2973 2897 3222 2950 Oratione
3268 2907 3456 2951 contra

192 2992 490 3045 tribuentis
520 2991 811 3061 judicium.
1877 2982 2121 3052 gregales
2148 2982 2392 3036 Sabellii.

259 3081 345 3134 Vl.
385 3079 649 3150 Oportuit
679 3081 844 3150 igitur
865 3081 1082 3137 amcos
1115 3083 1384 3139 homines,
1410 3099 1646 3152 quorum
1674 3101 1775 3139 ηο-
1948 3074 2241 3142 Dialogista
2280 3074 2516 3144 denique
2557 3076 3067 3144 Apollinaristarum
3107 3078 3325 3148 triginta
3355 3079 3458 3132 sol-

190 3175 336 3226 mina
366 3190 496 3226 mox
523 3173 791 3242 appellata
826 3184 973 3238 sunt,
1001 3182 1180 3244 neque
1204 3175 1622 3245 diligentissime
1652 3192 1775 3230 νει-
1805 3219 1845 3274 C

1805 3219 1845 3274 Ο
1879 3166 1957 3218 vit
1997 3166 2257 3234 argutias.
2309 3166 2639 3220 Athanasius
2691 3168 2934 3237 quinque
2988 3178 3232 3234 tantum,
3282 3178 3338 3224 et
3383 3170 3455 3224 ita

191 3274 334 3318 satos
380 3265 554 3318 fuisse
590 3265 644 3318 in
691 3266 806 3320 suis
843 3267 1163 3320 auctoribus
1204 3269 1569 3336 ρετιθεεηάίε,
1601 3285 1777 3338 neque
1807 3257 1845 3274 ν
1879 3257 2123 3328 quidem,
2164 3267 2220 3309 ut
2274 3273 2375 3311 nec
2425 3258 2617 3312 iisdem
2661 3259 2917 3313 omnibus
2970 3260 3318 3330 respondeat,
3354 3277 3456 3315 nec

189 3357 425 3410 multum
481 3356 729 3420 scivisse,
773 3372 914 3425 qu.:e,
949 3358 1148 3426 quibus
1201 3359 1558 3427 temporibus,
1605 3375 1778 3428 quave

849 3373 914 3420 .ze,
949 3358 1148 3426 quibus
1201 3359 1558 3427 temporibus,
1605 3375 1778 3428 quave
1881 3348 2073 3402 ίίδάενη
2106 3347 2299 3401 εοάεηι
2339 3348 2517 3402 "30(10-

189 3449 483 3501 occasione
515 3448 848 3516 quaestiones
877 3458 1036 3503 mota:
1067 3449 1195 3511 sint,
1224 3457 1278 3502 et
1311 3451 1498 3519 scripti
1534 3451 1600 3504 de
1632 3467 1778 3520 quaa-

1950 3439 2083 3493 Vlll.
2115 3438 2254 3504 Quid
2285 3441 2480 3508 plura?
2512 3442 2868 3497 Verissimum
2898 3442 3144 3512 profecto
3173 3456 3276 3509 est,
3307 3444 3452 3514 quod

187 3539 467 3592 stionibus
502 3538 652 3590 libri.
690 3539 1094 3593 lntellexissent
1137 3541 1380 3609 alioquin
1420 3544 1776 3609 quaestionem
1879 3531 2131 3584 Ρεωνίιιε
2179 3531 2474 3600 aliquando
2515 3534 2716 3598 aiebat.
2758 3550 2882 3589 cum
2936 3546 3152 3606 urgeret
3200 3536 3454 3591 insanum

189 3630 253 3683 de
291 3630 579 3698 ἁγεννήτῳ
623 3638 680 3682 et
725 3628 988 3698 γεννητῷ,
1021 3629 1301 3683 Athanasii
1332 3639 1510 3695 astate,
1542 3642 1636 3686 aut
1668 3650 1776 3689 non

1877 3623 2166 3691 quemdam
2198 3623 2480 3678 Athanasii
2516 3626 2946 3690 criminatorem,
2981 3629 3075 3696 qui
3112 3629 3452 3699 dialogorum

187 3721 487 3773 admodum
536 3727 762 3784 motam,
803 3727 895 3772 aut
942 3721 1256 3774 ventilatam
1305 3721 1601 3787 duntaxat,
1649 3741 1773 3780 cum
1879 3715 2192 3770 testimonio
2219 3717 2472 3770 utebatur
2499 3718 2563 3771 ad
2591 3718 2892 3774 faciendam
2918 3719 3248 3775 Arianorum
3279 3720 3456 3774 domi-

185 3812 437 3864 nondum
472 3810 736 3879 publicati
779 3817 966 3864 essent
1002 3810 1071 3862 ab
1105 3810 1376 3865 Eunomio
1417 3812 1559 3866 Aetii
1594 3814 1718 3868 libri
1757 3834 1771 3868 ε
1879 3807 1982 3859 tori
2014 3807 2228 3861 Arianae
2271 3808 2495 3862 haeresis
2527 3809 2808 3863 invidiam.
2844 3811 3203 3864 Verissimum
3236 3819 3341 3876 est,
3372 3812 3454 3865 in-

185 3904 450 3971 agitatam
477 3916 610 3955 vero
636 3902 981 3971 pugnaciter,
1015 3916 1137 3954 cum
1170 3903 1246 3955 illi
1277 3903 1378 3974 ipsi
1411 3904 1537 3958 libri
1572 3907 1772 3974 vulgati
1875 3914 2062 3966 quam,
2112 3918 2128 3948 ε
2172 3901 2470 3962 nemiuem,
2507 3902 2598 3969 qui
2640 3902 2654 3919 ⁶
2693 3901 3093 3971 dialogisticum
3143 3903 3274 3956 illud
3315 3918 3453 3971 opus

184 4003 342 4058 sunt;
390 3993 494 4045 hos
537 4000 718 4045 autem
763 3991 1102 4060 Epiphanius
1141 4008 1333 4048 recens
1368 3996 1546 4051 editos
1589 4000 1770 4060 tradit,
1876 3989 2088 4058 legerit.
2119 3998 2176 4043 ει
2215 3991 2269 4042 in
2309 3990 2414 4044 hoc
2449 3991 2626 4059 ipsum
2659 3991 2922 4046 doctrina:
2959 3993 3240 4061 paululum
3276 4008 3338 4045 ac
3365 3993 3456 4061 ju-

183 4101 292 4154 quo
324 4094 576 4151 tempore
605 4083 870 4136 adversus
897 4083 1189 4138 Anomwos
1218 4085 1492 4140 scribebat
1525 4104 1538 4140 :
1564 4089 1772 4144 scribe-
1875 4079 2005 4132 dicii
2035 4081 2348 4145 contulerit,
2374 4080 2628 4135 dubitare
2657 4097 2836 4150 posse,
2863 4084 3005 4152 quod
3033 4085 3312 4138 Athanasii
3345 4101 3451 4138 non

184 4177 276 4229 bat
312 4189 450 4228 vero
488 4189 633 4228 anno
661 4174 865 4229 Christi
903 4175 1026 4238 375,
1061 4185 1156 4230 aut
1187 4177 1351 4230 etiam
1386 4178 1508 4232 576.
1545 4180 1774 4236 Videtur
1874 4171 1946 4223 δῖι
1979 4169 2034 4223 Μ
2070 4178 2265 4233 imum»
2300 4171 2566 4240 (ιυίὼιυίά
2605 4184 2711 4238 es"
2743 4184 3140 4244 (ιυεηιυπιιιυε,
3175 4183 3230 4229 ει
3265 4176 3450 4245 cuius‘

182 4266 328 4320 enim
379 4275 496 4320 tres
543 4281 716 4320 annos
754 4267 810 4320 in
847 4266 1179 4320 elaborando
1406 4271 1637 4325 Panario
1672 4288 1771 4342 po-
1876 4261 2044 4314 modi.
2083 4281 2100 4311 ι
2145 4261 2502 4316 Vcrissimum
2534 4280 2774 4334 quoque,
2812 4265 2958 4334 quod
3005 4266 3149 4320 idem
3187 4266 3314 4319 alibi
3355 4264 3452 4318 oh-

182 4361 366 4413 suisse
401 4376 415 4412 :
445 4358 649 4428 quippe
679 4374 826 4422 cum,
859 4369 917 4413 ut
944 4368 1132 4413 censet
1160 4360 1432 4426 Petavius,
1477 4364 1767 4420 inchoave.
1874 4363 2074 4416 servat,
2102 4352 2396 4407 dictionem
2429 4355 2768 4425 dialogorum
2795 4357 2862 4410 ab
2891 4356 3258 4410 Athanasiana
3288 4354 3439 4425 53]

184 4452 254 4504 rit
302 4465 452 4502 anno
494 4449 737 4503 Valentis
778 4449 1088 4513 undecimo,
1125 4451 1217 4519 qui
1263 4451 1385 4516 574,
1421 4454 1768 4523 duodecimo,
1875 4443 2187 4498 inimitabili
2212 4445 2458 4498 oratione
2484 4447 2680 4499 mirum
2707 4458 2972 4516 quantum
2996 4447 3217 4502 dilIerre
3244 4447 3305 4500 ¹¹.

181 4544 273 4614 qui
307 4544 438 4605 575,
473 4541 539 4594 ad
569 4543 809 4595 medium
838 4543 1172 4611 pervenerit,
1202 4544 1294 4597 ubi
1326 4545 1590 4602 adversus
1615 4548 1771 4603 cam-
1801 4553 1845 4608 ι)
1940 4535 2029 4589 ιχ.
2071 4537 2117 4590 Α
2143 4536 2260 4590 viro
2293 4545 2399 4590 tam
2444 4537 2730 4607 insigniter
2761 4539 2979 4592 erudito
3006 4555 3114 4593 non
3152 4541 3279 4594 licet
3315 4542 3448 4595 mihi

183 4633 423 4702 phrygas
470 4631 732 4700 disputat.
784 4631 1012 4700 Oportet
1060 4632 1226 4702 igitur
1271 4634 1413 4688 Aetii
1457 4636 1765 4704 epistolam,
1877 4629 1933 4681 in
1973 4629 2075 4682 hac
2116 4637 2347 4698 utraque
2389 4630 2657 4683 sententia
2698 4630 2992 4684 dissentire
3027 4648 3038 4683 :
3074 4633 3326 4686 assentiri
3366 4643 3448 4685 ta-

182 4739 302 4792 qum
336 4722 558 4791 dialogo
603 4739 638 4775 ιι
678 4723 1049 4792 impugnatur,
1083 4723 1556 4794 Constantinopoli
1585 4729 1771 4799 vulga-
1881 4735 2005 4774 me"
2035 4735 2142 4773 11οη
2175 4737 2392 4788 POSSUm
2424 4721 2478 4774 in
2511 4735 2578 4773 00
2623 4721 2790 4790 ψιοά,
2823 4737 2943 4790 quae
2981 4723 3180 4790 scripta
3213 4723 3450 4777 Albana-

185 4822 291 4864 tam
326 4812 501 4865 fuisse
535 4827 677 4864 anno
709 4811 832 4874 572,
868 4819 964 4864 aut
993 4813 1118 4877 575,
1153 4813 1247 4880 qui
1281 4814 1420 4868 alter
1445 4825 1541 4868 aut
1571 4832 1766 4872 secun-
1874 4813 1958 4866 sio
1995 4813 2294 4882 abjudicat,
2337 4814 2570 4867 Maximo
2614 4815 2881 4868 monacho
2927 4815 3196 4878 attribuit,
3239 4815 3450 4868 Graeco-

183 4903 286 4955 dus
329 4902 402 4954 ab
450 4901 736 4955 Athanasii
786 4901 963 4966 obitu,
1007 4902 1052 4954 si
1101 4901 1513 4972 chronologiam
1560 4906 1769 4962 Petavii
1874 4920 2018 4965 rum,
2053 4913 2112 4957 ut
2141 4905 2236 4966 ait,
2288 4905 2554 4974 judicium
2587 4916 2826 4961 secutus.
2858 4907 3023 4974 Atqui
3052 4923 3150 4974 ego
3178 4908 3449 4961 contendo

185 4995 494 5061 sequimur.
1873 4996 2078 5048 nullius
2126 5011 2245 5049 esse
2299 4996 2558 5049 momenti
2596 4997 2699 5050 hac
2745 4997 2798 5049 in
2836 5007 2986 5064 parte
3014 4996 3322 5051 Graecorum
3359 5014 3445 5051 re-

252 5085 365 5138 V'll.
403 5085 582 5151 Atque
614 5084 728 5136 haac
756 5083 824 5137 de
859 5093 1136 5152 tempore;
1167 5084 1276 5152 jam
1300 5085 1368 5139 de
1389 5085 1658 5141 doctrina.
1692 5090 1767 5144 De
1871 5085 2180 5138 centiorum
2210 5087 2498 5156 judicium,
2527 5103 2651 5140 cum
2693 5096 2749 5140 et
2783 5088 2884 5156 ipsi
2920 5095 3160 5156 pugnent
3199 5090 3340 5140 inter
3367 5104 3444 5148 se,

184 5176 363 5229 tribus
407 5174 712 5227 hmresibus
745 5173 800 5226 in
834 5173 1064 5242 dialogis
1110 5175 1312 5243 agitur,
1348 5177 1566 5242 Ariana,
1598 5178 1771 5233 Mace—
1869 5178 2017 5246 quod
2064 5187 2223 5232 antea
2266 5179 2643 5245 ostendimus;
2691 5189 2746 5235 et
2790 5181 3256 5234 demonstratione
3305 5191 3447 5234 certa

183 5267 424 5320 doniana
456 5277 512 5319 et
551 5265 980 5333 Apollinariana.
1018 5265 1295 5322 Adversus
1333 5270 1578 5338 singulas
1612 5271 1770 5324 aliter
1869 5268 2246 5332 revincantur,
2297 5270 2443 5337 quod
2501 5287 2650 5326 nunc
2698 5273 3067 5340 prtestandum
3112 5291 3125 5326 :
3170 5273 3214 5325 si
3267 5282 3448 5324 tamen

183 5355 542 5410 Athanasius.
576 5354 736 5407 aliter
769 5354 1054 5423 dialogista
1089 5353 1350 5423 disputat.
1869 5363 2022 5430 prius
2049 5363 2345 5431 objectioni
2373 5379 2695 5433 responsum
2739 5365 2925 5425 fuerit,
2963 5381 3082 5434 qua:
3115 5380 3180 5417 ex
3213 5364 3446 5418 concilio

251 5446 554 5514 Dialogista
585 5452 790 5514 pugnat
830 5452 1019 5498 contra
1055 5446 1272 5499 Aetium
1304 5448 1762 5519 Eunomiumque,
1874 5452 2230 5507 Lateranensi
2262 5453 2364 5506 sub
2398 5452 2630 5507 Martino
2655 5454 2673 5506 Ι
2698 5455 2972 5508 celebrato
2996 5454 3177 5510 atferri
3208 5462 3403 5524 potest.

1518 5636 1832 5692 SCIIULZII
1872 5637 2102 5690 NOTAE.

262 5816 303 5846 "'
336 5815 494 5871 idem
525 5815 635 5873 fere
663 5824 745 5871 est
779 5827 1180 5888 argumentum,
1215 5834 1322 5887 quo
1355 5819 1435 5872 usi
1479 5828 1602 5872 sunt
1645 5821 1886 5875 editores
1939 5820 2142 5876 Bencd.
2199 5829 2237 5875 t.
2278 5822 2340 5886 ll,
2375 5821 2510 5890 Opp.
2543 5820 2761 5884 Athan,
2795 5834 2847 5888 p.
2887 5818 3008 5872 472.
