4224 6442
794 363 898 427 379

1664 366 2033 429 GARNEBII
2067 363 2701 427 DISSERTATIONIS
2743 363 2802 423 II
2833 366 3237 428 APPENDIX-

3960 360 4066 426 380

863 477 934 533 Χ.
980 477 1345 533 Adducuntur
1393 480 1446 534 in
1477 480 1786 536 Secretario
1820 498 1875 536 v.
1918 482 2231 537 testimonia
2272 481 2379 535 tria
2408 483 2452 539 A
2477 479 2708 548 jaceret,
2747 480 3035 551 ipsumque
3084 493 3288 535 nomen
3334 476 3451 534 fere
3492 476 3698 533 oblivio
3734 474 4068 532 delevisset?

789 572 1096 637 Athanasii,
1127 580 1182 626 et
1213 574 1436 628 tertium
1468 573 1691 643 quidem
1717 572 1823 629 hoc
1853 574 2015 629 titulo
2046 593 2058 628 :
2099 594 2118 626 ε
2156 574 2236 629 Ex
2258 587 2376 628 ser-

789 678 951 718 mone
983 663 1290 730 Athanasii,
1323 666 1417 735 qui
1456 681 1554 736 per
1590 666 1815 721 modum
1844 664 2291 735 interrogationis
2318 674 2376 719 et

789 756 1169 825 responsionis
1214 773 1337 812 cum
1373 758 1676 828 Apollinari
1720 759 1797 813 fit.
1828 778 1848 811 ι
1893 758 2030 826 Quis
2054 774 2199 813 vero
2229 759 2376 827 ejus-

788 845 937 899 modi
970 861 1149 902 sermo
1180 854 1265 901 est
1302 855 1502 917 prater
1531 848 1807 919 dialogum
1842 864 2012 903 unum
2050 847 2120 903 de
2154 847 2373 902 duobus

783 936 1055 992 adversus
1072 938 1508 1007 Apollinarium?
1532 940 1733 994 Verum
1758 947 1975 1009 oportet
2000 946 2097 994 aut
2118 938 2369 993 vitiosam

787 1043 907 1081 esse
937 1028 1279 1094 citationem,
1307 1039 1401 1083 aut
1430 1031 1598 1083 alium
1630 1029 1929 1101 dialogum,
1960 1045 2124 1100 quam
2157 1029 2252 1099 qui
2280 1044 2373 1099 ge-

786 1118 992 1173 nuinus
1027 1119 1288 1186 habetur,
1330 1120 1566 1175 laudari.
1597 1118 1730 1186 Qua:
1769 1121 1917 1175 enim
1957 1120 2267 1175 afferuntur
2303 1136 2370 1176 eo

786 1210 928 1275 loco,
956 1211 1010 1265 in
1053 1221 1253 1266 neutro
1295 1212 1681 1283 reperiuntur;
1728 1213 1840 1267 imo
1880 1228 1983 1267 nec
2014 1212 2071 1267 in
2111 1213 2367 1282 septimo,

784 1300 879 1369 qui
910 1301 1159 1355 nonnihil
1193 1302 1361 1357 habet
1403 1304 1746 1374 cognationis
1781 1320 1908 1359 cum
1943 1292 2069 1359 aliis
2104 1304 2323 1359 duobus
2352 1323 2364 1358 :

781 1391 917 1459 quin
956 1393 1124 1447 etiam
1169 1395 1553 1449 testimonium
1595 1395 1921 1460 secundum,
1954 1396 2101 1465 quod
2140 1396 2370 1451 affertur

782 1481 887 1537 bac
933 1482 1338 1555 inscriptione:
1388 1506 1406 1538 ς
1442 1486 1703 1557 Ejusdem
1748 1486 1817 1542 de
1860 1503 2112 1542 sermone
2160 1490 2367 1560 majore

780 1583 973 1629 contra
1019 1576 1423 1645 Apollinarem,
1465 1578 1535 1633 de
1572 1578 1700 1642 fide,
1735 1599 1753 1629 ι
1802 1578 2007 1633 frustra
2048 1594 2264 1648 quaeras
2310 1580 2365 1633 in

778 1666 1131 1721 sermonibus
1158 1667 1338 1723 tribus
1367 1668 1633 1723 adversus
1658 1669 2079 1738 Apollinarium,
2100 1670 2195 1739 qui
2223 1669 2366 1725 inter

777 1767 947 1820 opera
986 1754 1271 1810 Athanasii
1312 1758 1595 1825 leguntur.
1629 1758 1786 1814 Unde
1814 1774 1923 1813 non
1953 1759 2244 1814 temeraria
2281 1760 2365 1814 in-

2476 569 2642 638 Atqui
2676 570 3018 640 temporibus
3042 569 3259 624 Maximi
3279 568 3363 623 ita
3392 584 3450 623 se
3481 583 3569 624 res
3592 566 3861 633 habebat;
3890 565 4068 623 altum

2474 656 2574 711 fuit
2612 657 2683 713 de
2718 658 3001 717 Anommis
3042 658 3358 725 silentium;
3408 658 3557 714 nulla
3598 658 3714 714 fere
3758 664 4062 721 manserat,

2475 750 2582 803 nisi
2625 749 2769 819 apud
2812 749 3149 805 eruditiores
3184 750 3418 821 aliquos,
3452 748 3749 814 memoria;
3787 756 3845 802 et
3881 746 4065 802 dialo-

2473 842 2614 911 gista
2643 842 3006 899 nihilominus
3035 842 3092 897 in
3135 842 3191 896 id
3226 858 3398 898 unum
3440 841 3674 914 dialogis
3727 839 3952 895 duobus
3983 838 4065 893 in-

2446 933 2729 997 cumbit:
2767 932 3040 1000 Quorsum
3092 932 3341 1003 epistolae
3394 932 3613 987 duobus
3659 938 3784 1002 post
3843 930 4065 987 szeculis

2472 1025 2892 1094 respondeatur,
2924 1042 2994 1082 ne
3036 1041 3137 1081 sua
3177 1026 3420 1082 novitate
3460 1024 3613 1080 fallat
3654 1022 4060 1096 imprudentes,

2470 1126 2527 1171 et
2557 1116 2683 1173 fidei
2713 1117 2947 1173 noceat?

2543 1209 2629 1265 Ν.
2669 1210 2916 1281 Denique
2958 1209 3174 1265 Maximi
3217 1218 3379 1265 aetate
3405 1209 3665 1280 vigebant
3702 1204 4060 1277 Monophysi-

2471 1309 2647 1356 tarum
2686 1312 2742 1356 et
2771 1302 3253 1358 Monothrlitarum
3286 1302 3524 1356 hasreses
3550 1300 3697 1361 duae,
3726 1313 3852 1370 qua:
3882 1297 4062 1352 amba:

2468 1394 2538 1449 ab
2561 1395 2902 1466 Eutychiana
2915 1405 3226 1466 propagata:
3248 1403 3399 1459 sunt,
3420 1409 3675 1465 quaeque,
3694 1402 3863 1463 prout
3876 1390 4061 1445 varios

2467 1485 2625 1556 quasi
2656 1499 2755 1555 per
2782 1485 3002 1540 canales
3031 1485 3383 1548 transierant,
3424 1483 3499 1537 ita
3543 1482 3819 1537 variorum
3862 1489 4061 1535 aucto-

2466 1594 2611 1642 rum,
2649 1593 2886 1648 quorum
2927 1578 3249 1635 notissimus
3288 1575 3548 1637 Severus,
3582 1574 3807 1629 nomina
3846 1572 4060 1628 sortita:

2464 1676 2644 1722 erant.
2672 1668 2951 1723 Adversus
2974 1676 3289 1738 utramque,
3315 1666 3409 1723 sed
3434 1663 3795 1735 posteriorem
3820 1677 4055 1733 praeser-

2468 1762 2586 1825 tim,
2627 1760 2757 1815 totis
2788 1760 2997 1815 viribus
3031 1758 3367 1829 depugnavit
3403 1758 3690 1821 Maximus,
3725 1752 4054 1826 pugnando-

776 1844 913 1898 cidit
958 1846 1145 1915 Opinio
1180 1865 1193 1901 :
1228 1849 1489 1918 primum,
1532 1851 1755 1906 nomine
1802 1850 2084 1907 Athanasii
2129 1852 2364 1922 proferri
2401 1853 2441 1909 Β
2469 1867 2576 1923 que
2605 1853 2928 1923 martyrium
2960 1852 3175 1907 illustre
3202 1850 3352 1907 fecit.

775 1952 945 2005 opera
981 1938 1211 1994 alterius
1232 1942 1545 2011 scriptoris;
1579 1942 1802 2009 deinde,
1838 1945 2209 1999 certissimum
2248 1960 2360 2001 non

772 2044 895 2083 esse
924 2030 994 2083 ab
1020 2029 1325 2086 Athanasio
1383 2033 1533 2088 aliud
1566 2034 1868 2106 quidquam
1903 2035 2167 2091 adversus
2196 2036 2360 2107 Apol-

772 2118 1031 2175 linarium
1056 2123 1326 2192 scriptum
1347 2122 1538 2184 fuisse.
1556 2140 1719 2194 quam
1743 2126 2030 2196 epistolam
2052 2125 2119 2181 ad
2143 2127 2358 2196 Epicte-

773 2221 910 2275 tum,
948 2223 1004 2268 et
1032 2229 1341 2270 sermonem
1364 2232 1533 2270 unum
1569 2216 1637 2271 de
1673 2218 1848 2273 tribus
1885 2233 2011 2272 mox
2048 2218 2352 2289 appellatis.

772 2304 876 2358 Sed
908 2306 1024 2360 haec
1055 2322 1154 2376 per
1186 2316 1561 2363 transennam.

770 2395 800 2467 ς
836 2398 898 2453 V.
934 2396 1086 2463 Quod
1114 2408 1301 2455 auctor
1321 2400 1655 2471 dialogorum
1679 2403 1747 2456 sit
1772 2402 2004 2457 diversus
2037 2419 2070 2457 a
2097 2402 2350 2459 Maximo.

838 2490 879 2544 Ι.
912 2489 1026 2545 Cur
1060 2506 1172 2545 non
1217 2492 1487 2547 assentiar
1529 2494 1585 2547 in
1629 2508 1717 2560 eo,
1757 2494 1905 2566 quod
1943 2494 2077 2561 dixi,
2108 2495 2350 2563 Petavio,

766 2583 908 2637 ratio
954 2590 1063 2645 est,
1109 2584 1281 2653 quod,
1318 2585 1425 2639 etsi
1474 2586 1711 2640 maxime
1759 2588 1940 2652 velim,
1986 2603 2100 2643 non
2147 2590 2350 2659 possim

765 2684 949 2729 tamen
972 2673 1262 2745 cogitando
1299 2676 1541 2745 assequi,
1576 2692 1697 2748 quae
1730 2694 1895 2734 causa
1922 2679 2101 2734 virum
2137 2682 2350 2752 perspi-

761 2766 1065 2822 cacissima:
1094 2768 1297 2822 mentis
1325 2776 1382 2822 et
1413 2769 1613 2824 eximie
1644 2770 1923 2825 eruditum
1958 2772 2258 2842 impulerit,
2292 2783 2352 2829 ut

762 2856 1040 2913 Demetrio
1084 2858 1365 2930 Cydonio,
1421 2861 1581 2932 cujus
1624 2863 1973 2932 potissimum
2024 2865 2349 2921 auctoritate

762 2950 1004 3016 ducitur,
1032 2952 1350 3007 adhibuerit
1380 2952 1564 3018 fidem,
1598 2953 1827 3019 homini,
1855 2955 1947 3024 qui
1980 2956 2219 3012 recentis
2246 2958 2345 3011 aevi

759 3054 866 3109 est,
898 3052 960 3098 ut
1005 3045 1099 3115 qui
1139 3044 1357 3100 decimo
1403 3046 1602 3115 quinto
1642 3048 1844 3101 saeculo
1878 3048 2109 3115 vixerit;
2140 3057 2197 3104 et
2227 3050 2344 3119 qui,

759 3146 821 3190 ut
864 3137 1093 3191 haberet
1134 3137 1258 3207 plus
1299 3136 1497 3200 :etatis,
1541 3136 1609 3191 de
1656 3138 1835 3208 primo
1880 3147 2089 3194 tantum
2129 3140 2346 3213 dialogo

2538 1943 2693 1999 Tunc
2724 1942 2986 2013 temporis
3014 1942 3290 2012 praecipua
3333 1942 3704 1998 contentionis
3743 1954 3909 1994 causa
3950 1937 4053 1992 fuit

2462 2036 2714 2091 Ecthesis
2757 2035 3026 2100 Heraclii,
3068 2044 3126 2092 et
3176 2036 3360 2106 Typus
3408 2034 3721 2092 Constantis
3767 2051 3781 2087 :
3822 2032 3945 2088 aliis
3980 2031 4053 2087 de

2460 2128 2811 2199 dogmatibus
2843 2129 2931 2183 vel
2962 2129 3275 2193 consensio,
3305 2129 3393 2183 vel
3422 2128 3725 2184 silentium.

2529 2217 2805 2283 Quorsum
2853 2217 3122 2273 Maximus
3166 2218 3444 2274 laboriose
3490 2234 3617 2274 cum
3664 2216 3949 2274 Anomt‘eis
3992 2224 4053 2270 et

2456 2310 2892 2376 Macedonianis,
2937 2311 3051 2366 imo
3095 2319 3154 2366 et
3196 2311 3629 2381 Apollinaristis,
3675 2309 4053 2380 disputasset?

2457 2402 2901 2474 quandoquidem
2929 2403 3319 2469 Monotheliue,
3347 2407 3364 2424 '
3388 2420 3425 2459 a
3453 2404 3658 2475 quibus
3688 2402 4052 2473 importunis-

2455 2494 2647 2549 simam
2707 2494 3136 2564 continuamque
3191 2496 3536 2551 vexationem
3598 2495 3934 2566 patiebatur,
3989 2501 4050 2548 et

2453 2586 2568 2640 Arii
2624 2588 2952 2657 impietatem
2997 2586 3073 2641 de
3114 2587 3300 2643 Verbo
3348 2587 3480 2653 Dei,
3521 2596 3578 2643 et
3622 2586 3926 2643 Macedonii
3975 2586 4048 2640 de

2453 2677 2661 2747 Spiritu
2713 2686 2905 2733 sancto
2959 2677 3363 2749 blasphemiam,
3399 2688 3457 2735 et
3488 2679 3811 2750 Apollinarii
3858 2697 4048 2733 amen-

2452 2770 2605 2832 tiam,
2639 2769 2750 2824 imo
2779 2780 2836 2825 et
2864 2770 3127 2841 Eutychis
3154 2770 3405 2825 delirium
3428 2772 3877 2827 exsecrabantur.
3911 2771 4048 2826 Pro-

2450 2860 2747 2916 ﬁtebantur
2767 2862 2915 2917 enim
2942 2852 3469 2917 consubstantialem
3494 2862 3843 2926 Trinitatem,
3874 2862 4047 2917 duas-

2448 2967 2556 3021 que
2599 2953 2655 3006 in
2688 2952 2910 3008 Christo
2950 2961 3177 3008 naturas
3220 2954 3480 3025 integras,
3512 2955 3624 3009 imo
3654 2970 3755 3009 sua
3790 2954 4045 3025 singulas

2449 3054 2633 3101 mente
2657 3045 2916 3115 praeditas
2953 3045 3031 3100 ita
3057 3045 3444 3112 defendebant,
3478 3054 3541 3101 ut
3576 3048 3741 3102 etiam
3771 3062 3899 3102 cum
3926 3046 4041 3101 Ne-

2449 3137 2621 3193 storio
2669 3138 3019 3207 aliquatenus
3068 3139 3306 3197 sensisse
3358 3156 3389 3194 a
3437 3139 3646 3195 Joanne
3693 3146 3749 3193 et
3803 3138 4043 3193 Martino

758 3227 1042 3297 loquitur:
1068 3242 1193 3282 cum
1223 3235 1401 3283 tamen
1430 3228 1709 3284 secundus
1736 3230 1981 3300 ejusdem
2011 3246 2136 3286 cum
2165 3211 2345 3302 primo
2372 3211 2413 3267 ο
2448 3228 2677 3282 summis
2726 3227 3107 3296 pontiﬁcibus,
3162 3227 3391 3298 ipsoque
3440 3228 3675 3282 Maximo
3728 3226 4037 3293 monacho,

758 3317 830 3374 sil
860 3321 1126 3381 auctoris,
1155 3328 1461 3391 quartoquc
1503 3321 1802 3377 inclinante
1831 3324 2033 3378 saeculo
2061 3325 2227 3393 q‘uam
2268 3326 2346 3379 ci-

759 3413 990 3476 tissime,
1024 3413 1109 3468 vel
1144 3414 1338 3483 quinto
1380 3414 1619 3483 scriptus
1650 3414 1837 3477 fuerit,
1870 3414 1924 3468 id
1953 3414 2057 3481 est,
2090 3415 2345 3472 ducentis

756 3503 917 3559 annis
944 3513 1001 3558 et
1031 3486 1268 3573 amplius
1292 3513 1423 3559 ante
1453 3503 1669 3559 Maximi
1699 3503 1932 3559 obitum.
1959 3504 2016 3559 Id
2050 3515 2236 3562 autem
2268 3508 2342 3563 ita

756 3596 1050 3653 conﬁcitur
1083 3597 1149 3651 ".

824 3689 892 3744 11.
924 3688 1133 3760 Dialogi
1171 3689 1283 3745 duo
1318 3690 1536 3761 priores
1578 3703 1689 3743 non
1734 3690 1896 3761 longo
1932 3700 2056 3761 post
2094 3700 2341 3764 tempore

754 3781 1042 3852 compositi
1097 3790 1258 3845 sunt,
1307 3797 1471 3851 quam
1530 3782 1761 3852 quaestio
1821 3782 1890 3836 de
1946 3785 2225 3857 ἀγεννήτῳ
2284 3796 2341 3842 et

754 3872 997 3943 γεννητῷ
1019 3880 1337 3927 moveretur
1379 3872 1448 3925 ab
1476 3873 1634 3927 Aetio
1662 3890 1675 3926 :
1704 3858 1976 3943 siquidem
2001 3875 2340 3932 orthodoxus

753 3964 935 4029 Actio,
966 3964 1218 4033 querenti
1249 3978 1307 4018 se
1345 3980 1373 4018 a
1402 3964 1684 4018 Chronitis
1724 3966 2161 4033 persecutionem
2200 3969 2334 4037 pati,

750 4056 914 4127 5,32
953 4055 1251 4125 respondet
1294 4054 1349 4108 in
1389 4055 1505 4109 haec
1545 4054 1709 4109 verba
1748 4072 1761 4107 :
1805 4074 1823 4105 ί
1858 4054 2007 4121 Quos
2042 4056 2336 4113 Chronitas

752 4147 928 4203 dicis?
957 4146 1039 4200 An
1070 4141 1198 4210 eos,
1220 4145 1315 4215 qui
1350 4146 1461 4215 jam
1503 4145 1629 4199 inde
1672 4161 1702 4199 a
1746 4146 2088 4214 temporibus
2117 4157 2335 4217 aposto-

751 4240 873 4294 licis
901 4238 969 4293 ad
998 4238 1327 4293 hodiernum
1369 4252 1540 4307 usque
1576 4236 1722 4291 diem
1756 4236 1980 4291 laudant
2008 4238 2247 4305 Patrem,
2278 4249 2334 4295 et

751 4332 973 4397 Filium,
1006 4338 1063 4385 et
1091 4329 1356 4402 Spiritum
1388 4329 1678 4385 sanctum?
1703 4329 1783 4384 An
1814 4345 1929 4395 eos,
1961 4331 2053 4400 qui
2084 4332 2209 4401 χθὲς
2240 4332 2333 4386 καὶ

752 4425 1013 4494 σήμερυν,
1044 4422 1114 4477 ab
1143 4439 1253 4477 uno
1281 4423 1524 4477 alterove
1554 4421 1663 4486 die,
1701 4432 2096 4492 apparuerunt,
2130 4432 2186 4478 et
2216 4423 2330 4479 hae-

2446 3317 2785 3373 dicerentur.

2516 3409 2582 3463 ν.
2615 3408 2771 3475 Quod
2800 3410 2847 3464 si
2888 3409 3105 3463 Maximi
3146 3409 3511 3465 indubitatam
3559 3409 3869 3466 doctrinam
3905 3429 4037 3468 eum

2444 3499 2746 3570 dialogista:
2792 3501 3064 3556 sententia
3112 3500 3363 3557 conferre
3402 3501 3589 3567 libeat,
3627 3501 3682 3557 id
3721 3504 3868 3573 quod
3914 3505 4037 3575 agi-

2443 3606 2587 3655 mus,
2616 3590 2831 3647 facilius
2860 3590 3202 3646 conficietur.

2512 3682 2680 3737 Cavet
2724 3682 3033 3753 dialogista,
3078 3691 3140 3737 ut
3185 3684 3296 3754 jam
3339 3682 3477 3747 dixi,
3518 3684 3757 3749 curiose,
3802 3702 3874 3741 ne
3922 3703 4035 3757 qua

2442 3775 2649 3831 indicet
2684 3774 2949 3844 Spiritum
3006 3784 3255 3830 sanctum
3288 3791 3319 3830 a
3353 3776 3494 3830 Filio
3534 3777 3810 3832 ullatenus
3835 3792 4036 3848 proce-

2440 3865 2572 3921 dere
2604 3883 2617 3919 :
2651 3865 2704 3920 id
2729 3874 2917 3935 aperte
2944 3865 3213 3920 Maximus
3245 3866 3415 3921 tradit
3444 3867 3501 3921 in
3524 3867 3755 3938 epistola
3786 3869 3853 3923 ad
3880 3869 4032 3928 Mar-

2440 3958 2613 4013 tinum
2660 3957 3065 4028 presbyterum,
3100 3968 3267 4027 prout
3308 3959 3541 4015 affertur
3579 3960 3634 4014 in
3673 3961 4034 4019 collectaneis

2437 4048 2731 4106 Anastasii.

2503 4140 2666 4213 533
2718 4139 3010 4209 Dialogista
3060 4140 3227 4197 refert
3268 4144 3331 4208 ⁸⁸,
3374 4158 3433 4198 se
3465 4144 3664 4215 legisse
3696 4144 4027 4215 Apollinarii

2434 4233 2855 4295 confessionem,
2885 4231 2941 4285 in
2980 4247 3086 4301 qua
3125 4248 3325 4304 corpus
3354 4234 3571 4291 Domini
3602 4236 3776 4291 nostri
3811 4236 4030 4294 diceret

2432 4324 2717 4393 ὁμοούσιον
2763 4323 2952 4378 Ματὶω
2992 4340 3009 4377 :
3050 4323 3317 4381 Maximus
3365 4327 3421 4381 in
3472 4326 3848 4397 disputatione
3895 4346 4026 4385 cum

2433 4417 2641 4487 Pyrrho
2661 4415 3059 4485 Apollinarium
3083 4416 3159 4471 ait
3178 4418 3411 4473 abusum
3433 4435 3568 4476 voce
3590 4423 3746 4476 unius
3766 4422 4019 4477 uolunta-

749 4517 859 4572 ι’.ρεί
899 4515 1190 4570 laborant?
1230 4514 1325 4585 qui
1369 4524 1618 4569 sanctum
1664 4514 1841 4568 Patris
1870 4523 1926 4569 et
1959 4513 2080 4569 Filii
2128 4530 2328 4570 nomen

2449 4508 2535 4570 iis,
2568 4515 2631 4561 ut
2668 4505 2985 4562 ostenderet
3029 4522 3249 4563 carnem
3300 4510 3517 4565 Domini
3561 4526 3681 4567 esse
3728 4513 4020 4583 ὁμοούσιειν

749 4608 1253 4677 praetermiserunt.
1312 4606 1473 4676 eique
1515 4621 1573 4660 se
1622 4606 1955 4676 prmfcrunt,
2003 4608 2095 4677 qui
2142 4607 2332 4663 docuit

749 4700 1029 4769 baptizare
1070 4700 1127 4754 in
1173 4700 1394 4753 nomine
1446 4697 1650 4761 Patris,
1693 4705 1749 4752 et
1795 4697 1949 4763 Filii,
1992 4708 2047 4755 et
2094 4699 2333 4770 Spiritus

745 4792 943 4857 sancti,
982 4800 1145 4862 atque
1191 4792 1358 4847 etiam
1404 4791 1768 4862 sapientiores
1799 4807 1858 4847 se
1890 4800 2087 4863 putant
2112 4808 2201 4858 eo,
2233 4795 2329 4865 qui

744 4887 962 4941 Patrem
979 4885 1217 4949 Patrem,
1239 4900 1298 4939 se
1320 4884 1519 4939 Filium
1556 4898 1676 4939 esse
1709 4883 1952 4939 tradidit.
1992 4905 2011 4937 ι
2046 4884 2161 4952 Qua
2200 4902 2332 4943 vero

743 4976 869 5046 quis
914 4976 1127 5030 ratione
1174 4975 1241 5029 de
1294 4974 1611 5029 hominibus
1660 4982 1788 5029 ante
1835 4983 2110 5032 trecentos
2152 4992 2326 5033 annos

744 5068 950 5123 exortis
984 5069 1218 5137 (tantum
1262 5068 1410 5121 enim
1461 5066 1725 5136 temporis
1766 5065 1923 5121 fluxit
1954 5068 2024 5123 ab
2061 5067 2218 5125 Aetio
2254 5070 2322 5125 ad

744 5160 1061 5215 Maximum)
1104 5159 1307 5213 dixerit
1338 5174 1455 5221 eos,
1492 5158 1618 5227 χθὲς
1657 5158 1751 5210 καὶ
1795 5158 2055 5229 σήμερον,
2096 5159 2165 5214 ab
2209 5176 2321 5215 uno

743 5252 983 5307 alterove
1016 5251 1103 5305 die
1133 5250 1442 5305 exstitisse?

812 5339 902 5393 Ill.
945 5339 1152 5394 Deinde
1186 5340 1312 5409 quis
1353 5338 1587 5409 singulis
1618 5338 1759 5394 Aetii
1805 5340 2056 5409 argutiis,
2087 5356 2155 5395 ne
2190 5341 2324 5411 ipsis

742 5430 1065 5486 irretiantur
1126 5430 1349 5495 fideles,
1405 5430 1850 5500 respondendum
1911 5432 2127 5485 curiose
2191 5442 2323 5488 tunc

739 5531 916 5593 putet,
948 5539 1073 5579 cum
1107 5523 1335 5579 hmresis
1363 5524 1751 5579 Anomaaorum
1788 5524 2057 5579 exstincta
2096 5525 2321 5580 omnino

2438 4600 2619 4655 Verbo.

2502 4694 2797 4765 Dialogista
2837 4696 3089 4767 pluribus
3121 4710 3246 4751 cum
3288 4695 3555 4751 Ληουιωο
3588 4696 3865 4767 disputat;
3904 4698 4020 4756 imo

2430 4786 2675 4858 dialogos
2699 4788 2839 4843 duos
2864 4788 2979 4843 fere
3009 4788 3275 4858 integros,
3314 4787 3555 4858 primum
3589 4797 3647 4842 et
3686 4790 4019 4855 secundum,

2431 4879 2701 4950 impendit
2738 4880 2795 4934 in
2827 4879 3110 4935 tractanda
3142 4880 3466 4949 quaestione,
3498 4888 3684 4936 utrum
3720 4880 4024 4951 ἀγέννητον

2430 4982 2486 5027 et
2514 4972 2771 5043 γεννητόν
2800 4974 2912 5027 sint
2950 4972 3130 5025 οὐσία.
3174 4971 3458 5036 Maximus,
3486 4973 3637 5027 velut
3664 4972 3720 5027 in
3762 4972 4022 5029 confesso

2431 5065 2575 5135 apud
2607 5078 2818 5127 onmes,
2851 5063 3038 5127 sumit,
3080 5062 3380 5133 Ingenitum
3409 5070 3458 5117 et
3489 5063 3732 5119 Genitum
3758 5080 3864 5118 non
3907 5082 4024 5120 esse

2426 5158 2776 5212 substantiam
2803 5155 2930 5221 Dei;
2958 5155 3219 5225 additque
3252 5173 3266 5208 :
3297 5153 3425 5220 Qui:
3467 5157 3609 5210 enim
3639 5158 3735 5209 hoc
3760 5158 3908 5210 dicat
3938 5159 4021 5212 "?

2493 5250 2787 5319 Dialogista
2827 5248 2971 5303 inter
3003 5247 3391 5317 disputandum
3428 5262 3552 5303 cum
3582 5248 4015 5318 Apollinaristis,

2424 5357 2601 5411 neque
2633 5340 2896 5411 Eutychis
2933 5340 3204 5402 meminit,
3237 5356 3417 5410 neque
3447 5341 3873 5409 Acepbalorum,
3916 5358 4019 5398 ne-

2422 5449 2529 5505 que
2561 5432 2771 5497 Severi,
2807 5432 3149 5502 aliorumque
3191 5433 3495 5503 ejusmodi;
3545 5433 3657 5487 imo
3696 5448 3801 5489 nec
3842 5434 4015 5490 ullius

2424 5525 2617 5599 synodi
2640 5535 2999 5595 praeterquam
3033 5525 3241 5594 primae,
3271 5540 3393 5595 quae
3426 5524 3645 5581 Nicena
3676 5535 3781 5582 εει.
3810 5526 4015 5583 adver-

2086 5661 2407 5719 SCIlULZII
2445 5662 2674 5720 ΝΟΤιλΕ.

813 5774 859 5850 ξ³
892 5773 1017 5850 limo
1058 5783 1378 5850 argumenta
1417 5774 1670 5850 codicum
1720 5778 2045 5834 auctoritate
2096 5776 2486 5848 infringuntur.
2540 5788 2597 5833 ut
2666 5778 3029 5835 Combefisius
3061 5779 3330 5850 probavit.

740 5842 901 5915 epist.
944 5844 1010 5900 ad
1055 5842 1347 5917 Georgium
1397 5845 1671 5902 abbatem.

3426 5780 3468 5812 “
3503 5780 3640 5835 Dial.
3669 5780 3722 5836 4.
3804 5783 3846 5813 ¹³
3881 5780 4006 5839 Vid.
