4224 6442
178 402 270 465 381
854 402 952 461 DE
994 400 1347 460 DIALOGIS
1384 400 1550 459 ADV.
1587 397 1939 473 ARIANOS,
1982 402 2592 475 MACEDONIANOS,
2633 404 2792 463 ETC.

3358 403 3464 466 382

180 527 271 569 sus
311 512 532 575 Arium,
566 518 623 565 et
655 509 931 574 secunda,
972 525 1095 581 quae
1133 506 1737 577 Constantinopolitana
1758 548 1772 572 ,
1805 512 1849 568 Α
1880 518 2125 563 mentum
2156 521 2273 574 cst,
2318 511 2512 565 eadem
2557 509 2857 580 Scriptura:
2889 510 3202 565 testimonia
3223 550 3236 573 ,
3271 510 3460 565 eadem

180 604 447 659 adversus
468 602 848 657 Macedonium
880 618 894 655 :
924 601 1175 655 meminit
1197 600 1403 669 ubique
1435 600 1637 669 passim
1661 598 1771 653 Ma-

180 696 359 750 ximus
390 694 681 749 hominum
710 690 1009 763 ejusmodi,
1045 690 1515 762 synodorumque,
1548 691 1603 743 in
1642 689 1768 759 qui-

177 788 276 841 ltus
308 784 623 855 proscripta
654 792 739 840 est
775 782 1037 854 Eutychis
1071 781 1342 850 impietas.

244 875 547 946 Dialogista
596 877 786 945 jejuue
841 873 1135 927 admodum
1186 872 1255 926 de
1303 871 1470 925 Maria
1524 870 1772 941 Θεοτὸκῳ

177 968 447 1038 loquitur,
484 983 589 1021 nec
632 966 759 1020 aliis
797 964 910 1020 fere
956 964 1160 1028 verbis,
1208 979 1371 1033 quam
1408 962 1610 1031 quibus
1654 962 1772 1031 ipse

176 1060 473 1117 Nestorius
524 1074 633 1113 non
688 1058 938 1129 ingratiis
985 1066 1234 1111 uteretur
1282 1075 1294 1109 :
1345 1070 1469 1109 cum
1513 1056 1660 1110 enim
1704 1055 1771 1109 de

176 1163 338 1223 partu
371 1151 618 1221 Virginis
652 1150 903 1204 nonnihil
950 1149 1196 1213 dixisset,
1243 1146 1538 1217 exeipienti
1568 1148 1775 1217 Apolli-

177 1246 423 1308 naristaa,
458 1245 734 1299 Hominem
765 1246 929 1315 igitur
962 1242 1140 1296 Maria
1180 1243 1403 1313 genuit?
1433 1242 1727 1312 respondet
1756 1260 1769 1296 :

177 1338 249 1389 οὗ
274 1336 458 1405 ψιλὸν,
486 1336 620 1389 ἀλλά
662 1336 794 1389 Θεὸν
837 1335 1351 1406 ἐνανθρωπήσαντα.
1406 1334 1627 1405 Πρῶτον
1666 1334 1773 1405 γὰρ

177 1428 204 1478 ὀ
233 1426 446 1497 Κύριος
481 1428 598 1495 μετ’
622 1428 793 1496 αὐτῆς
820 1426 1039 1490 Θεῖκῶς,
1077 1426 1172 1479 καὶ
1201 1426 1321 1479 τότε
1346 1425 1404 1490 ἐξ
1433 1426 1601 1497 αὐτῆς
1633 1428 1775 1478 οἰκο-

178 1518 424 1585 νομικῶς
458 1519 672 1571 παιδίον
696 1535 709 1549 ·
758 1519 841 1571 διὸ
872 1518 966 1571 καὶ
996 1518 1259 1581 Θεοτόκος
1288 1520 1320 1587 ἠ
1361 1518 1569 1585 Μαρία.
1606 1536 1623 1568 ‹
1656 1517 1773 1571 Non

177 1608 427 1671 nudum,
482 1609 578 1663 sed
622 1609 794 1664 Deum
841 1608 1282 1663 inhumanatum.
1333 1607 1577 1661 Primum
1626 1606 1774 1661 enim

178 1714 301 1753 cum
329 1715 393 1754 ea
425 1700 693 1755 Dominus
717 1700 925 1765 divine,
961 1716 1029 1755 ex
1059 1700 1176 1770 ipsa
1204 1708 1392 1769 postea
1422 1699 1600 1753 infans
1623 1715 1774 1754 (eco-

179 1791 433 1857 nomim;
463 1791 699 1861 ideoque
729 1791 896 1845 Maria
931 1791 1161 1861 Deipara
1185 1800 1290 1844 est.
1328 1809 1346 1840 ι
1381 1789 1582 1844 Contra
1604 1790 1774 1844 Maxi-

179 1897 321 1944 mus,
356 1896 489 1935 eum
524 1897 722 1952 passus
749 1893 898 1939 esset
928 1882 1281 1946 calumniam,
1314 1882 1469 1952 quasi
1495 1883 1772 1953 Virginem

178 1989 285 2027 non
318 1974 540 2029 diceret
571 1974 884 2044 Deiparam,
928 1995 945 2026 ι
991 1974 1159 2029 missa
1198 1983 1469 2029 metantea
1510 1974 1769 2038 surrexit,

176 2075 229 2119 et
246 2066 498 2121 extensis
516 2067 573 2121 in
598 2068 797 2123 caelum
818 2066 1093 2130 manibus,
1112 2081 1236 2121 cum
1259 2066 1517 2137 lacrymis
1548 2066 1685 2119 dixit
1708 2084 1720 2119 :
1747 2086 1764 2118 ›

186 2179 201 2210 ι
238 2157 343 2225 Qui
387 2176 502 2215 non
533 2160 701 2223 dicit,
750 2160 1034 2214 Dominam
1071 2168 1316 2213 nostram
1361 2157 1773 2227 superlaudabi-

178 2251 307 2323 lem,
336 2252 745 2307 sanctissimam
768 2294 781 2315 ,
824 2254 1209 2306 intemeratam
1231 2293 1244 2315 ,
1284 2260 1341 2305 et
1382 2252 1532 2305 omni
1561 2259 1774 2307 naturae

180 2344 548 2399 iutellectuali
574 2345 966 2409 venerandam,
994 2344 1302 2398 naturalem
1342 2344 1609 2397 veraciter
1653 2359 1769 2397 ma-

178 2449 320 2494 trem
364 2438 471 2494 Dei
515 2438 790 2501 ell‘eetam,
837 2438 930 2509 qui
974 2438 1104 2494 fecit
1132 2437 1333 2493 ecelum
1368 2446 1424 2491 et
1455 2445 1679 2499 terram,
1718 2444 1774 2491 et

178 2546 351 2593 mare,
382 2538 445 2585 et
497 2530 683 2585 omnia
724 2544 846 2600 quae
879 2529 933 2582 in
975 2528 1057 2583 eis
1098 2536 1247 2591 sunt,
1283 2526 1354 2581 sit
1396 2527 1685 2580 anathema
1718 2536 1773 2581 et

179 2624 492 2677 eatathema
522 2639 552 2677 a
595 2623 754 2677 Patre
790 2631 847 2676 et
874 2622 1015 2675 Filio
1043 2631 1099 2675 et
1140 2619 1346 2690 Spiritu
1385 2629 1595 2683 sancto,
1642 2634 1773 2675 con-

180 2715 535 2769 substantiali
566 2723 622 2768 et
664 2712 1185 2783 supersubstantiali
1210 2710 1501 2773 Trinitate,
1534 2726 1597 2764 ac
1621 2712 1769 2764 oumi

180 2807 390 2863 celesti
420 2807 649 2870 virtute,
688 2817 854 2875 atque
890 2822 920 2860 a
950 2806 1122 2861 choro
1150 2814 1465 2859 sanctorum
1498 2802 1773 2871 apostolo-

181 2913 338 2959 rum,
392 2898 828 2968 prophetarum,
881 2905 938 2952 et
982 2896 1194 2950 inﬁnita
1248 2896 1405 2964 plebe
1457 2902 1772 2948 sanctorum

180 2998 508 3060 martyrum,
541 2989 802 3059 omnique
833 2988 1030 3058 spiritu
1061 2988 1117 3041 in
1135 2987 1346 3057 justitia
1367 2993 1767 3049 consummato,

179 3096 327 3137 nunc
349 3090 409 3135 et
441 3096 681 3152 semper,
711 3090 768 3134 et
798 3082 851 3134 in
886 3081 1084 3135 sarcula
1120 3079 1469 3134 seculorum.
1510 3077 1701 3131 Amen.
1742 3097 1761 3128 ι

251 3174 280 3244 §
317 3174 411 3229 Vl.
459 3171 609 3238 Quod
643 3173 990 3231 Tlteodoretus
1022 3173 1088 3224 sit
1119 3170 1453 3241 dialogorum
1493 3175 1696 3221 auctor.

245 3265 328 3320 Ex
353 3265 471 3326 his,
504 3280 624 3334 qua!
669 3263 935 3318 hactenus
981 3263 1127 3316 dicta
1176 3272 1325 3325 sunt,
1367 3260 1588 3313 videtur
1632 3257 1766 3312 mihi

177 3373 321 3413 unus
356 3358 454 3411 ille
492 3365 685 3410 auctor
718 3356 1061 3426 dialogorum
1104 3354 1308 3409 sensim
1343 3354 1462 3407 sine
1504 3367 1667 3406 sensu
1711 3367 1769 3406 se

178 3451 450 3521 prodere,
499 3448 789 3518 patefactis
836 3448 1089 3511 indiciis,
1140 3446 1346 3516 quibus
1397 3445 1766 3515 dignoscatur.

176 3542 367 3612 Neque
401 3540 553 3595 enim
586 3539 839 3594 diversus
866 3548 969 3602 est,
999 3554 1121 3594 mea
1150 3536 1373 3608 quidem
1417 3536 1707 3598 sententia,
1740 3551 1770 3589 a

178 3630 560 3693 Theodoreto,
593 3628 740 3698 quod
771 3644 879 3682 non
916 3630 1153 3682 obscure
1190 3628 1381 3681 videre
1414 3626 1646 3695 quisque
1677 3640 1773 3694 po-

179 3731 305 3785 test,
330 3722 379 3777 si
403 3721 572 3775 modo
592 3720 942 3775 collationem
966 3720 1312 3790 dialogistam
1347 3717 1490 3772 inter
1515 3725 1571 3771 et
1594 3716 1773 3769 Theo-

178 3813 463 3875 doretum,
495 3811 659 3883 434
702 3811 881 3881 quoad
914 3811 1220 3865 doctrinam
1253 3810 1467 3878 aliaque
1493 3808 1769 3878 adjuncta,

180 3906 439 3962 instituat
467 3923 479 3957 :
523 3905 773 3958 instituet
798 3918 932 3959 vero
963 3902 1248 3958 commode
1278 3909 1517 3971 quatuor
1548 3900 1726 3954 modis
1756 3917 1769 3954 :

178 3998 358 4067 primo
391 3996 451 4049 in
477 3995 778 4058 communi,
801 4003 855 4048 et
878 3993 1059 4063 quoad
1089 4007 1279 4047 omnes
1306 3992 1467 4045 simul
1488 3991 1734 4060 dialogos
1757 4008 1770 4043 :

177 4087 403 4152 deinde,
437 4087 619 4157 quoad
650 4088 864 4156 priores
896 4086 1056 4147 duos,
1096 4099 1222 4138 cum
1252 4083 1472 4138 Arianis
1512 4100 1527 4136 :
1560 4091 1770 4154 postea,

178 4179 359 4250 quoad
384 4188 500 4233 tres
519 4179 678 4240 alios,
703 4193 828 4233 cum
855 4176 1245 4232 Macedoniano
1272 4193 1284 4229 :
1311 4174 1571 4245 denique,
1594 4174 1773 4246 quoad

180 4273 451 4342 reliquos,
476 4287 602 4326 cum
629 4268 1037 4339 Apollinarista.

248 4362 564 4428 Antequam
599 4360 772 4413 lector
806 4356 1031 4412 accedat
1056 4356 1123 4411 ad
1148 4356 1479 4411 laboriosam
1504 4354 1773 4427 ejusmodi

181 4452 535 4507 collationem
556 4492 571 4514 ,
607 4450 852 4506 facturus
877 4458 992 4513 est,
1021 4450 1251 4519 opinor,
1283 4464 1466 4518 operae
1501 4448 1771 4518 pretium,

1872 600 2315 654 testimoniorum
2331 602 2621 671 expositio,
2640 600 2832 655 eadem
2850 602 3126 655 rationum
3148 610 3423 655 momenta
3447 620 3459 655 :

1872 693 2076 762 quibus
2100 694 2449 764 subjungitur
2475 709 2637 750 causa
2666 704 2777 749 tam
2814 702 3110 749 contracta:
3150 696 3461 765 argumenti

1873 784 2117 854 alioquin
2149 793 2258 839 tam
2286 784 2453 852 ampli
2490 785 2853 840 tractationis.
2880 785 2949 839 Et
2978 784 3031 838 in
3068 787 3313 840 secundo
3339 788 3463 856 qui-

1873 876 1997 932 dem
2029 878 2207 947 capite
2238 896 2251 931 :
2286 896 2305 929 ‹
2339 876 2445 931 Sed
2477 878 2545 931 de
2580 877 2663 931 Lis
2696 893 2797 932 nos
2825 878 2879 932 in
2922 878 3011 943 iis,
3042 894 3165 947 qua:
3197 879 3462 935 adversus

1872 969 2063 1024 Arium
2104 979 2160 1025 et
2199 969 2532 1025 Eunomium
2564 970 2908 1039 scripsimus,
2943 972 3167 1041 copiose
3198 972 3463 1026 disserui-

1874 1078 2014 1115 mus.
2050 1081 2067 1112 ι
2101 1062 2161 1115 ln
2190 1062 2354 1115 tertio
2380 1069 2563 1115 autem
2594 1078 2605 1113 :
2644 1079 2661 1111 ι
2692 1060 2908 1114 Etenim
2937 1060 3004 1115 de
3029 1061 3238 1131 Spiritu
3270 1071 3462 1117 sancto

1874 1153 2137 1208 adversus
2167 1153 2415 1222 ejusdem
2444 1157 2461 1174 ⁶
2490 1154 2664 1225 gratia
2695 1153 2991 1208 destitutos
3015 1153 3320 1217 haereticos,
3350 1164 3462 1210 tres

1874 1258 2093 1313 quoque
2136 1243 2311 1296 libros
2353 1243 2684 1313 conscripsi,
2733 1255 2790 1299 et
2836 1259 3303 1313 supervacaneum
3345 1246 3461 1299 exi-

1876 1334 2039 1387 stimo
2072 1348 2379 1387 sermonem
2413 1334 2520 1387 hoc
2554 1333 2676 1387 loco
2704 1333 3030 1402 producere.
3073 1352 3091 1384 ι
3127 1332 3249 1387 Νοη
3274 1334 3457 1396 video,

1875 1426 2009 1491 quid
2038 1426 2434 1481 consonantius
2467 1425 2575 1480 dici
2608 1433 2795 1495 queat,
2820 1424 2954 1495 quid
2989 1424 3227 1479 validius
3252 1423 3318 1478 ad
3343 1426 3463 1494 Opi-

1878 1520 2098 1574 nionem
2133 1518 2456 1574 ﬁrmandam
2500 1519 2722 1575 adduci.

1945 1612 2062 1667 Jam
2088 1627 2237 1675 vero,
2263 1627 2387 1666 cum
2415 1611 2617 1681 dialogi
2638 1610 2749 1665 duo
2774 1610 3040 1665 adversus
3060 1609 3459 1680 Apollinarium

1876 1705 2015 1758 nihil
2044 1703 2191 1758 aliud
2222 1704 2333 1758 sint
2363 1703 2592 1772 pariter,
2623 1717 2789 1772 quam
2811 1700 3013 1755 solutio
3035 1700 3457 1771 prmstigiarum.

1877 1797 1991 1851 sive
2038 1796 2459 1866 sophismatum,
2510 1795 2713 1865 quibus
2746 1792 3043 1848 haereticus
3075 1792 3167 1847 ille
3212 1790 3463 1847 tentabat

1878 1888 2275 1957 simpliciorum
2310 1887 2507 1941 animis
2536 1886 2768 1941 illudere
2814 1903 2827 1938 :
2869 1899 3105 1954 cumque
3145 1884 3463 1939 Theodore-

1878 1989 1967 2035 tus
2000 1986 2232 2033 testetur
2272 1993 2330 2033 se
2368 1976 2671 2049 pmstigias
2700 1976 3018 2047 Apollinarii
3044 1976 3247 2046 scripto
3277 1975 3460 2044 aliquo

1877 2070 2127 2136 solvisse,
2152 2080 2208 2125 et
2236 2070 2479 2135 easdem,
2506 2086 2572 2125 ex
2605 2069 2801 2124 eodem
2834 2068 2977 2124 libro
3010 2068 3335 2123 nominatim
3364 2083 3462 2136 ap-

1874 2164 2104 2233 pellato,
2153 2163 2207 2215 in
2249 2162 2500 2215 Eraniste
2547 2161 2743 2225 solvat,
2780 2176 2917 2230 quas
2957 2160 3013 2213 in
3040 2160 3319 2228 .dialogis,
3366 2158 3459 2213 ubi

1873 2257 2128 2311 eumdem
2167 2256 2370 2309 librum
2409 2254 2676 2319 nominat,
2705 2253 3067 2324 eamdemque
3104 2253 3162 2307 in
3205 2251 3457 2323 dialogis,

1872 2365 2037 2419 quam
2087 2350 2208 2403 aliis
2249 2349 2303 2402 in
2346 2348 2503 2412 locis,
2536 2347 2840 2403 doctrinam
2881 2346 2949 2401 de
2976 2345 3198 2401 Christo
3232 2344 3457 2400 tradat:

1876 2442 2235 2496 indubitabile
2293 2441 2536 2505 videtur,
2579 2456 2610 2494 a
2653 2439 3005 2496 Theodoreto
3048 2438 3294 2510 dialogos
3334 2437 3461 2493 illos

1875 2547 2065 2589 contra
2091 2533 2510 2603 Apollinarium,
2533 2542 2696 2601 atque
2722 2532 2860 2587 adeo
2882 2546 3076 2586 omnes
3101 2540 3311 2601 septem
3338 2545 3459 2584 esse

1874 2628 2229 2698 compositos,
2249 2626 2692 2697 quandoquidem
2714 2640 2855 2681 unus
2871 2635 2955 2680 est
2975 2624 3220 2680 omnium
3242 2631 3456 2684 auctor.

1875 2730 1933 2775 ut
1962 2728 2122 2775 antea
2146 2720 2458 2775 confectum
2484 2728 2587 2774 est.

1944 2812 2205 2866 Advertat
2234 2813 2442 2881 pariter
2475 2811 2541 2864 ad
2586 2808 2929 2873 mcthodum,
2973 2822 3096 2878 qua:
3121 2805 3313 2861 eadem
3344 2819 3461 2859 sen-

1874 2910 2033 2956 vatur
2068 2902 2123 2955 in
2157 2901 2390 2971 dialogis
2424 2899 2562 2963 istis,
2595 2916 2717 2969 quae
2750 2899 2804 2953 in
2839 2898 3070 2973 dialogis
3107 2897 3287 2951 tribus
3327 2896 3462 2950 Era-

1873 2996 2047 3049 nistaz.
2084 2995 2215 3049 Nam
2263 2993 2454 3047 eadem
2502 2992 2947 3062 colloquentibus
2986 2990 3239 3061 personis
3285 2989 3460 3057 impo-

1873 3096 2082 3140 nuntur
2125 3084 2369 3147 nomina,
2403 3083 2697 3138 haereticus
2727 3097 2925 3151 nempe
2968 3080 3052 3136 sui
3099 3078 3373 3141 nominis,
3403 3084 3459 3131 et

1798 3194 1840 3251 C
1871 3174 2211 3228 orthodoxus
2240 3192 2253 3227 :
2289 3190 2407 3243 quae
2428 3172 2722 3227 methodus
2741 3187 2850 3225 non
2878 3171 3097 3225 videtur
3126 3180 3253 3224 ante
3281 3167 3462 3222 Theo-

1869 3268 2124 3323 doretqu
2152 3277 2434 3338 usurpata.
2468 3266 2577 3321 Sed
2605 3266 2716 3337 jam
2744 3264 3081 3320 instituenda
3109 3261 3351 3317 collatio.

2400 3444 2563 3518 435
2597 3459 2847 3500 COLLATIO
2881 3460 2918 3498 ι.

1870 3579 2021 3634 Inter
2070 3579 2412 3650 dialogistam
2459 3586 2508 3632 et
2572 3577 2988 3650 Theodoretum,
3047 3576 3227 3647 quoad
3279 3591 3460 3631 omnes

2430 3648 2594 3703 simul
2633 3648 2894 3719 dialogos.

1944 3808 1983 3862 ι.
2024 3806 2256 3875 Scripsit
2277 3804 2567 3874 dialogista
2600 3802 2866 3857 adversus
2890 3810 3003 3855 tres
3028 3801 3286 3861 haereses,
3320 3799 3456 3863 Arii,

1875 3897 2175 3952 Macedonii
2220 3905 2276 3951 et
2307 3894 2653 3965 Apollinarii.
2684 3894 3066 3948 Theodoretus
3094 3894 3132 3923 ⁸⁷
3162 3910 3173 3944 :
3208 3911 3225 3943 ‹
3254 3891 3461 3961 Scripsi

1879 3990 2146 4045 adversus
2179 3988 2413 4043 Arianos
2453 4003 2515 4042 ac
2546 3986 2985 4049 Macedonianos,
3010 3993 3065 4039 et
3087 3994 3276 4039 contra
3297 3984 3463 4054 Apol-

1875 4082 2065 4135 linaris
2093 4080 2414 4151 praestigias.
2461 4097 2479 4130 ι
2512 4078 2772 4143 Advorte,
2801 4078 2994 4142 lector,
3023 4075 3220 4131 eodem
3262 4076 3459 4130 ordine

1876 4174 2077 4243 scripta
2123 4188 2220 4226 sua
2255 4170 2666 4225 Theodoretum
2712 4185 3022 4234 recensere,
3051 4183 3215 4239 quem
3256 4167 3459 4238 dialogi

1878 4266 2021 4319 inter
2054 4281 2111 4320 se
2142 4272 2382 4319 servant.

1946 4357 2011 4411 ll.
2068 4356 2202 4411 Tres
2245 4365 2375 4410 sunt
2422 4353 2688 4409 adversus
2740 4350 3163 4406 Macedonianos
3218 4347 3458 4418 dialogi,

1884 4450 2102 4512 tertius,
2142 4457 2329 4502 sextus
2367 4455 2425 4500 et
2458 4445 2743 4516 septimus.
2773 4442 3160 4497 Theodorctus
3193 4442 3235 4473 "
3266 4458 3279 4494 :
3317 4458 3335 4491 ι
3384 4438 3460 4493 De

182 4548 225 4600 si
254 4546 512 4600 advertat
550 4545 793 4598 animum
842 4543 909 4597 ad
970 4541 1494 4598 demonstrationem
1542 4540 1767 4595 manife-
1808 4550 1847 4604 ι)
1878 4540 2083 4611 Spiritu
2114 4548 2327 4603 sancto,
2362 4538 2629 4592 adversus
2670 4535 2843 4607 gratia
2874 4535 2992 4607 ejus
3025 4533 3317 4588 destitutos
3350 4530 3461 4584 ha:-

183 4646 318 4691 stam
347 4634 624 4697 veritatis,
652 4649 759 4702 qua
784 4632 852 4687 de
886 4631 1155 4701 agitur“;
1195 4631 1486 4699 ipsumque
1520 4627 1773 4685 Theodo-

183 4738 361 4783 retum
387 4725 460 4781 de
489 4727 651 4781 libris
674 4742 702 4780 a
726 4741 785 4781 se
813 4726 1057 4795 scriptis,
1082 4724 1300 4778 duobus
1324 4722 1547 4793 quidem
1576 4723 1772 4777 adver-

185 4835 279 4874 sus
304 4818 530 4874 Aetium
564 4827 621 4872 et
652 4818 1005 4881 Eunomium,
1034 4815 1213 4870 tribus
1235 4828 1368 4869 vero
1390 4822 1578 4868 contra
1600 4814 1775 4869 Mace-

185 4910 502 4973 donianos,,
538 4918 733 4964 testem
763 4908 971 4963 audiat.
1011 4907 1148 4962 Nam
1177 4914 1341 4974 caput
1371 4905 1673 4960 secundum
1718 4914 1774 4961 et

185 5004 413 5058 tertium
443 5002 571 5057 libri
599 5001 911 5055 divinorum
938 5000 1275 5070 dogmatum,
1302 4999 1396 5069 qui
1426 5000 1652 5069 quintus
1673 4998 1775 5053 Fa-

184 5096 437 5149 bularum
467 5094 855 5155 hmreticarum,
880 5106 1115 5160 quorum
1143 5092 1375 5146 alterum
1401 5091 1468 5146 de
1496 5091 1634 5145 Filio
1658 5092 1774 5157 Dei,

186 5188 424 5241 alterum
463 5186 533 5239 de
567 5185 774 5254 Spiritu
807 5193 1019 5248 sancto,
1054 5184 1191 5238 nihil
1230 5184 1409 5253 reipsa
1441 5190 1569 5237 sunt
1606 5183 1775 5248 aliud,

183 5294 347 5347 quam
378 5276 773 5346 compendiosa
803 5276 1052 5345 quaedam
1087 5275 1392 5329 contractio
1418 5290 1631 5340 eorum,
1659 5292 1778 5345 quae

185 5372 409 5440 prolixe
445 5371 502 5423 in
548 5368 779 5438 dialogis
817 5376 1142 5423 tractantur.
1178 5369 1326 5423 Idem
1372 5370 1573 5439 quippe
1618 5384 1779 5441 argu-

1880 4632 2098 4695 reticos,
2126 4641 2238 4686 tres
2266 4632 2438 4685 libros
2476 4630 2801 4699 conscripsi.
2838 4647 2856 4679 ›

1948 4724 2035 4779 lll.
2075 4723 2368 4794 Dialogista
2421 4722 2585 4777 solvit
2630 4721 2790 4776 libris
2831 4735 2927 4774 seu
2972 4716 3201 4786 dialogis
3243 4714 3461 4769 duobus

1878 4816 2248 4888 syllogismos,
2298 4814 2499 4883 quibus
2550 4813 2708 4883 quasi
2766 4810 3057 4882 praestigiis
3090 4806 3461 4878 Apollinarius

1878 4905 2223 4976 simplicibus
2256 4903 2538 4960 illudebat.
2586 4901 2969 4957 Theodoretus
3008 4901 3048 4928 "
3078 4915 3091 4949 :
3127 4917 3146 4947 ι
3186 4895 3461 4952 Adversus

1879 4997 2198 5069 Apollinarii
2228 4996 2528 5067 praestigias
2556 4995 2725 5049 libros
2748 4990 3050 5061 composui.
3082 5009 3100 5040 ι

1945 5092 2031 5147 ιγ.
2069 5090 2303 5162 Scripsit
2334 5088 2621 5159 dialogista
2663 5094 2788 5157 post
2835 5083 3130 5139 secundam
3163 5080 3457 5154 synodum,

1876 5202 1997 5256 quae
2027 5184 2213 5239 habita
2245 5198 2392 5237 anno
2421 5180 2546 5245 581,
2578 5186 2636 5235 et
2668 5188 2797 5233 ante
2833 5177 3070 5239 tertiam,
3105 5191 3225 5245 qua:
3261 5174 3459 5245 Ephesi

1877 5284 2064 5331 coacta
2093 5290 2239 5329 anno
2265 5273 2389 5327 451.
2427 5271 2810 5327 Theodoretus
2845 5269 2890 5299 ²⁰
2933 5286 2945 5320 :
2979 5287 2994 5317 ι
3039 5268 3315 5336 [ntegrum
3341 5273 3425 5317 est
3446 5304 3460 5323 ,

1876 5370 1965 5423 cui
2002 5368 2220 5421 animus
2251 5365 2419 5420 fuerit
2444 5363 2668 5435 antiqua
2693 5376 2813 5417 mea
2837 5373 3004 5430 opera
3034 5358 3310 5419 evolvere,
3346 5364 3459 5409 tum

1533 5526 1851 5584 SCIIULZII
1893 5528 2124 5583 NOTI.

257 5710 302 5741 ¹⁶
330 5710 445 5763 lloc
466 5716 848 5777 argumentum
905 5708 1038 5761 nihil
1095 5708 1295 5769 valere,
1354 5706 1457 5759 nisi
1500 5708 1749 5762 codicum
1801 5724 1931 5763 mss.
1990 5706 2277 5761 accesserit
2316 5701 2649 5777 auctoritas,_
2673 5700 2784 5769 jam
2822 5690 3460 5777 monuerunt'Editorcs

189 5780 393 5836 Bened.
430 5778 567 5847 Opp.
601 5777 906 5835 Athanasii.
945 5786 981 5830 t.
1016 5778 1078 5837 ll,

188 5851 421 5905 litudinc
451 5848 701 5917 petitum.
784 5850 819 5877 ετ
862 5848 979 5902 Vid.
1006 5859 1165 5917 epist.
1201 5849 1285 5903 8:2.

1123 5795 1174 5845 p.
1212 5758 1332 5832 ΗΞ.
1373 5758 1937 5847 tamenEgilbtiéﬁiti
1966 5758 3273 5847 estadargumentumavldcorumquorumdam
3307 5758 3459 5847 sitni-

1372 5848 1410 5876 "
1440 5847 1559 5902 ‘v'id.
1594 5845 1753 5903 lilifv
1796 5850 1936 5903 Uter.
1975 5847 2269 5915 Fai1.,rap.
2304 5845 2355 5898 5.

2434 5845 2474 5876 ¹⁹
2516 5841 2635 5897 Vid.
2664 5839 2823 5909 epist.
2858 5830 2949 5891 cit.
3031 5837 3073 5867 ¹⁰
3105 5833 3250 5888 Loco
3301 5830 3395 5884 cit.
