4224 6442
756 404 861 467 383

1562 403 1939 463 GARNERII
1980 401 2607 463 DISSERTATIONIS
2650 402 2706 462 ΙΙ
2751 398 3150 462 ΑΡΡΕΝΒΙΧ.

3916 400 4023 466 384

757 531 822 569 ea
852 529 970 584 quae
1016 521 1141 567 ante
1186 511 1453 583 synodum
1502 513 1865 583 Ephesinam,
1910 522 2025 567 tum
2068 527 2189 582 qua!
2222 518 2346 581 post
2374 516 2417 570 Α
2518 512 2583 566 ll.
2611 512 2833 582 Dialogo
2866 528 2880 564 ι
2909 510 3107 579 quzerit
3148 509 3468 569 Anomoeus,
3493 505 3586 560 ubi
3621 504 3883 574 scriptum
3917 509 4013 571 sit,

762 607 906 660 illam
956 619 1174 657 rursum
1220 612 1346 659 ante
1394 604 1682 659 duodecim
1727 620 1901 659 annos
1945 604 2159 673 scripsi.
2206 604 2337 670 Qua:

759 694 907 747 enim
953 693 1049 747 Dei
1090 694 1261 764 gratia
1295 703 1398 757 est,
1430 692 1810 764 et‘prophetas
1837 710 2028 748 omnes
2060 708 2339 749 commen-

762 782 917 837 tariis
948 784 1194 852 exposui,
1224 793 1278 839 et
1306 785 1651 851 Psalterium,
1677 794 1734 841 et
1768 786 2119 855 Apostolum;
2161 795 2217 841 et
2242 786 2339 840 ad-

760 888 956 928 versus
988 874 1218 929 Arianos
1256 890 1320 929 ac
1346 875 1783 941 Macedonianos,
1828 887 1883 931 et
1912 886 2102 932 contra
2135 877 2339 947 Apolli-

762 965 911 1019 naris
942 965 1266 1036 prazstigias,
1307 967 1625 1038 rabiemque
1665 969 1974 1034 Marcionis,
2007 969 2177 1024 libros
2205 970 2337 1024 olim

762 1069 1067 1124 composui.
1090 1077 1107 1107 ι
2198 1123 2203 1132 ι

831 1146 895 1200 γ.
932 1147 1221 1218 Dialogista
1252 1158 1380 1204 tunc
1402 1151 1641 1221 scripsit,
1670 1168 1793 1209 eum
1819 1152 2055 1208 haereses
2073 1152 2179 1207 illze
2202 1162 2335 1218 tres,

760 1249 898 1303 quas
926 1235 1068 1297 dixi,
1112 1236 1380 1305 vigerent.
1430 1239 1810 1296 Theodoretus
1851 1256 2132 1311 exponens
2178 1258 2338 1312 argu-

762 1332 1007 1379 mentum
1039 1326 1376 1397 singulorum
1402 1329 1644 1399 quinque
1673 1331 1938 1384 librorum
1966 1330 2035 1386 de
2064 1332 2337 1386 haereticis

759 1415 958 1471 fabulis
983 1434 997 1470 :
1033 1437 1050 1468 ι
1078 1417 1137 1472 ln
1162 1429 1359 1488 quarto
1386 1420 1722 1475 recentiores
1741 1420 1976 1475 haereses
1998 1421 2338 1477 demonstra-

761 1506 941 1560 bimus
971 1508 1038 1572 “,
1079 1509 1216 1573 Arii,
1267 1510 1519 1578 inquam,
1550 1519 1607 1566 et
1650 1512 1939 1578 Eunomii,
1972 1522 2028 1568 et
2068 1523 2338 1585 quotquot

760 1604 884 1663 post
913 1596 1036 1650 illos
1058 1607 1406 1652 emerserunt
1432 1615 1603 1669 usque
1625 1600 1693 1653 ad
1720 1601 1965 1655 ultimam
1987 1602 2148 1666 hanc,
2172 1619 2334 1672 quam

760 1686 1024 1741 Dominus
1056 1688 1351 1758 derepente
1388 1689 1637 1744 funditus
1660 1690 2002 1760 exstirpavit.
2042 1712 2058 1742 ι
2098 1693 2235 1747 Tum
2278 1694 2336 1748 in

759 1777 967 1847 syllaho
986 1780 1192 1842 Arium,
1216 1780 1580 1834 Macedoniam
1604 1791 1651 1835 et
1672 1780 2038 1852 Apollinarem
2065 1793 2332 1851 recenset,

759 1884 883 1922 cum
919 1870 1033 1923 suis
1068 1870 1312 1941 singulos
1339 1873 1606 1926 sectariis.

832 1962 919 2015 Vl.
966 1962 1043 2016 lta
1086 1974 1291 2033 pugnat
1324 1963 1609 2035 dialogista
1650 1981 1774 2021 cum
1816 1967 2057 2034 Arianis,
2089 1976 2150 2023 ut
2186 1968 2337 2024 Ano-

759 2066 932 2105 iuuios
965 2052 1305 2117 nominatim,
1340 2054 1840 2125 Anommorumque
1879 2065 2134 2126 parentes
2175 2058 2335 2123 duos,

758 2142 975 2195 Aetium
1002 2153 1059 2197 et
1089 2142 1417 2197 Eunomium
1450 2152 1618 2213 petat.
1647 2146 2047 2215 Theodoretus,
2074 2147 2171 2201 ubi
2208 2163 2338 2203 suos

758 2233 930 2287 libros
958 2234 1223 2298 nominat,
1253 2234 1363 2287 imo
1401 2242 1457 2289 et
1495 2252 1620 2290 cum
1654 2236 1918 2305 disputat,
1946 2238 2164 2291 Aetium
2200 2239 2339 2293 solet

759 2340 883 2377 cum
931 2324 1221 2388 Eunomio,
1260 2325 1492 2381 Arianos
1538 2342 1661 2381 cum
1708 2328 2065 2384 Eunomianis
2104 2332 2336 2401 conjun-

758 2429 908 2482 gere.
936 2414 1226 2469 lnnumera
1251 2416 1497 2485 exempla
1522 2426 1842 2487 suppetunt.

828 2505 940 2559 VII.
986 2506 1128 2572 Quid
1173 2507 1367 2576 plura?
1400 2508 1779 2563 Theodoretus
1814 2525 1873 2564 se
1915 2510 2049 2566 dicit
2077 2511 2337 2567 adversus

760 2598 1047 2653 haereticos
1070 2599 1193 2653 illos
1217 2600 1523 2670 scripsisse,
1555 2612 1746 2657 contra
1780 2619 1918 2673 quos
1952 2613 2081 2658 sunt
2110 2605 2334 2675 dialogi,

759 2695 817 2741 et
849 2688 1073 2743 totidem
1101 2689 1271 2744 libros
1300 2691 1605 2760 scripsisse,
1637 2700 1772 2762 quot
1804 2694 1861 2747 in
1889 2693 2118 2766 dialogis
2142 2697 2336 2767 legun-

761 2789 871 2845 tur,
896 2791 953 2837 et
982 2784 1190 2852 prolixe
1225 2792 1508 2852 tractasse,
1543 2802 1664 2856 qua:
1697 2788 1903 2857 prolixe
1947 2796 2251 2845 tractantur
2280 2792 2337 2847 in

759 2875 1009 2946 dialogis.
1042 2875 1173 2944 Quae
1217 2886 1447 2948 possunt
1487 2896 1609 2935 esse
1650 2890 1800 2937 certa
1842 2884 2171 2953 conjecturae
2214 2901 2335 2942 mo—

756 2977 964 3035 menta,
1005 2970 1111 3025 nisi
1152 2970 1268 3026 haec
1299 2972 1464 3026 sunt?

1369 3142 1621 3181 COLLATIO
1669 3142 1725 3180 ll.

762 3232 908 3287 Inter
952 3234 1290 3306 dialogislam
1330 3251 1378 3289 et
1421 3236 1829 3312 Theodoretum,
1882 3240 2058 3310 quoad
2101 3240 2337 3312 dialogos

1317 3314 1504 3359 contra
1538 3308 1783 3362 Arianos.

838 3440 877 3492 l.
914 3439 1227 3510 Dialogista,
1255 3442 1438 3496 statim
1465 3443 1625 3497 initio
1650 3443 1849 3516 dialogi
1879 3446 2040 3514 primi
2078 3446 2342 3502 adversus

764 3531 1110 3595 Anonueum,
1148 3533 1335 3585 renuit
1358 3533 1542 3588 dicere
1565 3544 1774 3603 aperte,
1800 3552 2140 3605 quaecunque
2168 3538 2341 3606 perti-

764 3630 899 3675 nent
929 3621 995 3675 ad
1031 3624 1309 3691 mysteria,
1341 3622 1446 3676 nisi
1470 3623 1623 3692 prius
1654 3626 1893 3688 noverit,
1924 3627 2012 3679 cui
2040 3627 2296 3696 loquatur
2325 3646 2339 3683 :

773 3732 790 3763 ι
819 3713 1045 3781 Aperire
1092 3713 1256 3784 436
1319 3730 1488 3778 vero,
1520 3716 1652 3784 quid
1719 3718 1790 3770 sit
1848 3715 2302 3773 Christianismus
2326 3761 2341 3784 ,

764 3820 874 3857 non
903 3804 1132 3873 perinde
1168 3814 1344 3859 tutum
1372 3814 1475 3869 est,
1502 3807 1608 3864 nisi
1649 3808 1991 3873 intellexero,
2019 3811 2143 3879 quis
2168 3811 2342 3866 inter-

765 3903 939 3965 roget,
968 3912 1037 3950 ne
1071 3896 1257 3950 videar
1279 3896 1410 3951 dare
1446 3905 1631 3952 sancta
1662 3898 1912 3962 canibus,
1949 3909 2004 3954 et
2027 3902 2345 3971 margaritas

766 3995 892 4040 ante
927 4002 1123 4055 porcos
1160 3987 1451 4056 projicere.
1486 3987 1545 4043 Si
1588 3989 1735 4043 enim
1775 4006 1862 4045 me
1906 3991 2247 4062 interroges,
2290 4002 2346 4049 et

766 4078 931 4131 simul
960 4079 1033 4133 sis
1059 4094 1202 4133 unus
1240 4080 1307 4135 de
1350 4078 1625 4143 fidelibus,
1653 4082 1890 4135 libenter
1913 4082 2058 4147 dico,
2086 4083 2207 4153 quis
2244 4100 2345 4155 ego

767 4168 891 4223 sim.
917 4167 1058 4235 Quid
1084 4186 1218 4224 vero
1242 4171 1333 4234 sit,
1360 4170 1576 4226 ﬁdelem
1604 4188 1747 4238 esse,
1781 4189 1889 4227 non
1918 4174 2063 4238 dico,
2100 4191 2171 4229 ne
2206 4176 2345 4231 forte

766 4259 990 4314 Judaeus
1011 4261 1086 4314 sis
1107 4268 1165 4314 tu
1193 4261 1287 4330 qui
1308 4249 1731 4333 meinterrogas.
1760 4282 1777 4315 ι
1815 4263 1870 4317 ld
1900 4265 2144 4321 solemne
2169 4266 2348 4321 Theo-

767 4349 961 4405 doreto
990 4350 1043 4405 in
1083 4351 1223 4405 Dial.
1259 4367 1295 4405 tt
1337 4352 1620 4409 Eranistaa.
1658 4352 1795 4408 Cum
1830 4369 2010 4410 sermo
2062 4358 2348 4413 incidisset

768 4440 837 4494 de
871 4441 1235 4506 Eucharistia,
1263 4443 1634 4514 interrogante
1660 4445 1912 4500 Eranista
1942 4448 1987 4478 "
2014 4464 2027 4500 :
2063 4466 2080 4497 ι
2112 4447 2217 4514 Qui
2250 4464 2346 4519 ap-

767 4534 941 4603 pellas
971 4533 1199 4599 donum,
1235 4534 1384 4605 quod
1412 4536 1662 4601 oﬂ‘ertur,
1697 4546 1825 4592 ante
1855 4538 2153 4594 sacerdotis
2183 4515 2341 4595 invo-
2377 4515 2419 4570 ί)

767 4627 1075 4681 eationem?
1113 4645 1131 4678 ι
1164 4627 1461 4697 respondet
1487 4628 1840 4685 Orthodoxus
1879 4647 1891 4684 :
1944 4650 1963 4682 ί
2009 4631 2210 4701 Aperte
2254 4634 2341 4687 di-

767 4717 1001 4771 cendum
1028 4734 1138 4773 non
1162 4729 1278 4784 est;
1304 4719 1600 4775 verisimile
1628 4728 1712 4773 est
1746 4721 1894 4773 enim
1915 4721 2105 4777 adesse
2131 4722 2344 4792 aliquos

767 4809 1044 4877 mysteriis
1081 4824 1190 4862 non
1223 4809 1485 4863 initiatos.
1516 4810 1583 4863 Et
1638 4810 1735 4865 lib.
1767 4827 1801 4864 v
1829 4810 2024 4865 eret.
2070 4813 2175 4881 fab.
2216 4830 2341 4869 cum

768 4908 955 4969 ageret
993 4899 1062 4954 de
1103 4899 1438 4969 baptismo"
1475 4918 1487 4952 :
1534 4919 1551 4950 ι
1580 4900 1705 4957 Haec
1748 4916 1849 4955 nos
1891 4901 1959 4955 de
1996 4903 2342 4960 sanctissimo

769 4990 1041 5060 baptismo
1070 4990 1274 5045 sentire
1300 4990 1489 5043 docuit
1513 4989 1733 5044 divinus
1753 4989 2069 5059 Apostolus,
2104 4996 2122 5015 ’
2148 4991 2263 5047 fore
2283 5000 2345 5047 ut

771 5080 972 5151 sepulti
991 5096 1114 5135 cum
1131 5079 1353 5135 Christo
1368 5080 1796 5134 resurrectionis
1821 5080 2119 5150 participes
2138 5082 2340 5149 simus;

772 5187 962 5226 verum
997 5171 1087 5225 hic
1116 5171 1288 5240 magis
1318 5170 1548 5241 mystico
1576 5185 1831 5224 sermone
1871 5186 2011 5240 opus
2038 5180 2156 5236 est,
2183 5191 2200 5223 υ
2234 5181 2342 5228 etc.

772 5262 838 5316 Et
854 5263 907 5315 in
920 5261 1222 5335 quastione
1236 5261 1331 5315 XV
1351 5260 1797 5330 superNumeros
1810 5259 1856 5293 ’δ
1878 5278 1892 5314 :
1919 5280 1938 5311 ι
1959 5260 2204 5318 Obscure
2221 5279 2345 5332 pro-

770 5364 894 5424 pter
926 5374 1032 5411 uon
1063 5356 1308 5411 initiatos
1355 5355 1681 5411 disserimus
1712 5356 1781 5410 de
1814 5355 2019 5410 divinis
2039 5358 2343 5429 mysteriis;

771 5444 857 5501 his
886 5462 1016 5501 vero
1043 5446 1269 5503 semotis
1317 5445 1562 5502 initiatos
1588 5455 1775 5517 aperte
1798 5446 2078 5502 docemus.
2110 5466 2127 5499 ο

2446 623 2464 655 ε
2486 602 2683 657 Filium
2703 617 2823 657 esse
2840 600 3071 671 ﬁguram
3090 597 3461 653 substantiam
3490 596 3803 666 Respondet
3816 594 4028 652 Ortho-

2438 694 2613 750 doxus
2633 711 2646 747 :
2672 713 2689 744 ι
2706 692 2863 762 Apud
2887 691 3196 762 apostolum
3215 688 3467 753 Paulum,
3486 690 3540 742 in
3562 688 3805 757 Epistula
3824 689 3891 743 ad
3916 690 4027 743 He-

2438 785 2633 840 braeos.
2656 805 2674 836 ι
2712 784 2931 855 Excipit
2945 783 3278 839 Anomteus:
3304 801 3322 833 ι
3339 782 3462 836 Νοιι
3477 780 3744 850 recipitur
3759 781 3813 834 in
3828 780 4026 836 Eccle-

2438 878 2897 948 siaJExceptioni
2920 874 3453 931 refertOrthodoxus
3480 890 3493 927 :
3520 893 3537 924 ι
3560 873 3639 927 Ex
3669 888 3778 943 quo
3794 888 4023 927 annun-

2439 969 2631 1024 tiatum
2661 979 2744 1023 est
2761 968 2968 1025 Christi
2996 966 3376 1037 Evangelium,
3412 964 3621 1019 credita
3640 972 3727 1019 est
3757 964 3874 1019 haec
3895 963 4024 1033 epi-

2439 1059 2580 1114 stola
2602 1058 2753 1112 Pauli
2779 1073 2922 1122 esse,
2955 1072 3130 1127 eaque
3156 1063 3519 1110 annumerata
3535 1068 3731 1108 omnes
3758 1053 4025 1122 Epistula

2438 1151 2592 1206 Pauli
2625 1161 2753 1205 sunt
2794 1164 3025 1203 numero
3056 1146 3500 1217 quatuordecim.
3544 1143 3928 1198 Theodoretus
3964 1144 4020 1197 in

2437 1244 2755 1313 praefatione
2799 1239 3156 1311 expositionis
3190 1238 3447 1307 Epistolas
3492 1237 3562 1291 ad
3607 1236 3864 1291 Hebraos
3910 1237 3958 1268 "
4006 1254 4019 1289 :

2445 1352 2463 1384 ε
2498 1333 2645 1387 Nihil
2675 1334 2884 1387 faciunt
2924 1330 3343 1394 admirandum,
3386 1328 3481 1397 qui
3524 1328 3719 1381 morbo
3756 1327 4024 1382 Arianico

2436 1423 2721 1489 laborant;
2743 1423 2787 1477 si
2812 1421 3101 1477 adversum
3128 1421 3337 1474 litteras
3357 1418 3686 1490 apostolicas
3709 1419 4020 1484 insaniant;

2438 1523 2493 1569 et
2544 1514 2843 1584 Epistolam
2912 1511 2981 1566 ad
3034 1510 3294 1565 Hebraeos
3351 1526 3382 1563 a
3444 1508 3678 1579 reliquis
3724 1516 4019 1578 separent,

2436 1621 2667 1675 eamque
2694 1605 3059 1660 adulterinam
3091 1602 3386 1672 appellent.
3430 1600 3536 1667 Qui
3568 1600 3715 1656 enim
3749 1600 4023 1655 adversus

2435 1697 2606 1751 Deum
2636 1706 2692 1751 et
2711 1696 3064 1751 Servatorem
3086 1702 3338 1749 nostrum
3365 1692 3581 1760 linguas
3608 1700 3850 1755 movent,
3879 1691 4018 1759 quid

2438 1803 2545 1842 non
2580 1786 2818 1842 audeant
2855 1785 3120 1840 adversus
3160 1785 3283 1854 ejus
3312 1783 3609 1838 benevolos
3649 1789 3707 1837 et
3737 1781 4020 1851 grandilo-

2438 1893 2577 1947 quos
2600 1876 2845 1932 veritatis
2876 1874 3193 1945 praecones?
3208 1904 3277 1913 -—
3294 1872 3593 1944 Oportebat
3618 1880 3802 1927 autem
3842 1870 4019 1941 ipsos,

2437 1966 2541 2022 etsi
2567 1966 2705 2020 nihil
2737 1965 2906 2029 aliud,
2940 1963 3205 2033 temporis
3230 1971 3382 2017 certe
3406 1961 3827 2016 diuturnitatem
3861 1974 4023 2013 reve-

2438 2056 2568 2121 reri,
2598 2071 2709 2125 quo
2740 2055 2886 2109 hanc
2912 2053 3199 2124 epistolam
3250 2052 3308 2106 in
3352 2049 3601 2107 ecclesiis
3629 2056 3899 2120 perpetuo
3934 2049 4021 2102 le—

2436 2157 2635 2219 gerunt
2676 2148 2882 2202 alumni
2928 2146 3197 2202 veritatis.
3248 2144 3327 2198 Ex
3368 2160 3479 2214 quo
3513 2143 3659 2198 enim
3702 2144 4020 2198 litterarum

2436 2240 2855 2310 apostolicarum
2906 2238 3129 2293 fuerunt
3157 2236 3417 2292 Ecclesiae
3454 2236 3552 2290 Dei
3586 2235 3903 2305 participes,
3949 2248 4022 2287 ex

2433 2332 2528 2386 illo
2562 2332 2727 2386 etiam
2768 2331 3026 2400 Epistula:
3065 2328 3136 2383 ad
3184 2329 3443 2383 Hebraeos
3486 2328 3779 2383 utilitatem
3830 2324 4022 2395 perci-

2436 2424 2613 2493 piunt.
2658 2442 2676 2474 ›
2726 2422 2846 2476 Non
2888 2420 3112 2476 memini
3164 2435 3250 2475 me
3298 2420 3481 2491 legere
3544 2420 3714 2474 alium
3757 2419 3932 2473 ullum
3985 2434 4022 2473 e

2436 2515 2739 2579 veteribus,
2786 2523 2985 2584 prater
3030 2514 3396 2584 Epiphanium
3446 2513 3640 2568 haeresi
3676 2512 3765 2577 69,
3800 2512 3896 2582 qui
3948 2511 4023 2566 de

2433 2606 2653 2660 Arianis
2698 2604 2845 2658 istud
2891 2603 3181 2659 tradiderit
3212 2621 3227 2657 :
3258 2618 3571 2673 quanquam
3619 2602 3806 2672 plures
3854 2608 4019 2664 sunt,

2434 2698 2529 2768 qui
2564 2696 2634 2751 de
2670 2695 3007 2750 Marcionitis
3041 2694 3275 2764 aliisque
3313 2693 3589 2748 haereticis
3632 2693 3708 2746 ita
3749 2691 4015 2746 sentiant.

2506 2786 2596 2841 III.
2631 2785 2925 2856 Dialogista
2958 2783 3145 2849 refert,
3187 2798 3299 2853 quo
3327 2789 3653 2853 argumento
3676 2780 3865 2836 Ariani
3894 2780 4023 2850 epi-

2437 2880 2633 2936 stolam
2658 2880 2800 2933 hanc
2829 2879 3138 2949 rejicerent,
3163 2877 3293 2947 quia
3316 2892 3425 2931 non
3459 2874 3687 2945 perinde
3714 2890 3779 2931 ac
3806 2875 3863 2929 in
3894 2873 4026 2929 aliis

2438 2972 2591 3028 Pauli
2611 2987 2811 3026 nomen
2838 2978 2986 3026 esset
3010 2970 3356 3040 inscriptum.
3382 2968 3475 3024 Sic
3499 2968 3648 3023 enim
3674 2969 3979 3023 Anomceus
4006 2986 4023 3021 :

2448 3084 2466 3116 ι
2500 3064 2621 3119 Νοη
2648 3063 3083 3119 animadvertisti
3128 3062 3182 3117 in
3225 3061 3438 3118 caeteris
3480 3060 3724 3131 praierri
3772 3060 4027 3130 Apostoli

2365 3172 2409 3230 ο
2440 3170 2662 3217 nomen,
2697 3154 2753 3206 in
2794 3154 2896 3207 hac
2926 3169 3055 3207 non.
3080 3153 3231 3209 item.
3267 3173 3285 3205 ι
3317 3154 3699 3209 Theodoretus
3726 3154 3810 3205 ":
3842 3173 3859 3202 ι
3895 3151 4026 3207 Sua:

2441 3244 2775 3300 accusationi
2801 3245 2948 3299 hunc
2963 3252 3287 3314 praetextum
3312 3245 3571 3307 aﬂ'erunt,
3588 3245 3733 3313 quod
3755 3242 4025 3312 apostoli-

2439 3352 2565 3391 cum
2594 3351 2794 3389 nomen
2818 3350 2925 3389 non
2950 3336 3022 3390 sit
3042 3336 3294 3391 similiter
3321 3337 3560 3406 positum
3581 3336 3636 3389 in
3657 3336 3950 3405 prommio.
3996 3354 4021 3385 ι

2510 3426 2596 3481 IV.
2627 3426 2686 3480 In
2719 3426 2912 3481 eodem
2951 3427 3167 3497 dialogo
3199 3428 3500 3483 Anomceus
3542 3428 3824 3491 inducitur
3857 3427 4029 3481 abro-

2442 3531 2575 3587 gans
2607 3518 2991 3571 auctoritatem
3018 3517 3178 3589 437
3210 3519 3468 3589 Epistolze
3489 3518 3555 3573 ad
3583 3519 3861 3582 Hebraeos,
3892 3518 4033 3588 quia

2442 3616 2541 3675 pro
2568 3606 2853 3662 divinitate
2886 3608 3007 3662 Filii
3044 3618 3429 3679 argumentum
3455 3609 3584 3663 inde
3615 3608 3801 3663 ellicax
3834 3624 4029 3663 sume-

2444 3706 2629 3760 retur,
2687 3698 2835 3767 quod
2890 3699 3109 3753 dicatur
3164 3699 3449 3770 χαρακτὴρ
3499 3699 3600 3769 τῆς
3650 3699 4025 3761 ὑποστάσεως.

2444 3790 2825 3845 Theodoretus
2853 3789 2910 3843 in
2934 3790 3274 3859 expositione
3303 3790 3499 3859 capitis
3518 3791 3702 3860 primi,
3731 3799 4028 3860 postquam

2444 3879 2561 3934 hrec
2614 3878 2732 3948 ipsa
2778 3877 2933 3932 Pauli
2983 3879 3151 3933 verba
3196 3878 3411 3933 erudite
3459 3880 3852 3948 interpretatus
3905 3887 4026 3944 est,

2453 3988 2471 4021 ι
2504 3970 2661 4034 Cum,
2698 3970 2896 4039 inquit,
2942 3970 3105 4039 hujus
3171 3970 3459 4038 theologia:
3520 3971 3725 4025 nullam
3760 3986 3880 4025 esse
3917 3970 4026 4023 du-

2446 4062 2767 4117 bitationem
2794 4063 3064 4127 viderent,
3092 4064 3329 4132 quicum
3357 4063 3488 4118 Ario
3510 4064 3774 4126 sentiunt,
3796 4078 3862 4116 ex
3891 4078 4031 4132 apo-

2445 4156 2654 4211 stolicis
2705 4156 2977 4210 thesauris
3042 4156 3185 4210 hanc
3248 4155 3535 4225 epi5lolam
3590 4155 3789 4224 ejicere
3839 4153 4029 4208 conati

2446 4257 2593 4311 sunt,
2616 4247 2739 4301 ideo
2770 4262 2871 4301 nos
2894 4262 3016 4301 eam
3044 4246 3386 4301 ostendimus
3410 4246 3725 4301 consentire
3757 4244 4031 4300 doctrinas

2446 4334 2776 4405 evangelica:
2808 4335 2873 4389 ’⁷.
2914 4353 2932 4386 ι

2514 4446 2654 4501 Nota
2709 4461 2869 4510 vero,
2922 4447 3239 4517 ubicunque
3286 4446 3664 4502 Theodoretus
3704 4446 3812 4500 hoc
3853 4460 4030 4515 argu-

2447 4542 2634 4587 mento
2665 4535 2861 4597 utitur,
2894 4535 3069 4589 utitur
3109 4545 3290 4591 autem
3321 4552 3433 4591 non
3462 4536 3650 4599 semel,
3676 4535 3896 4605 adjungi
3937 4535 4030 4589 di-

2447 4632 2595 4679 ctum
2626 4624 2758 4678 illud
2781 4624 3010 4690 Christi,
3032 4626 3257 4680 Joannis
3284 4642 3393 4689 xiv,
3413 4626 3447 4681 9
3472 4645 3486 4680 :
3520 4625 3625 4690 Qui
3651 4626 3785 4679 videt
3816 4642 3920 4689 me,
3951 4626 4030 4679 vi;

2448 4716 2531 4769 det
2557 4724 2606 4769 et
2632 4715 2849 4770 Patrem
2871 4733 3062 4770 meum.
3085 4717 3241 4783 Quod
3264 4716 3396 4771 facit
3418 4717 3583 4771 etiam
3608 4716 3917 4785 dialogista.

2518 4808 2581 4863 γ.
2612 4808 2821 4862 Ibidem
2848 4808 3137 4879 dialogista
3160 4808 3283 4862 Filii
3305 4823 3336 4862 a
3354 4816 3608 4863 creatura
3628 4806 4028 4869 diﬂ'erentiam.

2448 4900 2727 4970 ipsiusque
2753 4916 2877 4954 eum
2906 4902 3066 4955 Patre
3102 4899 3724 4955 consubstantialitatem
3750 4914 3819 4952 ex
3840 4913 3909 4952 eo
3934 4916 4031 4953 os-

2449 4992 2644 5055 tendit,
2663 4991 2809 5062 quod
2828 4992 2999 5046 Filius
3017 5008 3083 5046 ex
3106 5000 3263 5044 utero
3281 4991 3498 5060 genitus
3516 4990 3733 5044 dicatur
3753 4990 3890 5059 psal.
3916 5006 4029 5054 crx,

2446 5091 2698 5137 creatura
2728 5083 2984 5137 mandato
3013 5082 3153 5137 facta
3192 5097 3286 5136 seu
3317 5082 3515 5137 Verbo.
3548 5080 3935 5136 Theodoretus
3972 5081 4029 5135 in

2446 5176 2786 5246 expositione
2826 5176 3019 5245 psalmi
3053 5191 3157 5237 (ιιι,
3191 5173 3257 5229 ad
3291 5174 3408 5228 haec
3438 5173 3604 5227 verba
3634 5189 3649 5225 :
3680 5191 3698 5221 ι
3743 5170 3829 5224 Ex
3870 5180 4032 5224 utero

2446 5272 2572 5319 ante
2618 5264 2890 5334 luciferum
2936 5266 3091 5336 genui
3130 5272 3178 5317 te
3217 5280 3235 5317 :
3270 5262 3386 5317 Hoc
3433 5263 3488 5317 in
3532 5263 3653 5316 loco
3699 5277 3811 5316 suae
3856 5262 4029 5315 etiam

2448 5355 2750 5410 divinitatis
2815 5353 3270 5424 magnificentiam
3324 5352 3644 5422 aperuit";
3706 5358 3762 5405 et
3822 5350 3916 5419 qui
3976 5351 4028 5405 ei

2452 5446 2715 5501 Dominus
2780 5445 3014 5507 dixerat,
3059 5443 3189 5499 Sede
3247 5462 3279 5497 a
3335 5443 3533 5497 dextris
3597 5442 3744 5504 meis,
3781 5441 4024 5497 consub-

2110 5602 2424 5659 SCHULZII
2462 5601 2695 5658 ΝΟΤίἘ.

837 5764 877 5794 ει
908 5763 1027 5815 vm.
1060 5772 1098 5815 t.
1138 5762 1222 5823 Iv,
1288 5778 1339 5831 ρ.
1366 5762 1488 5823 232..

770 5843 808 5888 t.
843 5833 926 5888 ΙΙΙ,
967 5850 1019 5902 p.
1051 5834 1142 5887 f>ll
1188 5850 1302 5903 seq.

1597 5763 1640 5793 ¹²
1670 5762 1791 5816 Vid.
1825 5762 1981 5823 ihid.,
2015 5778 2067 5832 p.
2106 5763 2222 5818 125.

2329 5762 2374 5792 ’³
2406 5759 2525 5813 Vid.
2584 5759 2739 5819 ihid.,
2780 5776 2831 5827 ι).
2898 5759 3016 5810 M2.

1381 5834 1424 5864 ιε
1457 5832 1579 5887 Vid.
1616 5833 1653 5888 1.
1694 5848 1764 5902 e.,
1803 5850 1854 5903 ι).
1891 5828 2030 5889 55:2:
2090 5834 2131 5865 ιτ
2171 5830 2286 5889 Vid.
2316 5839 2354 5886 t.
2391 5830 2479 5896 ιιι,
2518 5831 2721 5901 p.519.

2441 5830 2479 5896 l,
2518 5831 2721 5901 p.519.
2800 5830 2843 5860 η
2876 5829 2993 5883 vm.
3027 5837 3063 5882 t.
3101 5828 3139 5894 ι,
3168 5843 3219 5897 ρ.
3255 5828 3385 5883 ιδθι
3415 5841 3531 5895 seq.

3116 5757 3159 5787 "‘
3190 5755 3311 5810 V'id.
3349 5765 3384 5809 l.
3429 5755 3469 5815 l,
3510 5771 3564 5824 ιι.
3607 5752 3731 5808 9.50.
3827 5753 3871 5781 "
3901 5752 4028 5807 Vill.
