4224 6442
178 359 280 421 335

860 363 956 424 DE
988 366 1339 428 DIALOGIS
1379 370 1543 436 ADV.
1582 370 1931 445 ARIANOS,
1968 375 2567 449 MACEDONIANOS,
2610 375 2765 435 ETC.

3339 374 3443 436 386

179 468 597 525 stantialitatem
632 473 866 538 fatetur,
913 485 969 529 et
1012 475 1352 531 identitatem
1386 486 1594 532 natura:
1626 493 1763 547 ιιι-ξε·
1801 487 1839 540 Δ
1871 482 2014 550 quod
2043 483 2110 536 ab
2139 484 2244 539 alio
2273 495 2375 548 est,
2421 500 2539 539 csse
2573 499 2639 538 co
2670 483 2962 554 posterius,
2997 498 3026 536 a
3068 497 3178 552 quo
3215 490 3319 545 est,
3349 498 3441 536 os-

177 561 343 616 dicat.
372 564 514 617 Ante
577 564 855 634 luciferum
907 566 1078 630 enim,
1140 576 1266 621 ante
1309 577 1525 637 tempus
1556 576 1611 622 et
1639 575 1765 621 ante

176 653 372 705 sazcula
438 652 621 722 ipsum
670 670 792 709 esse
844 656 1206 711 demonstrat.
1249 656 1330 710 b‘x
1368 666 1516 709 utero
1558 664 1763 718 autem,

172 741 424 809 ejusdem
472 758 593 799 esse
622 746 941 802 substantiae
982 747 1163 802 docet.
1208 749 1327 803 Non
1369 749 1515 802 enim
1544 748 1765 803 aliunde

173 835 271 895 ait,
302 834 403 888 sed
438 851 507 888 ex
538 851 659 890 mea
686 846 881 891 natura
909 837 1128 907 genitus
1165 852 1245 902 es,
1272 846 1464 891 ventre
1502 837 1764 891 nimirum

174 939 273 994 per
313 926 739 980 similitudinem
781 928 1080 983 intellecto.
1121 927 1193 982 Ut
1226 928 1373 983 enim
1398 943 1466 982 ex
1496 938 1652 982 utero
1681 928 1764 997 gi-

176 1024 355 1086 gnunt
378 1017 657 1080 homines,
682 1028 739 1072 et
766 1034 888 1088 qua:
909 1018 1225 1089 gignuntur,
1258 1019 1506 1073 eamdem
1537 1018 1761 1081 habent,

176 1122 341 1176 quam
377 1108 681 1176 genitores,
716 1120 1002 1174 naturam;
1036 1111 1116 1163 sic
1141 1124 1207 1163 ex
1242 1125 1327 1162 mc
1356 1109 1574 1180 genitus
1601 1126 1681 1172 es,
1712 1118 1767 1163 et

177 1198 448 1266 genitoris
479 1199 534 1252 in
565 1208 615 1253 te
645 1199 1007 1253 substantiam
1034 1198 1300 1253 ostendis.
1337 1218 1354 1249 ι

244 1288 337 1342 Vl.
366 1289 667 1359 Dialogista
712 1290 963 1359 pluribus
995 1290 1051 1344 in
1095 1289 1277 1359 primo
1304 1289 1519 1359 dialogo
1542 1288 1769 1359 exponit

178 1382 389 1435 dictum
423 1383 561 1437 illud
592 1385 862 1453 Apostoli,
893 1384 1001 1439 Hoc
1023 1386 1162 1439 enim
1188 1386 1375 1439 sentite
1409 1397 1456 1449 α,
1488 1395 1619 1451 etc.,
1655 1400 1766 1454 quo

177 1473 416 1527 Arianos
446 1475 756 1527 convincat.
788 1474 1169 1530 Theodoretus
1210 1476 1359 1529 hunc
1404 1477 1580 1545 ipsum
1618 1476 1766 1545 Apo-

178 1565 301 1619 stoli
332 1565 525 1619 locum
549 1565 603 1619 in
622 1564 1047 1622 Commentariis
1083 1566 1331 1622 eamdem
1353 1567 1407 1620 in
1438 1567 1763 1621 sententiam

177 1655 606 1726 interpretatur,
638 1658 939 1727 Ariumque
984 1667 1040 1712 et
1086 1658 1415 1712 Eunomium
1450 1659 1603 1728 argui
1646 1657 1766 1712 bla-

178 1746 448 1815 sphemiaa
494 1747 566 1800 ab
616 1747 878 1816 Apostolo
928 1747 1143 1803 refert:
1182 1750 1391 1818 totique
1441 1747 1767 1816 expositioni

1869 573 2057 627 tendat
2084 574 2280 629 Filium
2323 591 2441 629 esse
2472 577 2615 630 Patri
2648 586 2976 631 comternum
3001 584 3055 629 et
3078 575 3442 629 consubstan-

1868 664 2074 730 tialem,
2120 666 2340 734 copiose
2383 666 2604 719 disserit
2633 668 2702 722 dc
2745 667 2867 721 loco
2900 666 3052 719 Pauli
3095 666 3260 720 llebr.
3296 681 3333 730 t,
3383 665 3437 729 5,

1868 754 1961 807 ubi
1995 756 2167 810 Filius
2188 757 2392 810 dicitur
2416 757 2672 825 splendor
2701 759 2885 826 gloriae
2910 765 2967 811 et
2996 756 3166 826 figura
3190 757 3443 810 substan-

1868 844 1975 908 tia,
2011 846 2244 916 indeque
2287 847 2588 910 concludit,
2637 867 2653 897 ι
2700 849 2793 901 Dci
2830 847 3025 901 Filium
3053 863 3117 901 ex
3154 848 3264 901 Deo
3299 862 3439 910 esse,

1866 949 1977 988 non
2010 944 2191 990 tamen
2222 948 2345 1007 post
2384 939 2577 1002 Deum,
2611 953 2788 1006 neque
2821 946 2975 991 extra
3015 940 3208 1002 Deum,
3240 936 3334 991 sed
3366 938 3443 991 si-

1869 1025 1981 1078 mul
2013 1034 2175 1094 atque
2206 1028 2371 1091 Deus,
2408 1028 2461 1080 in
2503 1029 2632 1091 Deo,
2666 1037 2722 1081 et
2764 1043 2889 1081 cum
2917 1029 3047 1082 Deo.
3074 1028 3443 1093 Quemadmo-

1867 1116 1996 1168 dum
2028 1116 2288 1184 splendor
2320 1134 2386 1171 ex
2420 1120 2533 1171 sole
2564 1128 2678 1181 est,
2722 1134 2831 1171 non
2876 1126 3055 1171 tamen
3088 1127 3211 1187 post
3241 1119 3440 1179 solem,

1867 1214 1964 1260 aut
2005 1215 2161 1260 extra
2205 1207 2375 1261 solem
2399 1248 2412 1272 ,
2446 1207 2539 1261 sed
2571 1208 2731 1260 simul
2763 1217 2922 1277 atque
2962 1208 3077 1272 sol,
3112 1207 3167 1260 in
3207 1208 3355 1270 sole,
3390 1217 3447 1260 ct

1868 1309 1991 1349 cum
2016 1298 2149 1352 sole.
2180 1318 2198 1349 ι
2229 1298 2608 1354 Theodoretus
2629 1299 2694 1352 ad
2719 1300 2897 1353 locum
2920 1300 3162 1365 Apostoli
3191 1316 3203 1351 :
3233 1317 3251 1348 ι
3284 1297 3443 1363 Quia,

1870 1385 2065 1439 Filium
2098 1386 2288 1442 dicens
2313 1389 2380 1453 ³³,
2414 1388 2591 1458 ipsum
2631 1388 2922 1457 appellavit
2949 1397 3234 1451 aeternum,
3260 1388 3446 1447 incre-

1870 1475 2038 1529 dibile
2071 1487 2252 1532 autem
2291 1480 2376 1541 iis,
2409 1481 2501 1548 qui
2546 1494 2655 1533 non
2687 1488 2815 1534 sunt
2855 1478 3057 1533 divinis
3100 1477 3320 1542 initiati,
3364 1487 3443 1541 ut,

1870 1567 1964 1638 qui
2010 1568 2081 1622 sit
2109 1570 2297 1634 Filius,
2343 1586 2453 1625 non
2488 1572 2561 1625 sit
2606 1580 2850 1641 tempore
2891 1572 3165 1641 posterior
3209 1586 3307 1635 eo,
3353 1572 3447 1641 qui

1869 1659 2024 1714 illum
2057 1662 2265 1730 genuit,
2310 1678 2377 1717 ex
2408 1661 2643 1731 quadam
2688 1662 2862 1715 oculis
2895 1662 3139 1730 subjecta
3187 1661 3446 1715 similitu-

1874 1749 2004 1805 dine
2031 1750 2333 1806 divinitatis
2400 1752 2683 1806 veritatem
2725 1752 3085 1815 demonstrat,
3114 1760 3169 1805 et
3201 1752 3297 1815 ait,
3347 1750 3449 1815 Qui

178 1838 471 1908 subjungit
513 1838 632 1893 haec
674 1839 841 1894 verba
881 1839 922 1871 ⁸³
955 1856 968 1892 :
1006 1858 1023 1891 ι
1060 1838 1166 1893 Sed
1214 1840 1280 1894 de
1314 1840 1400 1893 his
1438 1840 1605 1893 etiam
1640 1839 1770 1893 alibi
1804 1852 1844 1906 Β
1873 1857 1991 1894 cum
2014 1841 2081 1894 ait
2106 1839 2351 1910 splendor
2378 1840 2561 1910 gloria:
2596 1857 2615 1894 :
2640 1840 2903 1909 splendor
2953 1840 3099 1894 enim
3137 1849 3192 1894 et
3224 1856 3289 1895 ex
3324 1840 3447 1911 igne

180 1930 403 1999 copiose
426 1929 812 1984 disseruimus.
836 1947 853 1980 ι
879 1929 1167 1993 Πλείστους
1187 1929 1534 1997 διεξήλθομεν
1556 1929 1766 1995 λόγους,

188 2036 207 2069 ι
238 2021 449 2074 multos
478 2018 929 2075 commiscuimus
968 2036 1283 2086 sermones;
1316 2039 1333 2069 ι
1361 2020 1564 2090 quibus
1587 2020 1769 2074 verbis

181 2104 518 2174 signiﬁcavit
575 2106 1019 2173 dissertationes,
1067 2124 1189 2178 quae
1240 2110 1664 2178 interrogatione
1715 2117 1771 2162 ct

182 2195 551 2266 responsione
599 2198 753 2251 tiunt.
806 2198 1213 2253 Theodoretum
1260 2214 1455 2268 porro,
1499 2215 1622 2253 cum
1667 2200 1767 2254 ista

183 2287 494 2353 seriberet,
547 2288 850 2344 intendisse
915 2290 1158 2343 animum
1227 2290 1282 2343 in
1330 2305 1459 2345 suos
1506 2290 1770 2345 adversus

183 2378 375 2433 Arium
423 2388 483 2433 et
523 2380 853 2435 Eunomium
897 2380 1103 2446 libros,
1150 2390 1400 2451 apertum
1438 2390 1522 2435 cst
1564 2396 1631 2434 ex
1675 2397 1767 2435 ca—

185 2471 297 2539 pite
327 2470 384 2536 2,
430 2471 561 2525 libri
601 2488 633 2525 v
667 2471 1048 2526 Hiereticarum
1092 2472 1417 2541 fabularum,
1480 2473 1594 2536 ubi,
1644 2488 1768 2527 cum

184 2562 253 2618 de
283 2563 430 2618 Filio
460 2563 557 2618 Dei
582 2564 934 2633 disputasset,
964 2564 1151 2618 subdit
1181 2582 1194 2617 :
1223 2563 1383 2617 ’Δλλὰ
1412 2564 1540 2631 περὶ
1566 2564 1769 2618 τούτων

187 2654 422 2718 πολλοὺς
471 2656 608 2726 πρὸς
664 2658 880 2726 Ἀρειον
926 2656 1019 2709 καὶ
1066 2654 1350 2725 Εὐνόμιον,
1382 2656 1439 2707 ὲν
1480 2658 1589 2720 τοῖς
1635 2656 1770 2727 πρὸς

186 2745 453 2809 ἐκείνους,
496 2745 841 2818 διεξήλθομεν
874 2748 1083 2814 λόγους.
1119 2746 1376 2801 Nonnihil
1410 2747 1609 2816 opponi
1643 2762 1769 2815 pos-

186 2848 288 2903 set,
322 2838 475 2906 quod
505 2840 608 2893 sub
638 2838 801 2892 finem
832 2839 1141 2894 collationis
1169 2840 1429 2893 solvetur.

256 2930 370 2983 Vl].
404 2930 723 3000 Dialogista,
756 2939 814 2985 ut
840 2930 1126 2995 Anomuao,
1162 2930 1517 3001 interroganti
1544 2929 1610 2985 de
1650 2929 1772 3001 Spi-

186 3019 296 3073 ritu
328 3031 545 3082 sancto.
572 3020 768 3089 probet
797 3022 972 3090 ipsius
994 3020 1615 3077 consubstantialitatem
1643 3038 1766 3076 cum

188 3110 369 3175 Patre,
395 3110 624 3166 adhibet
643 3112 825 3165 locum
852 3112 1097 3182 Apostoli
1132 3113 1151 3166 ι
1177 3111 1304 3167 Cor.
1334 3130 1393 3177 ιι,
1415 3114 1473 3167 ii
1505 3132 1518 3166 :
1544 3112 1770 3185 Spiritus

185 3211 466 3255 scrutatur
495 3202 759 3271 profunda
785 3201 949 3273 438
975 3202 1101 3267 Dei;
1133 3210 1415 3273 totumque
1441 3205 1622 3258 locum
1652 3205 1775 3275 plu-
1801 3187 1839 3239 (ἶ

189 3295 347 3349 ribus
372 3294 653 3349 edisserit.
688 3293 1067 3348 Theodoretus
1104 3295 1158 3347 in
1191 3295 1620 3360 commentariis,
1648 3310 1774 3349 cum

189 3385 341 3439 hunc
358 3386 547 3439 locum
568 3387 935 3455 exposuisset,
957 3405 975 3436 ‹
997 3385 1103 3439 Sed
1126 3386 1242 3439 haec
1267 3386 1539 3455 pluribus,
1572 3387 1771 3456 inquit,

188 3476 319 3530 alibi
344 3476 709 3545 exposuimus
730 3477 770 3506 ³ο
791 3494 806 3541 ;
836 3494 854 3526 ι
875 3490 1109 3545 moxque
1127 3475 1405 3545 subjungit
1429 3492 1442 3528 :
1469 3495 1485 3525 ι
1504 3475 1772 3541 Ostendit,

191 3565 465 3635 Spiritum
498 3574 747 3620 sanctum
776 3581 886 3620 non
919 3578 1039 3621 esse
1082 3581 1264 3619 rerum
1308 3574 1614 3621 creatarum
1648 3582 1774 3636 par-

192 3666 323 3718 tem,
361 3654 463 3709 sed
493 3670 646 3708 suam
674 3655 879 3709 habere
920 3671 951 3709 a
986 3656 1098 3709 Deo
1124 3655 1505 3710 substantiam.
1543 3676 1562 3709 ›

263 3747 405 3802 Vlll.
446 3747 704 3816 Dialogus
748 3746 1021 3802 secundus
1054 3755 1200 3801 totus
1242 3755 1325 3801 est
1368 3757 1557 3802 contra
1589 3748 1774 3803 Euno-

192 3840 388 3903 tnium,
427 3839 656 3908 ejusque
685 3838 1005 3908 magistrum
1035 3839 1288 3904 Aetium;
1317 3850 1473 3909 urget
1501 3854 1631 3892 vero
1666 3845 1778 3893 sta-

194 3932 290 3983 tim
320 3930 483 3983 initio
508 3929 793 3999 dialogista
822 3930 1002 3983 locum
1045 3928 1193 3983 Isaiae
1226 3945 1367 3994 xxvi,
1404 3929 1487 3991 l2,
1529 3929 1590 3982 i5
1623 3928 1688 3993 ³¹,
1716 3938 1776 3983 ut

193 4030 275 4075 est
306 4020 457 4091 apud
476 4025 490 4039 ⁸
516 4019 676 4082 LXX,
699 4019 917 4073 Domine
940 4018 1097 4082 Deus,
1120 4035 1301 4089 pacem
1330 4018 1395 4072 da
1426 4017 1593 4082 nobis,
1623 4026 1775 4072 extra

194 4122 242 4166 te
263 4112 437 4166 alium
476 4112 732 4164 nescimus
757 4128 773 4165 :
796 4125 905 4179 quo
928 4108 1125 4178 probet
1155 4108 1354 4163 Filium
1390 4096 1511 4163 esse
1542 4107 1777 4163 consub—

194 4205 511 4259 stantialem
552 4203 701 4257 Patri
729 4221 741 4255 :
767 4202 894 4273 quia
926 4201 1095 4256 Filius
1123 4217 1225 4256 nec
1254 4210 1404 4256 extra
1435 4200 1650 4253 Patrem
1681 4214 1776 4253 co-

192 4298 518 4368 gnoscitur,
567 4294 661 4349 sed
705 4294 761 4349 in
803 4293 993 4357 Patre,
1038 4300 1095 4347 et
1141 4308 1265 4346 cum
1307 4292 1495 4356 Patre,
1530 4299 1586 4345 et
1615 4289 1775 4345 simul

200 4398 366 4459 atque
411 4388 598 4451 Pater,
636 4395 742 4440 etc.
785 4383 1165 4438 Theodoretus
1194 4383 1342 4436 hunc
1375 4381 1552 4452 ipsum
1598 4381 1778 4435 locum

200 4492 489 4548 exponens
516 4479 582 4541 ⁸³,
616 4476 634 4527 ι
675 4477 867 4530 Pacem
914 4482 1084 4538 tuam,
1116 4472 1366 4536 Domine,
1406 4471 1641 4541 amplexi
1682 4487 1776 4526 su-
1810 4508 1853 4562 υ

197 4586 339 4633 mus,
370 4585 402 4623 a
430 4566 773 4637 providentia
804 4574 895 4619 tua
934 4579 1003 4619 ne
1039 4564 1353 4618 excidamus
1383 4579 1396 4615 :
1424 4562 1595 4615 Deum
1631 4562 1775 4615 enim

197 4660 364 4713 alium
401 4657 618 4710 nullum
652 4655 925 4709 novimus.
966 4653 1090 4708 Haec
1118 4651 1371 4706 Eunomii
1400 4649 1779 4719 stupidita‘tem

197 4751 569 4806 eorivincunt:
592 4748 865 4817 quomodo
889 4746 1034 4801 enim
1069 4746 1250 4800 dicere
1284 4752 1530 4814 possunt,
1566 4762 1582 4794 ι
1615 4743 1782 4797 Extra

200 4850 249 4896 te
290 4842 466 4895 alium
496 4839 791 4902 nescimus,
839 4857 856 4889 ι
895 4836 987 4906 qui
1024 4837 1194 4891 Deum
1230 4843 1476 4890 creatum
1508 4834 1780 4903 appellant

202 4933 400 4987 Filium
418 4932 444 4984 ?
464 4932 576 4985 Nos
602 4946 733 4985 vero
756 4945 921 4985 unam
943 4926 1229 4981 Trinitatis
1258 4926 1616 4981 substantiam
1641 4941 1779 4995 prae-

199 5024 470 5086 dicantes,
500 5037 628 5076 vere
657 5020 1008 5083 aﬂirmamus,
1042 5033 1167 5073 cum
1198 5018 1450 5082 dicimus,
1486 5036 1503 5068 ι
1535 5016 1700 5069 Extra
1727 5023 1777 5069 te

199 5116 367 5169 alium
399 5114 698 5168 nescimus.

274 5206 365 5261 IX.
403 5206 701 5275 Dialogista
739 5204 963 5269 ibidem,
1004 5211 1063 5257 ut
1103 5202 1390 5267 Anommo,
1425 5202 1692 5266 causanti,
1724 5201 1779 5256 id

281 5374 305 5401 ⁸
330 5362 574 5432 Philipp.
606 5378 664 5427 ιι,
692 5361 745 5414 5.

1872 1940 1977 1993 est,
2005 1939 2062 1983 et
2093 1944 2217 1983 cum
2261 1928 2411 1998 igne;
2440 1937 2495 1983 et
2533 1944 2751 1984 causam
2784 1928 3006 1999 quidem
3037 1930 3202 1984 habet
3232 1930 3408 1999 ignem
3430 1971 3444 1993 ,

1872 2036 1978 2075 non
2010 2029 2188 2091 potest
2218 2030 2397 2074 autem
2429 2021 2499 2074 ab
2533 2020 2654 2090 igne
2684 2020 2947 2090 separari,
2981 2040 2998 2071 ι
3031 2028 3136 2074 etc.
3165 2020 3295 2087 Qua:
3324 2035 3447 2075 cum

1872 2113 2067 2167 iisdem
2091 2113 2204 2166 fere
2239 2112 2439 2175 verbis,
2478 2121 2642 2180 atque
2671 2111 2977 2181 dialogista,
3004 2113 3222 2181 copiose
3258 2127 3447 2182 prosc-

1870 2213 2032 2258 cutus
2079 2212 2255 2267 esset,
2308 2203 2589 2273 subjungit
2638 2202 2803 2257 verba
2828 2204 2938 2274 jam
2983 2204 3129 2258 illata
3173 2221 3187 2257 :
3239 2222 3257 2255 ι
3309 2202 3445 2257 Cum

1871 2297 2035 2367 hujus
2082 2296 2366 2365 theologia:
2416 2295 2619 2348 nullam
2666 2310 2787 2349 esse
2846 2294 3244 2349 dubitationem
3293 2294 3448 2349 vidc-

1872 2398 1995 2444 rent
2028 2389 2092 2453 ³⁸,
2125 2389 2367 2457 quicum
2400 2387 2532 2440 Ario
2564 2388 2835 2451 sentiunt,
2876 2404 2938 2441 ex
2972 2386 3284 2458 apostolicis
3326 2386 3448 2442 the-

1871 2480 2048 2535 sauris
2077 2480 2220 2533 hanc
2247 2477 2532 2548 epistolam
2572 2478 2773 2549 ejicere
2803 2479 2983 2532 conati
3016 2486 3161 2533 sunt.
3200 2497 3219 2529 ι

1942 2569 2009 2625 Χ.
2029 2569 2325 2640 Dialogista
2346 2570 2609 2639 quaerenti
2624 2570 2910 2633 Anommo,
2929 2587 3030 2624 cur
3049 2569 3316 2641 Spiritum
3327 2584 3453 2627 san-

1870 2667 2017 2716 ctum
2036 2661 2240 2715 bonum
2254 2661 2481 2725 diceret,
2497 2660 2732 2730 indeque
2743 2659 2979 2729 Spiritus
2991 2662 3307 2733 dignitatem
3324 2677 3449 2719 cum

1871 2753 1992 2807 aliis
2014 2752 2266 2821 personis
2287 2767 2631 2807 communem
2653 2753 2933 2823 probaret,
2968 2751 3261 2823 respondet
3279 2754 3451 2808 allato

1871 2843 2093 2900 Davidis
2123 2842 2459 2908 testimonio,
2493 2841 2721 2914 Spiritus
2752 2852 2870 2898 tuus
2905 2844 3066 2898 bonus
3106 2844 3319 2897 deducet
3348 2860 3446 2898 me.

1873 2937 2255 2992 Theodoretus
2304 2935 2359 2989 in
2410 2936 2557 2990 hunc
2602 2936 2781 3005 ipsum
2837 2951 3056 2991 versum
3082 2935 3220 3005 psal.
3248 2950 3383 2990 cxm
3427 2951 3448 2987 τ

1880 3048 1897 3080 ι
1930 3029 2070 3084 Ηίιιο
2096 3028 2333 3098 Spiritus
2359 3027 2677 3098 dignitatem
2702 3027 2996 3081 didicimus
3022 3026 3066 3058 ³⁸
3094 3044 3106 3079 :
3133 3027 3276 3080 sicut
3301 3028 3449 3081 enim

1872 3120 2017 3174 Deus
2045 3118 2242 3181 bonus,
2289 3118 2369 3171 sic
2406 3116 2573 3170 etiam
2605 3114 2845 3184 Spiritus
2876 3115 3189 3170 nominatus
3232 3124 3316 3169 est
3348 3116 3450 3169 bo-

1875 3225 1979 3264 nus
2004 3227 2017 3263 :
2047 3217 2104 3263 et
2130 3206 2593 3279 quemadmodum
2616 3204 2789 3259 Deum
2815 3203 3142 3267 obsecravit,
3177 3213 3237 3258 ut
3272 3206 3449 3274 ipsum

1876 3300 2195 3364 deduceret,
2246 3299 2326 3355 sic
2369 3298 2532 3351 etiam
2577 3305 2855 3366 precatur,
2905 3296 3069 3368 539
3111 3307 3172 3351 ut
3214 3296 3452 3366 Spiritus

1875 3392 2045 3446 sancti
2078 3392 2300 3445 ductum
2331 3396 2720 3458 consequatur.
2761 3407 2779 3438 ι

1950 3481 2037 3535 XI.
2080 3480 2160 3534 Ad
2194 3480 2435 3550 singulas
2460 3479 2601 3534 Aetii
2631 3480 2871 3549 argutias
2899 3478 3194 3549 respondet
3217 3479 3449 3551 dialogi-

1877 3582 1980 3635 sta,
2014 3571 2159 3640 quod
2189 3578 2315 3624 ante
2341 3570 2736 3640 quinquaginta
2774 3585 2946 3624 annos
2965 3570 3297 3639 praestiterat
3324 3570 3455 3640 Epi-

1876 3660 2113 3730 phanius
2146 3676 2158 3711 :
2194 3674 2384 3713 verum
2410 3674 2532 3714 cum
2559 3658 2850 3728 Epiphanii
2879 3673 3045 3727 opera
3072 3658 3454 3714 Theodoretus

1877 3752 2060 3807 forsan
2094 3765 2202 3805 non
2232 3746 2449 3805 nov'erit
2477 3751 2542 3814 “,
2577 3751 2687 3803 imo
2714 3765 2817 3803 nec
2848 3750 3025 3819 ipsum
3058 3749 3447 3819 Epiphanium,

1877 3846 2078 3914 quippe
2102 3844 2258 3913 cujus
2286 3857 2556 3910 nusquam
2577 3840 2847 3903 meminit,
2872 3840 3038 3894 etiam
3064 3854 3188 3894 cum
3215 3840 3451 3895 maxime

1879 3935 2127 3996 deberet,
2161 3932 2304 3986 sicut
2333 3933 2389 3986 in
2422 3931 2775 3987 recensendis
2797 3930 3190 4001 Hazreseologis
3219 3931 3288 3997 ⁸⁷,
3309 3940 3364 3986 et
3395 3931 3451 3986 in

1878 4023 2046 4093 gestis
2066 4038 2096 4077 a
2124 4022 2511 4092 Chrysostomo
2534 4019 2843 4084 narrandis,
2869 4019 3092 4073 videtur
3115 4018 3334 4074 easdem
3358 4035 3451 4073 ar-

1878 4114 2058 4185 gutias
2101 4112 2351 4166 refellere
2396 4109 2684 4175 debuisse,
2725 4109 2926 4179 quippe
2968 4123 3105 4177 quas
3139 4108 3253 4163 suis
3286 4109 3450 4164 etiam

1879 4205 2221 4274 temporibus
2264 4216 2465 4257 nocere
2514 4208 2785 4265 cerneret,
2830 4210 2891 4254 ut
2936 4215 3003 4254 ex
3040 4214 3108 4253 eo
3153 4199 3448 4270 colligitur,

1880 4296 2023 4367 quod
2048 4295 2255 4349 nullam
2285 4292 2399 4347 fere
2419 4290 2760 4345 occasionem
2785 4290 3167 4359 praetermittat
3191 4289 3447 4354 docendi,

1881 4387 2081 4456 quibus
2095 4385 2387 4454 Scriptum
2405 4382 2751 4445 testimoniis,
2766 4395 2940 4449 quave
2957 4380 3167 4434 ratione
3178 4380 3319 4434 Aetii
3349 4381 3452 4435 Eu-

1882 4476 2162 4545 nomiique
2174 4473 2434 4543 magistro
2450 4469 2799 4534 recentioris,
2822 4469 3077 4539 impietas
3093 4471 3447 4539 reprimatur.

1950 4567 2065 4623 XII.
2100 4566 2501 4625 Theodoretus,
2527 4578 2649 4617 cum
2680 4563 2749 4616 de
2794 4560 3065 4631 baptismo
3094 4560 3210 4615 Arii
3243 4561 3451 4616 scribe-

1884 4668 1986 4722 ret,
2019 4658 2137 4711 haec
2173 4656 2339 4709 habet
2369 4672 2383 4707 :
2424 4672 2441 4704 ι
2472 4653 2620 4707 Idem
2650 4650 2836 4722 gloria:
2867 4649 3222 4704 decantanda:
3242 4650 3454 4720 legibus

1882 4748 2090 4802 relictis
2120 4746 2184 4811 ³⁸,
2235 4760 2373 4815 quas
2402 4741 2761 4807 tradiderant,
2801 4740 2896 4811 qui
2937 4742 3006 4795 ab
3038 4740 3196 4795 initio
3237 4749 3452 4810 specta-

1886 4848 2033 4894 tores
2074 4847 2130 4892 et
2168 4836 2404 4890 ministri
2429 4834 2595 4889 Verbi
2630 4832 2878 4896 fuerant,
2912 4831 3073 4885 aliam
3100 4830 3333 4885 formam
3364 4832 3451 4885 in-

1885 4929 2148 4994 troduxit,
2172 4927 2501 4998 glorificare,
2524 4941 2663 4996 quos
2686 4924 3000 4994 deceperat,
3016 4924 3219 4979 docens
3235 4924 3451 4979 Patrem

1885 5038 1984 5092 per
2038 5020 2237 5075 Filium
2288 5019 2342 5072 in
2394 5026 2579 5072 sancto
2624 5016 2851 5085 Spiritu.
2893 5014 2960 5069 Et
3008 5015 3180 5072 divini
3228 5016 3453 5085 quidem

1888 5107 2236 5179 baptismatis
2266 5106 2520 5160 usitatam
2561 5104 2961 5160 invocationem
2993 5112 3206 5159 mutare
3231 5114 3455 5174 pr0pter

1889 5208 2134 5270 apertam
2166 5197 2654 5269 transgressionem
2685 5213 2853 5252 ausus
2882 5212 2992 5251 non
3021 5203 3101 5252 est
3121 5236 3138 5261 ,
3181 5196 3283 5250 sed
3299 5196 3453 5266 juxta

1549 5465 1867 5522 SCIIULZII
1904 5463 2135 5519 ΝΟΤᾸΞ.

280 5633 326 5663 ι’
350 5631 475 5686 Yid.
508 5640 551 5685 t.
584 5628 675 5692 ιιι,
708 5644 761 5697 p.
792 5628 912 5681 456.
1046 5626 1089 5658 ιο
1123 5625 1242 5697 vni.
1267 5633 1337 5697 ⁸ιη
1364 5623 1471 5697 ut,
1504 5624 1707 5697 p.177.

1820 5623 1862 5654 ”
1895 5622 2042 5677 Edit.

2099 5622 2254 5689 prior
2310 5620 2546 5689 habebat
2596 5621 2696 5673 lsa.
2733 5635 2873 5683 xxvi,
2913 5621 2962 5671 7.
3070 5618 3115 5689 ’ξ
3141 5614 3260 5689 Vid.
3325 5625 3361 5669 t.
3392 5606 3468 5672 ll.

211 5684 411 5775 ι).
427 5684 458 5775 ξ
486 5684 782 5775 διψᾷ-ἰ
811 5698 971 5767 lll,p.
994 5696 1163 5775 543.“
1193 5695 1236 5726 ιι
1266 5684 1518 5775 ιρῑρηρῖ
1537 5693 1780 5775 stam”
1810 5693 1930 5775 για.
1980 5702 2019 5775 ι..
2042 5692 2081 5753 1,
2093 5684 2158 5775 ξιτ
2194 5692 2370 5775 4.551..”
2400 5691 2479 5775 ἰχ
2500 5688 2699 5775 Fama]:
2722 5706 2824 5775 non
2842 5696 3058 5775 ηςυςτει.
3082 5684 3457 5775 egregia-mu

216 5756 516 5843 probabile.
595 5769 718 5825 Vid.
756 5756 941 5838 supra,
973 5782 1028 5836 p.
1063 5765 1183 5821 396.
1264 5764 1307 5796 ³⁷
1341 5756 1648 5818 lnPraefat.
1677 5762 1773 5817 lib.
1814 5762 2058 5817 Ha’i-etir.
2085 5756 2248 5830 fabul.
2329 5761 2371 5792 ³⁸
2400 5760 2520 5814 Lib.
2556 5776 2602 5812 ιι·
2652 5758 2844 5835 Hcret.
2877 5757 3065 5827 (abut,
3090 5771 3207 5826 cap.
3246 5756 3296 5812 i.
