4224 6442
749 390 849 453 387

1599 379 1975 439 GARNERII
2017 373 2647 437 DISSERTATIONIS
2688 373 2742 430 ΙΙ
2784 372 3186 433 APPENDIX.

3900 371 4007 437 388

753 493 1097 551 Dominicum
1128 497 1459 558 praeceptum
1493 485 1767 554 baptizare
1798 484 1986 538 docuit
2017 483 2072 536 in
2102 482 2327 535 nomine
2360 488 2400 542 Α
2429 480 2591 544 Deus,
2625 492 2672 535 et
2708 497 2812 533 non
2849 488 2923 532 est
2956 490 3149 549 prater
3186 495 3266 533 me
3293 477 3541 534 Salvator
3572 479 3633 544 b;
3670 496 3844 552 eaque
3875 499 4007 556 gra-

751 587 961 648 Patris,
995 592 1050 637 et
1081 582 1232 646 Filii,
1274 590 1331 635 et
1359 578 1594 650 Spiritus
1623 578 1796 631 sancti
1836 596 1846 630 ε
1889 575 2195 646 gloriﬁcare
2231 589 2329 627 au-

752 689 862 731 tem
894 678 1050 746 juxta
1099 671 1447 743 baptismatis
1492 670 1665 738 legem
1693 668 1886 731 vetuit,
1927 668 2058 720 licet
2097 667 2242 718 Deus
2273 673 2330 718 et

753 769 1004 822 Salvator
1035 775 1222 819 noster
1247 779 1358 820 non
1381 761 1710 830 simpliciter
1731 759 2032 828 baptizare,
2057 756 2153 810 sed
2173 755 2332 824 prius

752 859 952 912 docere
1005 851 1346 924 praeceperit.
1409 850 1607 904 Euntes
1657 848 1832 910 enim,
1887 846 2098 916 inquit,
2155 845 2331 897 docete

755 962 932 998 omnes
973 952 1182 1013 gentes,
1229 941 1556 1009 baptizantes
1581 954 1665 989 eos
1710 939 1763 989 in
1791 937 2000 988 nomine
2027 934 2232 996 Patris,
2282 940 2332 986 et

759 1036 900 1099 Filii,
947 1043 994 1088 et
1029 1033 1257 1102 Spiritus
1282 1033 1473 1084 sancti.
1540 1030 1620 1082 Ex
1648 1028 1750 1082 hac
1773 1035 1953 1081 autem
1985 1027 2124 1095 lege,
2161 1035 2218 1079 et
2244 1025 2330 1078 di-

760 1123 871 1175 vini
903 1120 1173 1191 Apostoli,
1221 1130 1271 1173 et
1305 1119 1398 1186 qui
1429 1131 1523 1170 eos
1551 1116 1727 1169 secuti
1770 1124 1898 1168 sunt
1925 1115 2184 1168 Ecclesia
2215 1130 2333 1169 ma-

759 1215 938 1284 gistri,
961 1215 1158 1268 docent
1185 1225 1300 1272 eos,
1326 1208 1417 1277 qui
1447 1206 1739 1271 accedunt,
1767 1206 1993 1261 credere
2025 1207 2080 1260 in
2109 1206 2332 1259 nomine

756 1305 954 1368 Patris,
993 1312 1049 1356 et
1079 1301 1237 1364 Filii,
1270 1307 1327 1353 et
1356 1288 1596 1368 Spiritus
1625 1297 1827 1362 sancti,
1861 1306 1924 1364 et,
1956 1312 2095 1365 quos
2124 1297 2330 1350 docue-

759 1403 907 1458 runt,
948 1393 1232 1462 baptizant
1256 1391 1310 1443 in
1335 1390 1555 1442 nomine
1582 1387 1778 1452 Patris,
1811 1395 1867 1442 et
1896 1387 2039 1451 Filii,
2073 1396 2128 1440 et
2156 1386 2331 1455 Spiri-

756 1498 846 1542 tus
883 1486 1080 1541 sancti.
1133 1483 1401 1548 Quocirca
1430 1481 1522 1549 qui
1548 1479 1754 1534 donum
1795 1485 2150 1548 acceperunt,
2189 1479 2334 1532 sicut

757 1575 937 1630 edocti
961 1581 1108 1637 sunt,
1129 1581 1183 1624 et
1206 1570 1466 1639 baptizati
1493 1577 1641 1631 sunt,
1667 1569 1746 1623 sic
1767 1569 2069 1638 glorilicant
2093 1569 2331 1630 Patrem,

757 1675 813 1721 et
850 1666 1068 1727 Filium,
1122 1670 1178 1717 et
1234 1662 1500 1731 Spiritum
1552 1668 1822 1714 sanctum.
1877 1657 2191 1711 Absurdum
2250 1664 2335 1710 est

757 1759 908 1812 enim
944 1774 1060 1822 eos,
1097 1756 1189 1825 qui
1217 1753 1474 1822 baptismi
1519 1750 1723 1805 donum
1770 1765 1801 1802 a
1843 1757 2029 1803 sancta
2061 1748 2330 1801 Trinitate

2428 571 2569 624 viter
2597 570 3008 639 interpretatur.
3031 569 3412 625 Theodoretus
3431 570 3496 623 ad
3524 571 3640 626 haec
3657 571 3770 640 ipsa
3795 574 3967 628 verba
3993 593 4006 628 :

2438 680 2454 712 ι
2491 661 2596 714 lsta
2648 661 2836 715 itidem
2884 675 3049 714 unam
3093 659 3396 729 pradicant
3442 661 3705 715 deitatem
3736 664 3802 716 “.
3844 665 4009 731 Quod

2429 753 2574 806 enim
2597 752 2849 806 Christus
2872 752 3035 805 etiam
3060 750 3325 804 Dominus
3345 767 3375 804 a
3397 767 3552 806 sacra
3578 752 3858 822 Scriptura
3884 754 4002 809 Sal-

2429 855 2585 897 vator
2617 842 2952 907 nominetur,
2999 842 3113 895 Arii
3156 857 3376 911 quoque
3406 852 3463 897 et
3497 843 3750 898 Eunomii
3786 846 4012 900 confes-

2430 948 2589 987 suros
2609 933 2848 986 arbitror
2874 932 3192 1001 discipulos.
3214 930 3368 998 Quod
3389 931 3434 986 si
3463 941 3661 1002 praeter
3689 934 3871 1003 ipsum
3897 951 4011 990 non

2431 1033 2516 1079 est
2537 1023 2808 1086 Salvator,
2836 1031 2892 1077 et
2915 1023 3164 1078 Salvator
3185 1023 3352 1078 etiam
3385 1023 3649 1078 Dominus
3678 1026 4010 1094 appellatur,

2431 1131 2498 1170 ex
2529 1116 2620 1169 illa
2656 1114 2802 1167 haud
2835 1114 3003 1168 dubie
3040 1121 3236 1166 natura
3275 1121 3379 1168 est.
3422 1113 3478 1168 Si
3505 1129 3640 1168 vero
3663 1131 3772 1168 non
3803 1125 3912 1180 est,
3953 1129 4015 1171 ut

2433 1207 2625 1260 dicunt
2662 1205 3106 1275 blasphemantes
3141 1221 3154 1256 :
3187 1219 3318 1274 ergo
3357 1219 3459 1257 nec
3505 1203 3755 1258 Salvator
3791 1216 3876 1260 est
3900 1246 3915 1269 ,
3953 1215 4016 1260 ut

2431 1298 2677 1366 loquitur
2716 1297 3024 1366 prophetia.
3085 1295 3142 1350 Si
3187 1304 3370 1350 autem
3415 1304 3500 1350 est
3541 1296 3810 1361 Salvator,
3861 1296 4018 1353 illius

2433 1388 2678 1459 ejusdem
2708 1399 2794 1441 est
2832 1396 3062 1450 naturas,
3097 1388 3256 1456 cujus
3282 1395 3366 1441 est
3385 1387 3617 1442 salvare.
3651 1405 3669 1438 ι

2502 1480 2591 1534 Ill.
2632 1480 2948 1550 Dialogista,
2992 1479 3293 1556 cumidem
3339 1487 3726 1548 argumentum
3777 1480 3888 1534 alio
3916 1479 4016 1533 Dei

2435 1570 2769 1634 testimonio,
2817 1571 2962 1638 apud
3016 1570 3269 1624 eumdem
3322 1571 3647 1639 prophetam
3698 1582 3746 1632 ε.
3798 1581 3960 1640 urget
4001 1590 4015 1623 :

2433 1661 2550 1730 Ego
2589 1677 2706 1714 sum
2739 1661 2898 1724 Deus,
2944 1671 2993 1713 et
3027 1678 3132 1714 non
3177 1670 3252 1715 est
3299 1661 3479 1727 alius;
3527 1679 3621 1733 per
3651 1663 4019 1730 memetipsum

2431 1754 2579 1826 jura,
2621 1769 2684 1806 ex
2718 1769 2809 1806 ore
2840 1769 2953 1806 meo
2987 1753 3282 1822 egredietur
3323 1754 3526 1814 iustitia
3567 1770 3584 1806 :
3623 1770 3886 1807 sermones
3918 1755 4022 1807 mei

759 1849 1093 1918 acceperint,
1121 1846 1291 1900 solam
1321 1843 1550 1913 gloriam
1579 1840 1730 1895 Patri
1759 1839 1981 1899 oﬂ‘erre.
2011 1849 2065 1892 et
2099 1839 2332 1892 inhono-
2369 1825 2409 1880 Β
2442 1825 2544 1897 non
2566 1844 2896 1908 delebantur,
2943 1845 3054 1912 fore
3091 1852 3148 1896 ut
3195 1844 3321 1898 mihi
3367 1847 3612 1915 ﬂectatur
3657 1860 3810 1897 omne
3858 1861 4019 1914 genu,

761 1949 940 1993 ratum
969 1936 1166 1991 Filium
1194 1951 1256 1989 ac
1290 1932 1556 2001 Spiritum
1587 1940 1836 1985 sanctum
1861 1929 2192 1996 relinquere.
2233 1926 2332 1980 Ve-

763 2050 882 2088 rum
916 2048 1016 2086 nos
1046 2032 1146 2084 ista
1177 2030 1232 2082 in
1269 2027 1444 2090 libris,
1471 2040 1611 2094 quos
1631 2033 1818 2078 contra
1848 2021 1968 2074 illos
1992 2020 2334 2088 scripsimus,

762 2121 970 2188 prolixe
1003 2118 1265 2172 diximus.
1300 2134 1318 2166 ι
1353 2114 1499 2167 Dixit
1531 2128 1661 2167 vero
1711 2111 1926 2180 dialogo
1955 2126 2032 2172 nt,
2058 2108 2226 2162 semel
2258 2117 2339 2161 at-

763 2228 868 2280 que
914 2211 1137 2271 iterum,
1189 2217 1244 2262 et
1295 2206 1512 2275 dialogo
1559 2221 1633 2267 vr,
1689 2202 1896 2272 pariter
1945 2199 2114 2254 semel
2170 2208 2333 2267 atque

766 2305 987 2355 iterum.

836 2390 972 2444 Xlll.
1016 2387 1310 2457 Dialogista
1345 2385 1534 2440 herba:
1563 2382 1784 2438 nomine
1813 2381 2086 2450 dogmata,
2131 2387 2187 2433 et
2221 2393 2341 2446 qua:

764 2482 908 2537 Deus
932 2481 1140 2545 docuit,
1183 2479 1298 2550 agri
1347 2478 1644 2547 Scriptura:
1671 2473 1880 2544 semina
1923 2472 2180 2541 appellat.
2217 2469 2343 2524 Haec

766 2573 1027 2644 loquendi
1069 2571 1242 2626 forma
1282 2569 1616 2624 Theodoreti
1654 2566 1874 2637 prepria
1912 2565 2131 2618 videtur
2169 2564 2235 2628 ”,
2285 2572 2344 2616 ut

765 2666 862 2733 qui
891 2678 1012 2717 eam
1043 2660 1246 2729 ubique
1281 2658 1394 2712 fere
1416 2658 1656 2719 aﬂectet,
1689 2665 1818 2725 puta
1844 2669 1967 2709 cum
1993 2653 2341 2708 Theodorum

769 2751 1222 2820 Mopsuestenum
1279 2748 1356 2800 ait
1396 2747 1452 2801 in
1501 2745 1819 2815 episcopatu
1855 2759 2032 2798 annos
2067 2744 2344 2813 peregisse

767 2859 863 2896 sex
894 2850 949 2894 et
978 2841 1200 2910 triginta
1230 2845 1562 2908 pugnantem
1594 2848 1782 2890 contra
1820 2836 1934 2889 Arii
1988 2842 2047 2890 et
2089 2835 2342 2890 Eunomii

770 2937 995 2992 sectam,
1017 2939 1072 2983 et
1102 2926 1426 2996 Apollinarii
1450 2926 1510 2977 τὸ
1543 2925 1829 2996 λῃστρικὸν
1852 2924 2248 2994 proﬂigantem,
2291 2932 2347 2978 et

769 3023 1024 3090 optimam
1050 3019 1264 3073 herbam
1295 3019 1482 3071 divinis
1507 3017 1684 3070 ovibus
1709 3015 2170 3085 suppeditantem.
2203 3013 2345 3080 Quin

769 3113 936 3167 etiam
986 3109 1339 3166 Theodoreto
1382 3110 1652 3163 familiare
1696 3124 1759 3161 ac
1800 3122 1939 3176 pene
1985 3107 2346 3161 domesticum

771 3211 875 3267 est,
912 3203 1288 3272 metaphoram
1310 3216 1528 3255 sumere
1559 3199 1626 3253 ab
1651 3199 2005 3268 agricultura,
2035 3197 2199 3268 ΜΟ
2223 3213 2347 3252 cum

772 3296 841 3349 de
891 3294 1154 3349 docendis
1208 3293 1462 3346 ﬁdelibus
1513 3292 1651 3360 agit;
1709 3290 1790 3345 sic
1837 3290 1894 3342 in
1929 3275 2351 3343 “commentariis

774 3387 1029 3456 Epistola:
1061 3385 1126 3438 ad
1167 3385 1440 3438 Romanos
1478 3401 1490 3435 :
1534 3401 1551 3433 ε
1588 3383 1669 3436 Ex
1706 3381 1772 3435 iis
1809 3381 2064 3450 gentibus
2099 3380 2232 3434 estis
2279 3379 2347 3443 ⁸ο,

775 3488 1010 3541 quarum
1069 3470 1345 3524 culturam
1398 3470 1711 3540 (γεωργίαν)
1756 3469 1993 3537 suscepi,
2047 3484 2116 3522 ne
2165 3467 2353 3522 existi-

777 3566 936 3619 metis
957 3567 970 3581 '
994 3579 1079 3616 me
1103 3579 1261 3630 agros
1283 3562 1406 3616 aliis
1421 3562 1722 3630 assignatos
1745 3559 2024 3614 invadere.
2052 3579 2072 3611 ι
2099 3561 2167 3613 Ει
2191 3561 2352 3628 paulo

776 3665 900 3724 post
933 3673 945 3707 :
987 3674 1004 3704 α
1030 3655 1272 3708 Arbores
1299 3655 1410 3724 jam
1442 3652 1712 3721 plantatas
1741 3651 1966 3719 irrigare
1989 3651 2192 3704 volo".
2234 3669 2251 3700 ι
2286 3652 2353 3705 Ει

777 3755 987 3814 postea,
1029 3761 1155 3799 cum
1188 3744 1531 3805 ostenderet,
1574 3752 1839 3810 quantum
1876 3740 2046 3796 fuerit
2085 3742 2137 3795 in
2184 3742 2353 3795 Paulo

779 3837 982 3892 laboris
1015 3846 1072 3890 et
1104 3835 1404 3906 diligentiae
1440 3833 1686 3889 studium
1719 3850 1732 3886 :
1777 3852 1795 3884 ι
1834 3833 2080 3886 lnaratas
2117 3833 2266 3886 enim
2295 3843 2354 3888 et

781 3929 1014 3982 incultas
1052 3935 1231 3982 terras
1283 3925 1568 3994 accipietis
1597 3925 1676 3990 “;
1714 3939 1823 3977 non
1865 3923 1969 3977 alia
2015 3923 2250 3978 faciebat
2297 3935 2354 3980 et

781 4019 1106 4084 seminabat,
1138 4025 1196 4072 et
1230 4017 1429 4072 uberes
1454 4025 1666 4086 segetes
1695 4015 2042 4079 ostendebat,
2081 4033 2099 4066 ›
2135 4025 2244 4070 etc.

1404 4180 1654 4218 COLLATIO
1697 4180 1753 4218 11.

817 4279 963 4333 Inter
996 4277 1338 4350 dialogistam
1361 4286 1410 4329 et
1442 4277 1836 4350 Theodoretum,
1881 4278 2056 4347 quoad
2083 4278 2319 4350 dialogos

1135 4344 1238 4400 ires
1271 4347 1519 4400 adversus
1550 4344 1974 4401 Macedonianos.

2440 1937 2747 2005 interrogat
2784 1936 3235 1990 Macedonianum
3259 1977 3271 1999 ,
3313 1937 3471 2005 cujus
3501 1936 3612 1990 sint
3657 1934 3773 1988 haec
3809 1935 4023 1989 verba?

2439 2026 2592 2092 Filii,
2636 2028 2710 2081 ait
2745 2026 3205 2092 Macedonianus;
3257 2027 3576 2096 dictumque
3622 2027 3819 2097 probat
3860 2027 4022 2080 testi-

2440 2120 2624 2174 monio
2651 2119 2935 2188 Apostoli:
2978 2119 3042 2172 In
3075 2121 3286 2172 nomine
3317 2119 3442 2173 Jesu
3476 2135 3627 2174 omne
3662 2136 3797 2189 genu
3830 2121 4020 2187 ﬂecta-

2442 2222 2530 2264 tur
2561 2211 2609 2275 ἀ,
2646 2219 2695 2264 et
2723 2213 2891 2264 omnis
2932 2211 3112 2281 lingua
3137 2210 3472 2278 confiteatur,
3495 2218 3603 2264 etc.
3634 2210 3702 2264 Et
3731 2209 3858 2263 inde
3890 2225 4026 2263 con-

2443 2303 2615 2358 cludit
2651 2303 2992 2357 orthodoxus
3030 2321 3041 2355 :
3087 2322 3104 2352 ‹
3140 2303 3257 2358 Una
3283 2311 3367 2357 est
3396 2302 3564 2372 igitur
3601 2302 3779 2356 Patris
3809 2310 3862 2354 et
3895 2301 4020 2355 Filii

2442 2397 2722 2451 divinitas.
2754 2414 2772 2447 ι
2797 2395 3182 2452 Theodoretus
3200 2395 3268 2449 ad
3308 2395 3489 2450 locum
3521 2395 3766 2465 Apostoli
3801 2413 3814 2448 :
3851 2415 3867 2446 ι
3891 2393 4026 2450 Om-

2442 2505 2570 2546 nem
2601 2497 2749 2545 certe
2782 2489 3019 2544 haeresin
3055 2489 3102 2521 “
3148 2505 3248 2558 per
3277 2504 3448 2558 pauca
3494 2488 3611 2543 haec
3643 2488 3811 2541 verba
3844 2503 4025 2557 expuo

2445 2583 2632 2653 gnavit
2661 2582 2882 2636 divinus
2907 2583 3204 2651 Apostolus
3224 2622 3238 2646 ,
3274 2591 3388 2635 tum
3417 2597 3513 2636 eos
3541 2580 3634 2650 qui
3675 2580 4025 2634 divinitatem

2446 2673 2724 2744 Unigeniti
2749 2674 3156 2743 blasphemant,
3198 2693 3216 2725 ι
3245 2681 3353 2727 etc.
3390 2674 3459 2728 Et
3503 2682 3734 2742 postea:
3773 2691 3789 2722 ί
3827 2670 4028 2724 Arium

2445 2782 2577 2820 vero
2593 2775 2648 2820 et
2666 2766 2996 2821 Eunomium
3018 2765 3401 2834 blasphemare
3423 2765 3617 2818 iisdem
3635 2764 3821 2818 verbis
3842 2771 4031 2817 osten-

2448 2859 2548 2920 dit,
2585 2877 2603 2909 ›
2634 2868 2740 2912 etc.
2763 2857 3210 2913 Concluditvero
3243 2875 3255 2910 :
3298 2876 3316 2908 ι
3347 2856 3456 2912 Sed
3479 2857 3546 2912 de
3577 2856 3666 2910 his
3697 2855 3863 2910 etiam
3891 2853 4030 2908 alin

2448 2949 2667 3017 copiose
2696 2949 3077 3002 disseruimus.
3119 2967 3137 3000 ι

2519 3040 2605 3093 ιν.
2639 3039 2936 3109 Dialogista
2993 3055 3212 3093 rursum
3267 3039 3612 3094 divinitatem
3662 3040 3787 3095 Filii
3839 3055 3908 3094 cx
3962 3055 4033 3092 eo

2376 3158 2416 3212 ρ
2450 3133 2666 3201 probat,
2699 3132 2845 3200 quod
2882 3131 3025 3203 apud
3067 3131 3329 3186 Davidem
3374 3133 3521 3186 Deus
3566 3133 3828 3201 populum
3863 3147 4030 3185 suum

2453 3221 2536 3274 his
2570 3219 2726 3290 M1
2782 3220 2969 3274 verbis
3011 3219 3303 3288 compellat
3347 3235 3358 3269 :
3404 3218 3562 3281 Audi,
3608 3217 3797 3287 popule
3843 3218 3936 3277 mi,
3982 3225 4036 3268 ct

2453 3313 2781 3365 contestabor
2811 3319 2878 3373 tc,
2909 3310 3100 3375 Israel,
3136 3311 3182 3363 si
3216 3309 3448 3362 audieris
3481 3325 3582 3373 me,
3621 3325 3724 3361 non
3760 3310 3859 3360 erit
3891 3309 3947 3360 in
3984 3316 4036 3358 te

2451 3402 2591 3456 Deus
2632 3418 2816 3465 novus,
2864 3417 3030 3470 neque
3064 3401 3310 3453 adorabis
3361 3400 3528 3453 Deum
3564 3399 3799 3453 alienum
3842 3410 3887 3462 θ,
3921 3411 4031 3453 etc.

2458 3494 2762 3563 lnterrogat
2797 3494 2945 3547 enim
2998 3492 3487 3555 Macedonianum,
3543 3493 3702 3562 cujus
3755 3494 3867 3545 sint
3917 3491 4039 3544 hac

2451 3585 2644 3650 verba,
2668 3585 2863 3648 Patris,
2884 3600 2951 3638 an
2981 3584 3124 3638 Filii.
3143 3583 3522 3638 Theodoretus
3547 3584 3614 3636 ad
3643 3583 3791 3636 hunc
3812 3583 3997 3636 locum
4020 3601 4034 3635 :

2461 3697 2477 3728 ι
2513 3675 2698 3738 Iubet,
2726 3676 2773 3706 ⁸⁵
2805 3691 2872 3729 ne
2913 3675 3153 3728 alienum
3188 3683 3243 3728 et
3271 3691 3471 3728 novum
3502 3675 3671 3729 Deum
3703 3675 3907 3738 colant,
3939 3672 4038 3728 sed

2454 3785 2600 3834 eum,
2632 3769 2725 3838 qui
2757 3768 3067 3822 libertatem
3105 3768 3236 3836 ipsis
3263 3768 3494 3837 largitus
3520 3773 3624 3821 est.
3658 3767 3786 3820 Haec
3815 3782 3951 3820 vero
3981 3779 4040 3822 et

2455 3859 2569 3913 Arii
2592 3859 2929 3914 et'Eunomii
2959 3858 3254 3912 amentiam
3279 3858 3637 3927 redarguunt.
3665 3857 3721 3911 Si
3750 3859 3898 3911 enim
3925 3873 4040 3912 non

2455 3962 2539 4006 est
2571 3950 3055 4006 eonsubstantialis
3076 3948 3425 4020 Unigenitus,
3450 3950 3573 4020 jure
3603 3949 3817 4003 alienus
3849 3951 4038 4004 vocari

2458 4052 2656 4113 queat;
2690 4053 2767 4106 et,
2803 4044 2849 4096 si
2887 4043 2992 4097 fuit
3029 4049 3246 4111 tempus
3269 4041 3490 4111 quando
3520 4057 3631 4095 non
3661 4052 3802 4105 erat,
3840 4058 4043 4096 recens

2456 4144 2560 4197 est,
2581 4143 2636 4188 et
2652 4150 2760 4187 non
2787 4144 2872 4188 est
2893 4132 3281 4202 sempiternus.
3304 4133 3587 4188 Manifeste
3606 4133 3775 4204 igitur
3791 4134 4040 4187 divinam

2457 4227 2630 4295 legem
2673 4223 3185 4294 transgrediuntur,
3229 4225 3472 4278 alienum
3518 4225 3689 4279 Deum
3724 4233 3781 4278 et
3829 4241 4040 4279 novum

2458 4317 2718 4370 colentes.
2751 4316 2954 4370 Verum
2989 4323 3204 4386 tempus
3235 4332 3344 4369 non
3385 4325 3490 4380 est,
3526 4326 3588 4370 ut
3613 4332 3805 4371 eorum
3844 4326 4043 4388 stupo-

2461 4423 2573 4461 rem
2603 4407 2998 4477 redarguamus
3032 4425 3044 4459 :
3085 4427 3102 4458 ι
3134 4409 3338 4478 quippe
3377 4423 3541 4476 quem
3577 4418 3737 4463 antea
3780 4412 3919 4464 satis
3950 4426 4042 4463 re-

856 4499 894 4551 I.
930 4497 1118 4562 Quoad
1156 4496 1382 4549 tertium
1425 4496 1734 4550 collationis
1760 4504 1947 4566 caput,
1989 4507 2351 4567 prmterquam
2387 4494 2432 4548 D
2461 4498 2689 4552 l'ellerat.

786 4589 932 4658 quod
973 4588 1359 4643 Theodoretus
1398 4587 1640 4657 scripsit,
1683 4597 1743 4642 ut
1788 4597 1951 4643 antea
1995 4589 2257 4654 diximus,
2299 4604 2358 4645 se

789 4679 1051 4733 adversus
1089 4680 1619 4733 Pneumatomachos
1655 4679 1881 4732 totidem
1925 4679 2098 4734 libros
2134 4695 2358 4750 compo—

790 4770 988 4834 suisse,
1010 4779 1143 4839 quot
1171 4771 1437 4826 adversus
1474 4769 1696 4823 eosdem
1727 4769 1928 4839 dialogi
1972 4770 2265 4835 exsistunt,
2297 4780 2360 4826 ea

791 4868 940 4914 certe
975 4870 1059 4912 est
1082 4861 1383 4929 dialogistze
1417 4868 1473 4914 et
1507 4858 1838 4912 Theodoreti
1874 4859 1931 4912 in
1953 4859 2203 4914 doctrina
2233 4875 2364 4914 con-

796 4951 993 5012 sensio,
1026 4965 1148 5019 qua:
1176 4950 1584 5005 'l‘heodoretum
1618 4965 1729 5003 non
1762 4950 1984 5019 quidem
2012 4950 2359 5015 nominatim,

796 5042 885 5095 sed
905 5041 1224 5095 indubitatis
1242 5040 1460 5095 indiciis
1477 5053 1756 5094 auctorem
1783 5040 2125 5110 dialogorum
2141 5041 2360 5110 prodat.

859 5133 926 5186 ll.
967 5133 1293 5200 Dialogista,
1340 5148 1466 5186 cum
1507 5133 1672 5186 vellet
1705 5131 2093 5186 Macedoniam
2139 5133 2366 5186 demon-

792 5233 987 5287 strare,
1035 5223 1280 5276 eamdem
1318 5238 1440 5278 esse
1481 5223 1626 5287 Filii,
1663 5239 1784 5290 qua:
1828 5222 2026 5287 Patris,
2080 5223 2363 5284 deitatem,

794 5315 1019 5369 adhibet
1061 5315 1156 5368 Dei
1196 5317 1358 5369 verba
1403 5316 1547 5386 apud
1597 5319 1917 5386 prophetam
1955 5316 2210 5379 dicentis,
2258 5316 2366 5386 Ego

866 5450 893 5487 δ
917 5448 1018 5504 lsa.
1055 5467 1202 5516 mu,
1235 5450 1320 5506 12.
1396 5463 1418 5491 ε
1450 5451 1583 5506 ibid.
1610 5452 1698 5505 2i.

1777 5452 1802 5490 ἀ
1833 5453 2045 5523 Philpp.
2080 5470 2138 5516 tt,
2171 5452 2252 5506 10.
2334 5464 2357 5491 θ
2392 5453 2532 5508 Psal.
2557 5467 2712 5512 Lux,
2739 5451 2791 5503 9.

2531 4588 2596 4641 ν.
2647 4587 2936 4657 Dialogista
2985 4587 3198 4642 inducit
3240 4588 3693 4643 Macedonianum
3744 4603 4045 4663 negantem

2463 4679 2606 4733 idem
2644 4693 2784 4742 esse,
2829 4694 2891 4731 ex
2927 4678 3037 4747 ipso
3066 4687 3122 4732 et
3152 4693 3245 4747 per
3294 4679 3466 4748 ipsum
3517 4678 3576 4745 ἐξ
3625 4681 3790 4733 αὐτοῦ
3838 4685 3935 4735 καὶ
3977 4685 4045 4738 δι’

2465 4768 2650 4831 αὑτοῦ,
2682 4785 2792 4838 quo
2817 4768 3058 4823 declinet
3090 4779 3474 4838 argumentum
3509 4771 3800 4826 orthodoxi
3834 4776 4050 4830 utentis

2465 4860 2780 4914 testimonio
2830 4860 2986 4915 Pauli
3034 4859 3102 4913 ad
3153 4861 3491 4930 probandam
3538 4861 3661 4917 Filii
3711 4879 3836 4918 cum
3879 4865 4049 4922 Patre

2467 4950 3113 5014 consubstantialitatem,
3144 4959 3200 5006 et
3230 4951 3641 5022 interrogantis,
3669 4953 3737 5008 de
3765 4971 3876 5023 quo
3908 4957 4051 5011 Pau-

2467 5040 2552 5093 lus
2574 5041 2789 5094 locutus
2805 5040 2894 5105 sit,
2921 5049 3026 5094 etc.
3051 5040 3431 5097 Theodoretus
3454 5044 3519 5096 ad
3548 5045 3724 5098 locum
3750 5046 4001 5116 Apostoli
4035 5069 4049 5104 :

2476 5151 2493 5182 ι
2531 5133 2633 5186 Per
2663 5132 2779 5186 haec
2809 5131 3049 5187 ostendit
3077 5133 3296 5188 divinus
3322 5136 3617 5204 Apostolus
3647 5138 3714 5203 “,
3743 5153 3801 5192 se
3832 5155 4053 5211 prapo-

2469 5223 2685 5278 sitionis
2720 5239 2782 5276 ex
2803 5240 2902 5292 quo
2920 5233 2974 5278 et
2992 5241 3084 5294 per
3110 5242 3285 5295 quem,
3312 5225 3683 5282 dilicrentiam
3713 5246 3825 5284 non
3851 5247 4048 5296 nosse;

2473 5332 2533 5368 ac
2566 5315 2712 5368 illam
2742 5314 2989 5383 quidem,
3027 5327 3088 5368 ut
3122 5331 3242 5384 qua:
3287 5316 3494 5386 aliquid
3532 5321 3707 5391 majus
3752 5320 4048 5392 signiﬁcet,

2872 5448 2890 5486 ί
2926 5451 3084 5504 Rom.
3124 5467 3192 5515 xi,
3227 5452 3313 5506 56.

2129 5585 2443 5645 SCHULZII
2481 5587 2709 5642 ΝΟΤᾸΞ.

947 5744 1049 5798 Vid
1075 5743 1234 5820 _ljist.
1269 5748 1553 5820 eccl.,lib.
1580 5766 1632 5811 v,
1667 5764 1786 5820 cap.
1825 5751 2042 5805 ultimo.

797 5822 837 5867 t.
882 5815 943 5873 ll.
984 5831 1038 5882 p.
1074 5817 1195 5870 338.
1271 5818 1316 5849 “
1347 5819 1469 5874 Yid.
1508 5828 1546 5872 t.
1583 5820 1670 5884 lll,
1696 5815 1754 5891 p1
1780 5823 1900 5877 455.

2147 5751 2193 5782 ιο
2215 5751 2338 5805 Vid.
2385 5760 2422 5802 ι.
2460 5749 2549 5810 Ill.
2583 5765 2638 5816 p.
2671 5749 2754 5803 t6.

2002 5821 2187 5876 "Vid.
2230 5831 2267 5874 t.
2305 5822 2345 5885 1,
2393 5836 2445 5888 ρ.
2483 5819 2634 5874 1185.
2712 5820 2758 5850 ⁸⁸
2787 5820 2906 5873 Vid.
2945 5831 2982 5874 t.
3008 5821 3094 5887 lll,
3130 5819 3308 5891 p.127
3343 5839 3458 5892 seq.

2867 5751 2907 5780 δ’
2937 5751 3083 5804 Loco
3108 5751 3225 5815 cit.,
3267 5768 3320 5820 p.
3353 5754 3438 5807 19.
3543 5756 3589 5785 "
3634 5753 3772 5809 Ibid.
3848 5751 3894 5786 ⁸³
3929 5751 4050 5809 Vill.
