4224 6442
189 389 291 453 389

187 594 407 658 doceat,
440 594 585 649 Filio
624 612 637 647 :
670 596 862 650 ambas
888 596 1037 650 enim
1066 596 1120 648 in
1150 604 1385 664 utraque
1415 610 1647 664 persona
1676 612 1776 665 po-

186 686 298 740 suit
328 704 342 735 :
368 702 535 757 quam
569 685 683 739 sive
716 686 897 740 Patris
926 700 1046 740 esse
1073 686 1338 750 dixerint,
1369 688 1462 755 qui
1492 702 1616 739 cum
1650 687 1779 740 Ario

185 783 240 829 et
265 776 547 829 Eunomio
569 776 836 841 sentiunt,
861 776 1144 831 invenient
1168 776 1542 847 praepositioni
1567 792 1631 829 ea:
1653 792 1776 845 quo,

186 866 663 936 praepositionem,
716 884 811 937 per
843 885 1027 937 quem,
1073 884 1194 923 esse
1232 872 1618 940 conjunctam;
1663 868 1779 923 sive

187 958 327 1012 Filio
344 960 754 1029 adaptaverint,
776 960 1044 1015 videbunt
1069 961 1463 1030 praepositioni,
1488 980 1581 1033 per
1601 980 1778 1033 quem,

185 1052 660 1120 praepositionem,
688 1067 752 1103 ea:
780 1069 902 1122 quo,
933 1068 1053 1106 esse
1084 1054 1471 1122 conjunctam;
1514 1055 1557 1107 si
1594 1063 1779 1108 autem

187 1141 533 1210 praepositio,
578 1156 643 1194 ex
690 1159 814 1211 quo,
862 1142 1070 1211 aliquid
1119 1144 1298 1212 majus
1346 1143 1638 1211 signiﬁcat,
1688 1161 1782 1214 per

187 1248 340 1302 quem
362 1241 553 1287 autem
586 1232 788 1295 minus,
820 1233 1071 1287 etambte
1106 1234 1161 1286 in
1189 1248 1298 1287 una
1324 1250 1559 1303 persona
1590 1235 1782 1304 posita:

188 1332 338 1385 sunt,
372 1323 523 1377 idem
572 1338 771 1392 nempe
808 1325 989 1393 seipso
1020 1324 1215 1393 major,
1255 1335 1480 1394 propter
1517 1326 1780 1396 praeposi-

189 1414 395 1467 tionem
435 1430 501 1466 επ
532 1430 654 1483 quo,
686 1420 742 1467 et
774 1428 967 1467 rursus
1021 1412 1204 1466 minor
1236 1422 1462 1483 prepter
1512 1416 1783 1485 przeposi-

191 1504 421 1567 tionem,
452 1522 547 1575 per
589 1521 765 1574 quem,
804 1504 1108 1559 existimari
1151 1505 1274 1575 jure
1299 1506 1521 1573 poterit.
1562 1528 1579 1556 ι
1615 1507 1681 1559 Et
1713 1504 1781 1559 ad

190 1604 355 1663 caput
397 1595 442 1657 l,
496 1594 805 1663 Epistolas!
856 1594 922 1649 ad
964 1593 1283 1649 Corinthios
1319 1596 1386 1649 ⁸⁷.
1436 1615 1453 1647 ι
1493 1596 1783 1665 Apostolus

190 1683 685 1751 praepositionibus
726 1685 863 1738 citra
904 1684 1073 1738 ullum
1106 1684 1403 1740 discrimen
1433 1686 1608 1740 utitur
1644 1706 1655 1740 :
1694 1688 1783 1741 hic

189 1777 334 1827 enim
360 1776 835 1845 praepositionem,
859 1793 952 1847 per
975 1792 1151 1846 quem,
1180 1793 1343 1847 quam
1380 1779 1473 1847 qui
1507 1795 1631 1833 cum
1652 1781 1782 1834 Ario

835 392 931 453 DE
971 392 1324 452 DIALOGIS
1363 392 1528 452 ADV.
1570 390 1918 464 ARIANOS,
1962 392 2503 451 MACEDONIANO

1103 392 1324 452 LOGIS
1363 392 1528 452 ADY.
1570 390 1918 464 ARIANOS,
1962 392 2567 465 ΜΑΕΕΒΟΝΙΑΝΟς,
2611 394 2767 453 Εἰίἶέ.

189 502 336 558 Patri
368 505 704 557 convenire:
745 504 888 557 hanc
923 518 1075 567 vero,
1110 513 1169 558 ut
1199 519 1320 573 qum
1356 503 1564 573 aliquid
1596 504 1778 556 minus
1812 511 1849 561 Α

3367 396 3470 459 390

1954 501 2087 555 VIII.
2145 502 2439 573 Dialogista
2485 505 2589 558 sub
2626 506 2788 558 linem
2828 505 2990 573 primi
3025 506 3223 577 dialogi
3268 523 3469 562 novum

1887 592 2151 662 quiddam
2187 594 2366 649 atfert.
2407 596 2553 663 quod
2589 611 2699 649 non
2743 596 3016 651 immerito
3063 610 3284 668 propter
3318 600 3468 654 inso-

1886 682 2110 736 lentiam
2143 682 2562 737 Macedonianus
2604 686 2857 747 miretur,
2893 701 2923 739 a
2952 688 3220 756 propheta
3256 690 3469 742 scilicet

1890 776 2096 829 tonitru
2155 777 2380 829 nomine
2422 776 2785 845 significatum
2833 794 2957 833 esse
3000 779 3332 848 baptismum
3381 781 3467 834 his

1886 865 2109 919 verbis:
2146 865 2276 918 Ecce
2316 882 2408 935 ego
2450 865 2700 935 Spiritus,
2729 870 2817 937 qui
2854 867 3073 935 obﬁrmo
3106 869 3324 928 tonitru,
3356 876 3463 922 etc.

1889 956 2269 1010 Theodoretus
2292 958 2359 1011 ad
2385 960 2499 1012 hazc
2523 959 2687 1013 verba
2711 962 2905 1029 psalmi
2930 977 3094 1015 xxvm
3112 962 3154 1019 ξ’
3180 978 3192 1013 :
3219 960 3324 1013 Vox
3355 959 3466 1013 Do-

1890 1045 2020 1097 mini
2036 1060 2195 1113 super
2221 1062 2409 1115 aquas,
2449 1047 2588 1100 Deus
2615 1050 2909 1118 majestatis
2930 1050 3177 1112 intonuit,
3206 1051 3257 1103 id
3286 1049 3467 1118 ipsum

1888 1150 1998 1189 non
2024 1136 2262 1189 obscure
2288 1137 2486 1190 innuit.

1959 1227 2049 1281 IX.
2089 1228 2295 1281 Verum
2329 1228 2382 1281 in
2415 1228 2659 1282 secundo
2690 1229 2905 1299 dialogo
2938 1231 3118 1284 adhuc.
3143 1247 3201 1285 se
3237 1233 3471 1288 manife-

1888 1318 2027 1371 stius
2053 1329 2249 1373 auctor
2272 1320 2551 1388 patefacit.
2587 1320 2723 1373 Nam
2754 1336 2878 1373 cum
2912 1322 3302 1377 Macedoniano
3338 1340 3467 1394 per-

1888 1410 2121 1464 suadere
2155 1412 2338 1473 vellet,
2380 1413 2615 1466 Verbum
2650 1413 2819 1467 fuisse
2851 1414 2999 1467 Patri
3028 1416 3359 1484 subjectum,
3398 1432 3468 1472 ex

1888 1517 1999 1572 quo
2036 1511 2293 1557 naturam
2323 1504 2537 1569 induit;
2570 1506 2798 1560 adhibet
2840 1508 3214 1561 testimonium
3246 1508 3469 1562 Duvidis

1889 1596 2023 1665 psal.
2043 1611 2150 1660 nl,
2173 1596 2231 1649 Il
2266 1614 2278 1648 :
2304 1596 2378 1648 De
2405 1604 2583 1650 ventre
2604 1599 2788 1651 matris
2806 1615 2933 1652 mete
2953 1598 3087 1652 Deus
3109 1616 3253 1653 meus
3286 1615 3339 1653 es
3375 1609 3431 1652 tu
3448 1619 3469 1665 ,-

1888 1688 2035 1754 quod
2066 1688 2133 1742 de
2166 1688 2393 1743 Christo
2422 1688 2838 1758 interpretatur.
2876 1690 3105 1759 Moxque
3136 1692 3420 1762 subjungit
3449 1709 3463 1746 :

1896 1799 1911 1829 ι
1944 1780 2019 1833 De
2042 1788 2231 1834 ventre
2262 1780 2451 1834 matris
2474 1796 2607 1835 vero
2632 1780 2873 1836 Verbum
2893 1784 3124 1846 exstitit,
3150 1798 3275 1837 cum
3300 1784 3467 1853 Virgo

190 1877 244 1919 et
297 1867 577 1919 Eunomio
622 1868 889 1931 sentiunt,
937 1869 1075 1922 Filio
1125 1868 1455 1931 attribuunt,
1507 1870 1573 1923 de
1624 1870 1783 1925 Patre
1820 1880 1857 1935 Β
1888 1871 2141 1939 concepit
2167 1879 2224 1924 et
2245 1872 2459 1939 peperit
2479 1872 2908 1927 Emmanuelem.
2948 1875 3371 1929 iTheodoretus
3397 1876 3465 1930 ad

192 1955 397 2023 posuit.
438 1956 556 2009 IIoc
602 1965 785 2010 autem
818 1973 928 2011 non
977 1958 1218 2023 fecisset,
1251 1960 1296 2013 si
1338 1962 1779 2030 pra-positionem

191 2064 284 2114 pz‘r
338 2063 499 2115 quem
554 2046 737 2102 minus
786 2049 992 2119 aliquid
1034 2050 1344 2121 significare
1388 2052 1779 2119 existimasset,

191 2154 353 2206 quam
387 2155 455 2192 ea:
481 2156 605 2208 quo.
651 2160 669 2190 ι
706 2140 775 2195 Et
804 2140 1003 2193 iterum
1034 2143 1102 2194 ad
1163 2141 1278 2196 haec
1317 2142 1520 2206 verba,
1588 2142 1780 2200 Fidelis

190 2231 350 2293 Deus,
388 2247 486 2300 per
537 2248 691 2302 quem
752 2234 923 2285 vocati
984 2234 1135 2299 estis;
1164 2234 1414 2289 eamdem
1449 2238 1778 2290 sententiam

191 2325 394 2393 repetit
430 2324 477 2355 "
508 2342 521 2375 :
563 2343 580 2374 ι
616 2324 716 2378 Hic
748 2324 916 2379 etiam
947 2342 1040 2394 per
1080 2341 1234 2395 quem
1268 2327 1335 2380 de
1366 2327 1525 2381 Patre
1573 2330 1775 2398 posuit,

189 2416 540 2486 impudentia
566 2417 953 2472 haereticorum
983 2433 1079 2471 ora
1108 2418 1425 2483 obstruens,
1457 2429 1514 2475 et
1549 2420 1776 2488 docens,

190 2509 334 2579 quod
369 2510 705 2578 parvitatem
736 2525 847 2563 non
878 2509 1164 2579 significet.
1199 2530 1218 2563 ι

263 2602 346 2655 VI.
383 2602 685 2671 Dialogista
704 2601 1048 2656 divinitatem
1074 2602 1238 2657 Verbi
1262 2610 1318 2657 et
1342 2602 1580 2671 Spiritus
1604 2604 1777 2659 sancti

193 2694 318 2748 inde
349 2694 554 2763 probat
586 2694 732 2764 quod
768 2693 847 2747 ait
877 2694 1199 2748 Psalmista:
1241 2694 1399 2747 Verbo
1428 2694 1640 2748 Domini
1666 2696 1780 2749 ca'li

189 2786 395 2851 ﬁrmati
416 2794 563 2847 sunt,
590 2796 639 2839 et
673 2785 874 2856 Spiritu
896 2788 1000 2839 oris
1023 2787 1136 2856 ejus
1157 2788 1324 2839 omnis
1344 2787 1507 2839 virtus
1526 2802 1705 2839 eorum
1731 2788 1775 2839 Β.

190 2878 363 2944 Quem
409 2879 597 2931 locum
630 2878 701 2931 ita
737 2886 954 2940 tractat,
1001 2886 1061 2931 ut
1106 2877 1285 2931 Verbo
1320 2876 1466 2930 dicat
1506 2890 1614 2929 non
1645 2878 1661 2895 ‘
1693 2891 1781 2929 so-

192 2967 298 3020 lam
339 2966 516 3019 tribui
545 2966 810 3020 caelorum
838 2964 1278 3027 fabricationem,
1318 2964 1546 3033 Spiritui
1590 2972 1780 3019 sancto

191 3058 354 3130 442
396 3059 669 3112 virtutum
703 3058 1051 3112 eﬂ‘ectionem
1103 3072 1198 3110 seu
1248 3055 1776 3121 sanctificationcm;

195 3150 287 3204 sed
334 3154 642 3218 utrumque
697 3149 769 3202 ab
816 3157 1051 3218 utroque
1094 3148 1248 3201 oriri.
1297 3146 1680 3202 Theodoretus
1722 3148 1778 3201 in

1890 1960 2071 2014 locum
2106 1961 2328 2026 Psalmi,
2374 1978 2539 2031 quem
2574 1963 2641 2017 de
2678 1963 2901 2019 Christo
2942 1966 3359 2035 intelligendum
3408 1967 3464 2020 in

1888 2052 2208 2122 przefatione
2256 2055 2639 2110 demonstrat:
2673 2075 2690 2106 ι
2717 2056 2841 2112 Haec
2876 2058 3063 2121 etiam,
3108 2060 3219 2122 ait,
3271 2060 3467 2114 beatus

1894 2146 2061 2201 Isaias
2086 2147 2419 2201 vaticinatus
2447 2157 2531 2202 est
2557 2149 2622 2199 “.
2664 2148 2799 2203 Cum
2834 2150 2981 2203 enim
3024 2151 3293 2205 dixisset:
3333 2152 3465 2205 Ecce

1885 2239 2032 2307 uirgo
2074 2240 2326 2308 concipiet
2368 2241 2421 2292 in
2460 2249 2637 2303 utero,
2693 2248 2740 2292 et
2770 2240 2940 2309 pariet
2966 2240 3185 2305 Filium,
3237 2253 3285 2295 et
3306 2257 3463 2295 voca-

1888 2330 2015 2383 bunt
2049 2346 2236 2383 nomen
2262 2330 2373 2399 ejus
2405 2330 2758 2393 Emmanuel;
2794 2331 3100 2401 subjunxit,
3129 2340 3236 2386 etc.
3268 2332 3466 2387 Beatus

1889 2419 2055 2489 igitur
2077 2419 2245 2473 David
2276 2420 2481 2474 Christi
2514 2420 2730 2472 Domini
2758 2435 2955 2489 gerens
2979 2435 3267 2488 personam
3288 2460 3302 2485 ,
3336 2421 3414 2476 ait
3446 2440 3460 2475 :

1888 2510 1961 2564 Tu
1992 2512 2237 2580 formasti
2261 2527 2342 2564 me
2362 2513 2418 2564 in
2444 2521 2614 2573 utero,
2646 2530 2662 2561 ι
2693 2520 2800 2565 etc.

1955 2603 2024 2658 X.
2060 2604 2245 2674 Longe
2277 2602 2459 2657 adhuc
2492 2604 2693 2657 clarius
2726 2618 2842 2657 rem
2876 2613 3045 2658 totam
3063 2603 3302 2658 ostendit
3332 2618 3461 2673 pro-

1886 2695 2150 2751 lixissima
2217 2695 2556 2749 concertatio
2601 2694 2901 2763 dialogistte
2953 2706 3009 2749 et
3063 2695 3461 2757 Macedoniam,

1886 2788 2311 2856 disceptantium
2330 2788 2397 2842 de
2421 2789 2655 2849 ratione,
2677 2803 2783 2856 qua
2806 2787 2976 2841 Filius
2991 2786 3139 2840 Patri
3159 2787 3460 2856 subjectus,

1891 2880 2054 2933 Pater
2090 2878 2230 2933 Filio
2263 2880 2440 2949 major
2472 2878 2689 2933 dicatur
2731 2880 2849 2933 sine
2884 2880 3222 2933 detrimento
3266 2881 3461 2947 ὁμοθυ-

1889 2970 2166 3037 σιότητοςε
2197 2968 2337 3021 duos
2364 2969 2509 3021 enim
2535 2968 2834 3037 Scripturte
2853 2969 3004 3024 locos
3022 2969 3265 3024 haeretici
3290 2968 3343 3023 in
3365 2984 3462 3023 ore

1886 3071 2105 3125 semper
2134 3055 2295 3127 “3
2322 3056 2598 3111 habebant
2622 3075 2635 3109 :
2661 3056 2823 3111 Filius
2853 3058 3115 3128 subjectus
3140 3059 3236 3110 erit
3270 3060 3335 3120 ei,
3372 3059 3462 3128 qui

1889 3148 2107 3217 subjecit
2130 3148 2227 3201 sibi
2259 3149 2439 3201 omnia
2463 3165 2481 3212 ;
2514 3157 2588 3209 et,
2614 3147 2779 3200 Pater
2802 3150 2978 3219 major
3002 3165 3081 3203 me
3104 3160 3199 3203 est.
3234 3149 3458 3204 Utrum-

193 3242 612 3296 cammentariis
652 3240 718 3294 ad
761 3241 927 3294 verba
958 3240 1262 3294 Psalmislte
1296 3258 1308 3293 :
1346 3259 1364 3289 ι
1398 3240 1535 3294 Vera
1567 3240 1776 3294 theolo—
1806 3244 1846 3299 C
1880 3256 1986 3310 que
2000 3240 2697 3296 demonstratOrtbodoxus
2712 3242 2981 3309 pertinere
2997 3242 3062 3294 ad
3077 3242 3458 3306 oeconomiam,

193 3334 276 3401 gia
300 3333 344 3365 "
372 3334 550 3386 Deum
577 3333 820 3386 Verbum
842 3331 1001 3385 nobis
1030 3332 1274 3386 ostendit
1292 3347 1417 3386 cum
1446 3340 1638 3385 sancto
1662 3330 1784 3401 Spi-

196 3428 303 3481 ritu
335 3437 391 3481 et
423 3426 595 3480 cmlos
623 3432 678 3479 et
700 3425 952 3479 caelestes
982 3424 1216 3478 virtutes
1246 3424 1461 3486 fecisse,
1506 3424 1783 3493 evangeli-

197 3532 430 3585 camque
449 3515 755 3569 doctrinam
774 3514 1060 3585 prophetia
1082 3515 1367 3584 anticipat.
1392 3514 1510 3569 Non
1535 3515 1785 3569 attribuit

195 3625 361 3678 porro
400 3610 519 3662 Deo
554 3607 776 3677 quidem
820 3608 1002 3662 Verbo
1042 3606 1455 3663 fabricationem
1498 3607 1781 3671 caelorum,

196 3710 387 3755 sancto
423 3715 560 3753 vero
590 3699 822 3769 Spiritui
868 3700 1135 3754 virtutum
1180 3701 1551 3765 creationem;
1590 3716 1782 3755 verum

195 3792 391 3845 eadem
451 3791 567 3859 ipsa
598 3799 657 3844 et
682 3790 925 3843 Verbum
968 3800 1026 3844 et
1056 3790 1322 3860 Spiritum
1369 3800 1619 3846 sanctum
1651 3792 1785 3847 eﬂ‘e—

196 3882 336 3935 cisse
366 3882 471 3945 ait,
515 3900 534 3932 ι
564 3890 673 3935 etc.

267 3973 381 4027 VII.
419 3972 715 4041 Dialogista
750 3970 1097 4024 divinitatem
1133 3971 1255 4025 Filii
1287 3972 1675 4028 demonstrans
1700 3973 1781 4027 al-

196 4066 305 4118 lato
327 4064 485 4118 Isaiae
510 4078 651 4124 κων,
691 4061 1042 4116 testimonio:
1069 4080 1087 4110 ι
1119 4062 1234 4118 Una
1260 4072 1345 4117 est
1372 4065 1560 4133 igitur,
1582 4064 1778 4134 inquit,

196 4155 463 4209 divinitas
495 4154 675 4208 Patris
698 4160 755 4206 et
783 4153 905 4207 Filii
939 4153 1027 4205 ὀἳ
1059 4153 1265 4208 Maced.
1310 4153 1638 4220 Quomodo?
1678 4154 1782 4210 Or-

198 4246 351 4300 thod.
383 4244 533 4298 Dicit
561 4243 730 4305 enim,
760 4242 874 4312 Ego
901 4258 1019 4296 sum
1048 4242 1208 4307 Deus,
1250 4253 1299 4296 et
1332 4261 1436 4298 non
1484 4245 1639 4298 alius.
1674 4244 1783 4298 Aut

196 4336 343 4389 enim
372 4333 606 4387 demens
634 4333 812 4386 factus
833 4332 1061 4403 negabis
1086 4333 1301 4387 Patrem
1322 4348 1443 4389 esse
1468 4336 1659 4399 Deum,
1688 4343 1784 4389 aut

195 4424 473 4479 conﬁtens
500 4424 717 4477 Patrem
742 4438 861 4477 esse
881 4422 1076 4485 Deum,
1103 4422 1407 4494 itidemque
1434 4424 1631 4479 Filium
1660 4440 1781 4481 esse

195 4517 395 4580 Deum,
442 4523 498 4569 et
538 4528 667 4569 eum
704 4514 935 4568 audiens
969 4514 1244 4569 dicentem
1277 4532 1290 4568 :
1325 4508 1438 4585 Ego
1470 4534 1589 4572 sum
1620 4516 1777 4582 Deus,

196 4618 243 4660 et
276 4613 482 4677 pneter
506 4619 589 4657 me
617 4620 722 4657 non
754 4613 829 4656 est
862 4602 1044 4668 alius;
1074 4602 1293 4657 unicam
1318 4603 1663 4658 divinitatem
1697 4604 1778 4659 fa-

197 4698 428 4753 teheris.
449 4696 659 4751 Maced.
684 4696 858 4750 Unam
880 4696 1139 4750 deitatem
1169 4711 1278 4750 non
1304 4696 1447 4751 dico.
1484 4716 1502 4747 ι
1525 4696 1779 4751 Theodo-

198 4801 353 4846 retus
385 4788 457 4843 ad
498 4789 650 4842 hunc
681 4788 861 4856 ipsum
892 4787 1047 4842 Isaiae
1090 4788 1269 4843 locum
1306 4806 1318 4841 :
1361 4807 1379 4839 ι
1416 4788 1471 4843 Si
1503 4797 1701 4858 praeter
1733 4788 1779 4819 ⁸¹

194 4899 323 4938 eum
355 4897 470 4936 non
501 4888 588 4934 est
613 4880 777 4940 Deus,
803 4879 977 4933 Filius
1002 4888 1186 4934 autem
1210 4896 1277 4935 ex
1302 4881 1416 4935 Arii
1442 4890 1497 4936 et
1522 4881 1781 4935 Eunomii

196 4970 543 5041 blasphemia
579 4984 689 5023 non
728 4976 814 5024 est
845 4969 1356 5035 consubstantialis;
1396 4970 1672 5039 quomodo
1709 4970 1778 5023 ab

197 5063 335 5129 ipsis
361 5061 515 5115 Deus
546 5058 886 5129 appellatur?
911 5057 1065 5123 Quod
1087 5058 1133 5112 si
1163 5058 1308 5113 Deus
1328 5068 1433 5121 est,
1456 5066 1511 5113 et
1534 5075 1663 5114 vera
1697 5068 1781 5115 est

198 5151 381 5205 oratio
403 5150 751 5221 prophetica,
781 5163 905 5218 quae
931 5156 1121 5217 aperte
1146 5148 1308 5204 docet
1332 5151 1567 5205 alterum
1606 5150 1779 5205 Deum

198 5256 310 5296 non
337 5256 499 5305 esse;
535 5256 643 5294 una
676 5239 923 5309 profecto
950 5249 1035 5294 est
1062 5240 1348 5296 Trinitatis
1372 5242 1568 5307 deitas,
1588 5251 1781 5297 tamet-

199 5334 245 5387 si
272 5333 473 5388 nolint.
517 5351 537 5383 ι

294 5495 319 5534 ι
344 5492 490 5546 Psal.
519 5508 683 5557 nm,
714 5494 766 5546 6.
857 5493 881 5530 ιι
914 5492 1079 5547 lCor.
1119 5509 1203 5555 xv,
1226 5494 1314 5547 28.

1887 3348 1999 3402 quo
2016 3333 2257 3388 Verbum
2284 3348 2413 3387 caro
2446 3333 2652 3387 factum
2682 3341 2785 3386 est.
2810 3332 3189 3386 Theodoretus
3217 3332 3270 3385 in
3299 3334 3463 3386 Com-

1887 3424 2171 3479 mentariis
2192 3424 2259 3478 ad
2277 3425 2517 3495 priorem
2536 3424 2716 3478 locum
2730 3424 2756 3463 ιι
2784 3424 2993 3487 :Hunc,
3022 3425 3119 3486 ait,
3144 3424 3320 3477 locum
3340 3424 3375 3477 ii
3393 3426 3457 3487 “,

1885 3517 2124 3586 quicum
2147 3516 2281 3571 Ario
2307 3524 2363 3570 et
2384 3516 2654 3570 Eunomia
2668 3517 2935 3579 sentiunt,
2961 3515 3017 3568 in
3038 3516 3219 3585 lingua
3241 3516 3460 3570 assidue

1887 3607 2091 3660 habere
2113 3614 2541 3669 consueverunt,
2558 3605 2933 3660 existimantes
2950 3606 3053 3659 bac
3072 3606 3300 3669 ratione,
3315 3621 3373 3659 se
3392 3605 3460 3660 de

1886 3695 2163 3764 Unigeniti
2194 3694 2457 3767 dignitate
2478 3694 2790 3748 detrahere.
2830 3692 3130 3762 Oportebat
3159 3703 3341 3747 autem
3365 3708 3462 3748 eos

1886 3785 2346 3849 animadvertere,
2376 3785 2624 3838 divinum
2638 3784 2959 3854 Apostolum
2985 3784 3040 3837 iu
3063 3784 3166 3838 hoc
3186 3785 3306 3838 loco
3324 3784 3460 3837 nihil

1886 3877 2170 3945 scripsisse
2194 3875 2263 3929 de
2285 3874 2573 3929 divinitate
2596 3873 2873 3944 Unigeniti
2910 3873 3140 3942 :jubeus
3168 3875 3315 3927 enim
3341 3889 3463 3930 crc-

1886 3966 2017 4019 dere
2042 3965 2225 4019 carnis
2250 3964 2733 4027 resurrectionem,
2763 3964 2882 4034 ejus
2913 3964 3371 4018 resurrectionem
3392 3979 3459 4018 ex

1884 4057 2103 4112 Domini
2165 4056 2570 4110 resurrectione
2612 4063 2843 4108 conatur
2898 4054 3207 4108 ostendere.
3235 4053 3459 4109 Clarum

1882 4158 1968 4204 est
1998 4158 2180 4203 autem
2208 4188 2222 4209 ,
2260 4147 2407 4217 quod
2450 4147 2629 4201 simile
2660 4147 2825 4201 simili
2876 4146 3251 4201 confirmetur.
3292 4147 3462 4201 Paulo

1884 4250 2009 4309 post
2043 4260 2055 4294 :
2087 4240 2380 4295 Sciendum
2410 4248 2492 4294 est
2514 4255 2644 4309 ergo
2686 4239 2822 4293 duas
2864 4253 2985 4293 esse
3016 4237 3218 4292 Christi
3243 4238 3458 4292 Domini

1884 4342 2130 4396 naturas,
2170 4342 2226 4387 et
2254 4331 2402 4401 quod
2435 4330 2731 4400 aliquando
2762 4329 2985 4398 quidem
3021 4328 3304 4397 Scriptura
3331 4344 3459 4382 eum

1885 4422 1951 4476 ab
1979 4422 2216 4474 humana
2237 4431 2433 4473 natura
2460 4418 2727 4482 nominet,
2750 4417 3045 4486 aliquando
3068 4433 3098 4470 a
3118 4417 3323 4481 divina,
3348 4426 3457 4471 etc.

1884 4512 2075 4582 Inique
2104 4526 2237 4582 ergo
2265 4526 2323 4565 se
2352 4520 2553 4579 gerunt
2582 4511 2677 4578 qui
2704 4509 3102 4577 blasphemant,
3142 4518 3304 4577 atque
3331 4524 3459 4563 eum

1884 4606 1979 4675 qui
2014 4605 2343 4658 constitutos
2363 4601 2721 4673 subjectionis
2740 4600 3008 4655 terminos
3031 4600 3274 4654 nondum
3306 4615 3462 4655 acce-

1885 4698 1988 4766 pit,
2020 4696 2292 4764 subjicere
2335 4702 2624 4747 conantur.
2670 4694 2901 4761 Oportet
2935 4692 3081 4746 enim
3119 4700 3459 4759 exspectare,

1885 4797 1942 4841 et
1984 4784 2345 4855 subjectionis
2383 4784 2608 4838 modum
2656 4783 2982 4851 intelligere.
3022 4782 3223 4836 Verum
3270 4779 3337 4835 de
3374 4781 3463 4835 bis

1885 4878 2104 4947 copiose
2129 4875 2492 4931 disseruimus
2518 4875 2573 4928 in
2601 4874 2805 4929 nostris
2828 4876 3089 4929 adversus
3114 4888 3211 4927 eos
3236 4886 3462 4925 concer-

1885 4967 2214 5023 tationibus:
2256 4984 2273 5017 ι
2309 4968 2366 5018 ὲν
2391 4971 2504 5029 τοῖς
2530 4966 2664 5035 πρὸς
2693 4967 2889 5027 αὐτοὺς
2912 4965 3143 5032 ἀγῶσιν,
3176 4963 3228 5016 id
3260 4972 3363 5024 est,
3397 4963 3453 5015 in

1883 5059 2087 5114 nostris
2116 5058 2381 5112 adversus
2427 5073 2521 5111 eos
2562 5056 2812 5125 dialogis.
2845 5054 3256 5124 Disputationes
3288 5052 3457 5115 enim,

1884 5165 2004 5220 qua:
2023 5147 2346 5218 dialogismo
2370 5146 2523 5209 fiunt,
2542 5145 2763 5214 proprie
2783 5152 2912 5199 sunt
2933 5143 3162 5211 ἀγῶνες,
3180 5142 3235 5195 in
3258 5140 3461 5210 quibus

1885 5249 2087 5295 mutuae
2120 5239 2411 5308 petitiones
2439 5252 2503 5289 ac
2540 5235 2938 5290 declinationes
2968 5234 3126 5297 fiunt,
3158 5246 3332 5300 eoque
3358 5244 3459 5283 no-

1886 5333 2031 5385 mine
2070 5330 2140 5384 ab
2176 5330 2294 5400 ipso
2351 5327 2697 5382 'I‘beodoreto
2732 5336 2997 5379 vocantur
3040 5325 3093 5377 in
3145 5320 3461 5391 praefatione

1552 5604 1866 5661 SCHULZII
1908 5604 2139 5661 ΝΟΤᾹΞ.

272 5726 316 5757 ⁵⁷
345 5724 472 5778 Vid.
536 5732 575 5777 t.
611 5722 700 5785 III,
727 5738 779 5790 p.
816 5722 936 5777 165.
1056 5720 1101 5751 ’⁸⁸
1129 5721 1289 5785 ibid.,
1314 5737 1367 5790 p.
1403 5720 1519 5775 167.

1611 5720 1671 5757 ·⁸⁹
1700 5721 1822 5774 Vid.
1886 5730 1925 5774 t.
1962 5721 2004 5782 I,

2027 5718 2238 5789 p.808.
2343 5718 2388 5749 δο
2419 5715 2555 5771 Dial.
2608 5718 2640 5767 ῖς
2776 5716 2814 5746 σε
2867 5712 2965 5765 Vid
3042 5717 3078 5763 ι.
3134 5708 3198 5770 ιι,
3244 5720 3291 5776 ρ,
3337 5701 3466 5757 549-

203 5798 247 5829 η
278 5795 401 5850 Vid.
433 5803 471 5849 t.
527 5793 569 5859 ι,
620 5808 674 5861 ρ.
710 5789 829 5846 732.
909 5793 956 5825 ι·
991 5790 1182 5846 Vid.t.
1229 5794 1269 5856 ι,
1316 5789 1380 5861 ’p.
1421 5792 1541 5846 757.
1621 5792 1667 5824 τι
1701 5791 1871 5845 Vid.t

710 5789 829 5846 78‘2.
909 5793 956 5825 "
991 5790 1114 5846 Vid.
1141 5800 1182 5844 t.
1229 5794 1269 5856 I,
1316 5789 1380 5861 7p.
1421 5792 1541 5846 757.
1621 5792 1667 5824 ”
1701 5791 1824 5845 Vid.
1853 5800 1893 5845 ι.
1920 5791 2009 5854 III,
2038 5789 2212 5858 p.27!
2249 5804 2362 5857 seq.
