4224 6442
748 397 847 457 391

1583 387 1962 448 ΟΑΒΝΕΙΠΙ
2006 382 2636 445 DlSSERTATlONIS
2676 385 2730 442 ll
2775 380 3174 443 APPENDIX-

3911 382 4019 442 392

748 507 1087 574 dialogorum
1119 499 1403 555 Eranistaz.
1428 499 1721 567 Postquam
1754 498 1900 550 enim
1931 495 2184 564 exposuit
2214 494 2329 548 sin-
2362 501 2408 555 Α
2436 494 2470 546 θ

2446 494 2590 557 Θεὸς,
2628 495 2726 547 οὐκ
2762 492 2827 546 ἂν
2870 488 2937 561 ἦν
2979 492 3140 560 μέσος
3181 487 3311 542 Θεοῦ
3352 489 3442 541 καὶ
3492 487 3813 558 ἀνθρώπων.
3863 489 3918 541 5.
3959 490 4024 540 Et

750 598 1002 667 gulorum
1029 600 1439 663 argumentum,
1465 589 1747 660 subjungit
1774 609 1785 642 :
1827 608 1844 638 ‹
1883 588 2036 640 Μετὰ
2081 587 2180 655 μὲν
2203 586 2330 647 τοὺς

748 687 898 754 τρεῖς
930 683 1144 750 ἀγῶνας
1175 677 1286 735 οἷον
1325 669 1754 749 ἐπαγώνίσματα
1775 679 1907 732 ἄλλα
1926 677 2329 747 προσθήσομεν.

751 778 850 832 llis
874 777 1052 830 tribus
1098 773 1496 828 certaminibus
1537 772 1640 825 alia
1678 771 1925 840 qiuedam
1965 769 2113 822 velut
2151 774 2330 822 certa-

752 869 962 923 minum
996 867 1367 920 additamenta
1401 864 1744 933 adjiciemus.
1777 882 1792 912 ι

821 959 913 1013 XI.
943 958 1257 1027 Dialogista,
1297 971 1406 1023 quo
1439 954 1926 1024 probetadversus
1957 947 2332 1003 Macedonium

754 1051 989 1119 Spiritus
1030 1049 1204 1102 sancti
1254 1047 1616 1107 divinitatem,
1665 1045 1769 1096 hoc
1819 1041 2105 1095 ratiocinio
2140 1041 2334 1093 utitur.

761 1163 778 1193 ι
806 1141 1054 1196 Ellicitur
1077 1141 1324 1196 eamdem
1344 1154 1462 1191 esse
1485 1138 1580 1190 Dei
1609 1145 1662 1189 et
1680 1135 1918 1204 Spiritus
1939 1132 2110 1186 sancti
2141 1145 2336 1199 opera—

754 1235 980 1288 tionem.
1028 1233 1272 1298 Quorum
1314 1244 1448 1283 vero
1484 1228 1674 1282 eadem
1714 1234 1799 1280 est
1833 1224 2100 1295 operatio,
2144 1235 2337 1276 eorum

755 1327 947 1380 eadem
968 1339 1188 1394 quoque
1227 1330 1312 1377 est
1336 1331 1551 1375 natura.
1593 1339 1609 1369 ι
1642 1320 1710 1372 Ει
1739 1318 1902 1386 paulo
1939 1323 2060 1383 post
2099 1332 2111 1365 :
2163 1333 2178 1363 ι
2210 1312 2340 1367 Vult

753 1417 946 1471 eadem
977 1416 1218 1484 Spiritus
1251 1420 1493 1473 sanctus,
1521 1425 1642 1478 quce
1676 1410 1838 1463 Pater
1863 1416 1918 1460 et
1954 1406 2144 1468 Filius,
2175 1411 2337 1472 atque

756 1509 882 1563 ideo
898 1509 1234 1562 voluntatem
1252 1501 1500 1559 eamdem
1514 1496 1774 1555 dicimus:
1791 1513 2024 1568 quorum
2040 1505 2223 1549 autem
2242 1509 2342 1547 vo-

756 1601 938 1656 luntas
959 1598 1148 1652 eadem
1165 1604 1269 1659 est,
1287 1594 1592 1662 eademque
1611 1589 1880 1660 operatio,
1895 1597 2089 1642 natura
2110 1587 2238 1639 item
2260 1590 2342 1637 est

757 1694 969 1748 eadem.
994 1711 1012 1742 ι
1034 1687 1483 1744 Theodoretusin
1503 1682 1844 1751 expositione
1862 1678 2054 1748 psalmi
2075 1691 2339 1730 cxxxvnr:

766 1803 783 1834 ‹
824 1781 1136 1838 Notandum
1169 1786 1253 1832 est
1292 1785 1476 1830 autem
1509 1775 1553 1805 ⁵³
1585 1771 1841 1825 docuisse
1896 1784 2045 1832 eum,
2089 1765 2338 1820 eamdem

2438 584 2597 654 μόνον
2666 581 2952 653 ἄνθρωπος
3014 581 3042 632 ὁ
3110 578 3366 649 Χριστὸς,
3423 577 3523 630 οὐκ
3573 577 3637 630 ἂν
3687 577 3888 642 ἔσωζεν
3927 579 4022 630 τὸν

2435 671 2664 741 κόσμονο
2693 672 2785 724 καὶ
2808 672 2857 722 et
2894 672 3051 738 μόνον
3083 668 3236 732 Θεὸς,
3272 669 3372 721 οὐκ
3419 667 3484 720 ἂν
3511 666 3598 719 διὰ
3648 666 3853 730 πάθους
3882 667 4023 720 ἐσω-

2436 763 2528 825 ζεν
2549 779 2563 794 ⁸
2599 758 2836 832 ἑκάτερα
2866 760 2923 813 δὲ
2955 761 3207 829 Χριστὸς,
3247 762 3339 812 καὶ
3362 759 3492 822 Θεὸς
3525 760 3630 830 ἄρα
3659 760 3775 812 ἐστὶ
3803 760 3898 812 καὶ
3925 759 4026 811 ἇν-

2439 853 2674 924 θρωπος.
2714 855 2768 908 Δ.
2817 854 2878 906 El
2949 855 3112 920 μόνον
3167 851 3452 922 ἄνθρωπος
3481 847 3549 922 ἦν
3577 852 3604 902 ὁ
3631 852 3885 918 Χριστὸς,
3922 851 4027 903 οὐκ

2439 944 2505 997 ἂν
2553 941 2834 1007 ὲζωοποίει
2875 945 3002 1008 τοὺς
3031 941 3276 1014 νεκρούς
3315 943 3408 997 καὶ
3445 944 3494 995 εἰ
3543 942 3705 1012 μόνον
3733 942 3886 1006 Θεὸς,
3922 942 4026 996 οὐκ

2441 1033 2508 1086 ἂν
2557 1031 2660 1104 ἰδίᾳ
2701 1035 2849 1103 παρὰ
2893 1033 2984 1085 τὸν
3033 1033 3253 1103 Πατέρα
3295 1031 3575 1096 ὲζωοποίει
3611 1031 3764 1095 τινὰς
3793 1033 3903 1083 τῶν
3933 1050 4026 1085 νε-

2441 1126 2609 1196 κρῶν.
2664 1124 2932 1194 Ἐκάτερα
2962 1122 3018 1175 δὲ
3046 1126 3073 1176 ὁ
3105 1122 3358 1193 Χριστὸς,
3390 1123 3522 1186 Θεὸς
3550 1123 3656 1193 ἄρα,
3694 1123 3788 1174 καὶ
3820 1121 4030 1192 ἄνθρω-

2441 1234 2541 1278 πος
2577 1216 2605 1268 ὁ
2633 1215 2814 1278 αὐτὸς.
2853 1215 2905 1270 5.
2943 1216 3086 1286 Σὰρξ
3119 1215 3175 1267 δὲ
3216 1214 3352 1267 Θεοῦ
3396 1214 3542 1283 ζωῆς
3570 1215 3802 1283 ὄργανον
3849 1211 4030 1285 ἁρμο-

2442 1307 2667 1375 ζόμενον
2724 1307 2835 1369 τοῖς
2890 1305 3088 1358 πάθεσι
3141 1304 3279 1375 πρὸς⁵
3331 1305 3430 1367 τὰς
3463 1304 3614 1368 θείας
3647 1302 3863 1375 βουλὰς,
3899 1304 4026 1357 οὗτε

2441 1397 2589 1464 λόγοι
2633 1398 2835 1467 σαρκὸς
2885 1397 3024 1460 ἴδιοι,
3061 1396 3181 1448 οὔτε
3217 1396 3442 1465 πράξεις
3489 1395 3584 1448 καὶ
3631 1397 3741 1459 τοῖς
3796 1395 4029 1449 πάθεσιν

2444 1487 2855 1557 ὑποϐαλλομένη
2889 1487 3030 1538 κατὰ
3069 1484 3128 1538 τὸ
3158 1489 3318 1556 σαρκὶ
3349 1482 3644 1556 προσῆκον,
3681 1486 3850 1556 ἰσχύει
3887 1487 4030 1538 κατὰ

2443 1578 2552 1631 τῶν
2603 1577 2811 1634 παθῶν.
2860 1577 2947 1630 διὰ
2986 1574 3046 1629 τὸ
3088 1569 3228 1628 εἶναι
3268 1573 3404 1628 Θεοῦ
3447 1577 3601 1640 σάρξ.
3646 1576 4029 1630 Tbeodoretus

2443 1668 2666 1722 eosdem
2698 1667 3042 1739 syllogismos
3071 1683 3137 1722 ex
3162 1667 3370 1737 scripto
3396 1666 3722 1738 Apollinarii
3759 1673 4027 1736 quodam,

2443 1757 2591 1827 quod
2609 1758 3092 1827 Compendiarium
3122 1767 3301 1823 vocat,
3327 1758 3556 1813 totidem
3581 1757 3811 1813 omnino
3839 1757 4031 1812 verbis

758 1874 1136 1943 operationem
1179 1868 1383 1923 habere
1432 1867 1608 1919 Deum
1653 1870 1708 1918 et
1749 1860 2016 1930 Spiritum
2061 1867 2335 1912 sanctum.
2374 1829 2414 1887 Β
2446 1850 2614 1905 refert
2647 1852 2711 1906 ".

759 1967 874 2032 Quo
903 1965 1005 2027 ibo,
1059 1963 1157 2026 ait,
1211 1978 1242 2014 a
1283 1958 1485 2030 Spiritu
1528 1968 1637 2018 tuo,
1692 1961 1740 2006 et
1772 1969 1872 2023 quo
1909 1968 1940 2004 a
1973 1951 2102 2019 facie
2136 1957 2229 2001 tua
2255 1947 2340 2016 fu-

758 2057 951 2126 giam?
1014 2054 1154 2108 Sane
1194 2065 1431 2120 quorum
1475 2057 1560 2102 est
1607 2061 1712 2099 una
1756 2043 2028 2113 operatio,
2077 2056 2180 2093 una
2220 2055 2340 2092 om—

760 2149 892 2201 nino
913 2157 997 2200 est
1019 2145 1264 2215 potentia
1292 2161 1307 2208 ;
1333 2152 1390 2196 et
1412 2153 1647 2210 quorum
1680 2145 1766 2191 est
1793 2151 1899 2188 una
1934 2129 2199 2202 potentia,
2233 2144 2341 2183 una

761 2241 951 2309 utique
981 2248 1066 2293 est
1106 2246 1321 2291 natura.
1355 2237 1371 2252 '
1404 2234 1521 2290 Una
1562 2231 1730 2301 igitur
1767 2236 1851 2282 est
1880 2225 1975 2280 Dei
2011 2234 2066 2278 et
2103 2223 2343 2292 Spiritus

763 2332 939 2386 sancti
970 2337 1188 2383 natura.
1223 2347 1239 2378 ι

832 2424 946 2477 ΧΙΙ.
980 2421 1279 2491 Dialogista
1315 2415 1766 2473 Macedonianum
1810 2410 2022 2466 inducit
2053 2417 2341 2480 negantem

760 2533 882 2572 esse
920 2517 1085 2578 idem,
1112 2531 1223 2585 per,
1256 2522 1313 2568 et
1335 2528 1416 2575 cas,
1445 2518 1747 2580 arguteque
1775 2515 1831 2561 et
1857 2504 2199 2560 contentiose
2229 2500 2344 2556 dis-

764 2618 1072 2679 putantem,
1104 2621 1214 2659 non
1253 2620 1375 2659 esse
1417 2603 1578 2656 aliam
1631 2601 1684 2653 in
1723 2598 2026 2652 tractandis
2069 2594 2346 2667 mysteriis

763 2699 1135 2756 adhibendam
1178 2711 1389 2759 vocem,
1433 2708 1596 2763 quam
1628 2708 1735 2761 qua
1775 2691 1918 2744 Deus
1953 2690 2068 2758 ipse
2107 2689 2178 2742 sit
2213 2700 2346 2741 usus

766 2795 820 2847 in
849 2791 1172 2862 Scripturis.
1199 2789 1356 2842 Hunc
1383 2788 1559 2839 locum
1584 2784 1773 2854 paucis
1805 2780 2110 2836 immutatis
2138 2780 2194 2832 in
2225 2779 2346 2832 dia-

766 2885 950 2954 legum
996 2881 1219 2935 tertium
1251 2877 1540 2940 Eranistaa,
1577 2873 1742 2946 444
1777 2882 1838 2928 ut
1871 2888 1929 2927 se
1966 2871 2081 2941 ipse
2111 2870 2346 2941 prodere

767 2975 1007 3030 voluisse
1040 2973 1330 3039 utriusque
1355 2967 1541 3038 operis
1570 2974 1854 3035 parentem
1885 2963 2160 3016 videatur.

835 3069 952 3122 lloc
979 3081 1088 3120 uno
1121 3066 1242 3118 loco
1268 3077 1359 3116 res
1385 3060 1611 3114 omnino
1637 3058 1951 3121 coniicitur,
1981 3054 2254 3124 siquidem
2291 3053 2345 3106 in

768 3161 985 3229 dialogo
1013 3155 1260 3212 secundo
1287 3153 1553 3207 adversus
1588 3149 2011 3204 Macedonianos
2036 3147 2104 3200 de
2138 3146 2224 3199 bis
2252 3160 2346 3199 co-
2376 3191 2417 3246 ϐ

771 3252 923 3320 piose
959 3249 1284 3308 disseratur,
1325 3257 1448 3312 quae
1483 3239 1821 3295 contractius
1851 3238 1906 3291 in
1931 3235 2349 3291 commentariis

769 3339 1016 3410 Apostoli
1053 3336 1438 3405 attinguntur,
1481 3340 1539 3385 et
1570 3330 1793 3384 nomine
1823 3343 2039 3391 eorum,
2081 3325 2176 3396 qui
2220 3339 2346 3379 cum

769 3430 984 3484 Arioet
1005 3425 1278 3481 Eunomio
1309 3421 1578 3485 sentiunt,
1621 3417 1996 3473 Macedoniani
2034 3415 2349 3486 significen-

773 3528 866 3574 tur
905 3535 918 3571 :
952 3516 1099 3587 quod
1134 3529 1320 3578 nemo,
1349 3513 1444 3582 qui
1473 3509 1914 3566 Commentarios
1946 3507 2162 3578 legerit,
2205 3507 2347 3560 ditii-

775 3613 923 3658 1831!]
933 3621 978 3657 Γ.

1373 3749 1623 3789 COLLATIO
1650 3751 1720 3788 IV.

771 3853 920 3910 Inter
964 3853 1304 3921 dialogistam
1352 3859 1400 3921 et
1444 3850 1840 3921 Theodoretum,
1895 3849 2067 3919 quoad
2114 3849 2348 3920 dialogos

1137 3924 1266 3974 duos
1297 3920 1545 3974 adversus
1578 3919 1993 3989 Apollinarium.

839 4061 882 4114 1.
912 4059 1030 4115 Jam
1051 4072 1184 4112 vero
1204 4056 1350 4126 quod
1373 4056 1612 4126 pertinet
1637 4055 1704 4109 ad
1733 4055 1978 4125 dialogos
1998 4055 2137 4110 duos
2152 4056 2348 4112 adver-

771 4167 868 4207 sus
895 4150 1319 4220 Apollinarium,
1338 4148 1484 4218 quod
1507 4157 1630 4202 erat
1663 4147 1716 4200 in
1748 4148 2042 4216 partitione
2067 4157 2346 4218 quartum,

772 4253 1133 4312 prasterquam
1159 4239 1305 4309 quod
1335 4240 1390 4292 in
1419 4238 1728 4308 posteriore
1756 4238 2046 4292 solvuntur
2074 4239 2350 4309 sigillalim

769 4333 1094 4404 Apollinarii
1141 4330 1388 4401 argutiaz,
1417 4345 1556 4398 quas
1603 4329 1983 4385 Tbeodoretus
2025 4346 2082 4385 se
2123 4331 2351 4385 solvisse

773 4418 986 4489 scribit,
1015 4425 1070 4478 in
1108 4424 1292 4492 priore
1321 4421 1610 4492 dialogista
1663 4421 1838 4477 refert
1878 4436 1935 4475 se
1961 4421 2165 4476 vidisse
2188 4422 2352 4492 Apol-

2515 1942 2604 1998 111.
2632 1943 2776 2010 Quid
2803 1944 3016 1998 multa?
3041 1941 3434 2006 Conferantur,
3466 1955 3588 2012 quae
3623 1947 3752 1996 sunt
3784 1941 3837 1994 in
3875 1949 4033 1995 utro-

2443 2052 2549 2105 que
2570 2035 2807 2106 dialogo,
2833 2052 2960 2091 cum
2983 2037 3071 2100 iis,
3094 2052 3216 2106 qua:
3238 2035 3621 2091 Tbeodoretus
3644 2034 3698 2088 in
3724 2034 4030 2104 reprehen-

2445 2128 2600 2184 sione
2631 2131 3000 2199 capitulorum
3027 2130 3219 2202 Cyrilli
3255 2129 3572 2193 duodecim,
3607 2131 3662 2183 in
3686 2129 3910 2200 dialogo
3942 2147 4029 2186 sc-

2445 2221 2628 2274 cundo
2669 2223 2968 2288 Eranistae,
3011 2224 3107 2293 qui
3136 2222 3495 2288 lnconfusus;
3534 2223 3589 2276 in
3620 2223 3798 2292 capite
3833 2233 4035 2278 octavo

2447 2312 2574 2366 libri
2607 2330 2657 2368 tv
2689 2310 3072 2367 Iiwreticarum
3126 2312 3454 2382 fabularum,
3488 2319 3544 2366 et
3571 2312 3626 2366 in
3665 2313 3792 2366 libri
3835 2331 3889 2376 v,
3939 2331 4034 2367 ca-

2447 2406 2559 2475 pite
2586 2405 2803 2460 decimo
2825 2406 2988 2461 tertio
3013 2421 3138 2480 cum
3162 2405 3541 2474 sequentibus,
3568 2404 3836 2459 adversus
3854 2406 4034 2475 Apol-

2447 2495 2708 2550 linarium
2752 2506 3120 2568 sanctumque
3159 2495 3424 2569 Cyrillum
3460 2497 3794 2565 composuit,
3841 2498 4035 2552 statim

2451 2588 2741 2658 apparebit
2762 2597 2818 2642 et
2843 2588 3205 2643 consonantia
3227 2586 3497 2641 doctrina:
3525 2594 3581 2640 et
3603 2585 3836 2656 spiritus
3860 2587 4035 2651 idem,

2448 2689 2504 2733 et
2524 2679 2716 2732 eadem
2747 2680 3190 2734 testimoniorum
3222 2676 3521 2744 Scriptum
3545 2674 3958 2746 interpretatio,
3981 2691 4038 2734 et

2447 2786 2557 2825 una
2583 2787 2725 2841 saepe
2758 2771 2948 2825 dictio.

2523 2864 2609 2917 IV.
2639 2863 2715 2916 Ex
2752 2862 2859 2928 bis,
2899 2878 3020 2932 qua:
3054 2863 3325 2919 hactenus
3352 2865 3499 2920 dicta
3525 2875 3674 2928 sunt,
3703 2861 4036 2917 confectum

2449 2963 2552 3016 est,
2591 2955 2810 3023 opinor,
2859 2954 3006 3022 quod
3050 2954 3154 3008 fuit
3200 2957 3565 3025 propositum,
3617 2954 4036 3010 Theodoretum

2451 3060 2650 3115 nempe
2703 3060 2826 3100 esse
2870 3055 3152 3100 auctorem
3197 3047 3540 3119 dialogorum
3581 3047 3745 3119 445
3796 3056 4034 3116 septem,

2451 3139 2545 3208 qui
2579 3139 2633 3192 in
2667 3139 2815 3192 hunc
2852 3153 3025 3208 usque
3072 3139 3218 3193 diem
3261 3140 3457 3195 alienis
3505 3139 3869 3210 scriptoribus
3907 3154 4039 3208 sup-

2453 3231 2616 3301 positi
2645 3239 2792 3285 sunt.

2524 3321 2586 3375 V.
2619 3320 2736 3385 Quo
2766 3330 3014 3390 tempore
3061 3322 3348 3390 compositi
3386 3318 3532 3387 sint,
3577 3321 3705 3376 inde
3753 3322 4038 3376 aestiman-

2452 3412 2603 3467 dum.
2641 3412 2846 3466 Eorum
2875 3413 3130 3467 meminit
3168 3413 3550 3468 Tbeodoretus
3593 3412 3647 3466 in
3680 3412 4039 3468 Commenta-

2452 3504 2552 3558 riis
2576 3503 2642 3558 ad
2667 3504 2941 3574 Epistolas
2965 3504 3140 3567 Pauli,
3194 3505 3359 3559 editis
3402 3522 3546 3560 anno
3579 3506 3701 3560 455.
3733 3505 4039 3577 Compositi

2452 3603 2582 3650 sunt
2611 3596 2779 3667 igitur
2801 3606 2928 3650 ante
2963 3613 3167 3650 annum
3203 3598 3325 3651 455.
3363 3598 3570 3654 Deinde
3599 3599 3750 3654 nulla
3788 3600 3847 3653 ﬁt
3889 3600 3944 3654 in
3972 3602 4042 3655 iis

2452 3687 2660 3740 mentio
2705 3688 2882 3742 tertiae
2925 3689 3145 3758 synodi,
3205 3705 3329 3744 cum
3365 3689 3458 3744 fiat
3518 3699 3700 3745 tamen
3742 3693 3935 3760 primm
3976 3710 4043 3748 ac

2453 3775 2728 3840 secundae,
2774 3791 2877 3830 nec
2905 3777 3090 3832 minus
3129 3787 3311 3832 tamen
3352 3779 3520 3835 fuerit
3558 3791 3902 3849 opportunus
3931 3783 4040 3836 hu-

2448 3867 2558 3936 jus,
2597 3880 2761 3934 quam
2796 3865 3011 3919 illarum
3041 3865 3307 3922 faciendae
3342 3869 3517 3935 locus,
3560 3886 3683 3924 cum
3713 3872 3781 3926 de
3826 3875 4041 3941 Apolli-

2452 3955 2612 4009 nario
2665 3965 2942 4025 ageretur,
2991 3972 3152 4026 quam
3185 3974 3309 4013 cum
3349 3960 3416 4014 de
3455 3961 3587 4015 Ario
3614 3972 3670 4017 et
3716 3963 4042 4019 Macedonio

2455 4063 2641 4102 sermo
2666 4059 2831 4103 esset.
2864 4050 3045 4116 Quare
3078 4051 3276 4120 opinor
3325 4054 3662 4122 compositos
3700 4056 3869 4110 fuisse
3910 4069 4040 4113 ante

2455 4149 2631 4193 motas
2671 4155 2700 4193 a
2749 4140 3005 4195 Nestorio
3041 4143 3228 4196 turbas
3255 4144 3322 4207 ⁸⁸,
3366 4155 3531 4214 atque
3594 4147 3667 4201 ita
3726 4150 4038 4205 censendos

2455 4231 2598 4286 inter
2623 4246 2812 4301 opera,
2841 4248 2961 4302 quae
2983 4231 3364 4289 Tbeodoretus
3386 4235 3440 4289 in
3473 4236 3674 4291 litteris
3689 4237 3754 4291 ad
3777 4248 4034 4294 sanctum

2454 4324 2694 4378 Leonem
2746 4339 2892 4377 anno
2946 4324 3049 4378 M9
3080 4324 3244 4391 datis,
3288 4327 3509 4396 scripsit
3543 4344 3574 4381 a
3611 4343 3669 4384 se
3698 4340 3824 4384 ante
3859 4347 4040 4386 annos

2453 4417 2649 4488 viginti
2671 4417 2839 4472 edita.
2875 4418 3031 4472 Tunc
3062 4419 3208 4472 enim
3232 4429 3352 4474 erat
3383 4421 3548 4490 hujus
3578 4423 3884 4491 argumenti
3924 4433 4040 4477 tra-

773 4518 957 4572 linarii
987 4516 1174 4580 fidem,
1206 4515 1260 4568 in
1297 4529 1404 4584 qua
1442 4529 1644 4583 corpus
1671 4513 1886 4567 Domini
1919 4517 2090 4567 nostri
2140 4514 2351 4569 diceret
2385 4525 2426 4578 ι)
2457 4512 2639 4567 ctandi
2663 4513 2901 4577 occasio,
2930 4528 3053 4567 eum
3079 4529 3276 4583 nempe
3306 4515 3649 4569 incumberet
3678 4516 4040 4573 vehementer

770 4625 897 4664 esse
948 4607 1309 4663 coessentiale
1358 4607 1577 4676 corpori
1620 4606 1833 4671 Marite;
1875 4606 2088 4659 inducit
2130 4621 2349 4676 quoque

772 4701 1218 4772 Apollinaristam
1243 4698 1686 4767 fatentem,quod
1715 4713 1842 4750 caro
1863 4697 2067 4751 Christi
2094 4699 2165 4751 sit
2192 4698 2353 4752 nobis

771 4793 1075 4862 ὁμοούσιος,
1110 4790 1416 4859 fatentique
1447 4789 1763 4843 assentitur.
1804 4788 1955 4842 Hanc
1985 4788 2155 4857 ipsam
2189 4787 2350 4842 fidem

777 4883 1162 4938 Tbeodoretus
1187 4881 1353 4934 tradit
1379 4896 1436 4934 sc
1466 4880 1671 4933 vidisse
1694 4879 1762 4943 ⁸⁸,
1800 4894 1866 4932 ex
1887 4893 2061 4948 eaque
2097 4878 2349 4933 testimo-

775 4974 924 5026 nium
957 4971 1182 5041 profert,
1225 4969 1372 5023 unde
1406 4968 1606 5038 probet
1629 4967 1869 5022 Verbum
1903 4983 1968 5020 ea:
2019 4974 2205 5022 sancta
2241 4967 2353 5022 Vir-

775 5064 894 5132 gine
925 5077 1140 5114 carnem
1170 5060 1536 5129 assumpsisse,
1569 5067 1677 5112 etc.

843 5154 908 5207 ll.
955 5152 1247 5221 Dialogista
1270 5152 1324 5204 in
1356 5151 1661 5220 posteriore
1697 5149 1914 5220 dialogo
1951 5151 2350 5220 Apollinarium

777 5243 990 5297 inducit
1069 5243 1156 5297 his
1213 5243 1548 5313 syllogismis
1613 5250 1876 5297 utentem.
1917 5245 1991 5297 l:
2038 5244 2353 5316 Ἀνθρώπου

773 5334 834 5385 τὸ
883 5333 1182 5402 ἀναστῆναι
1239 5334 1303 5384 ὲκ
1352 5331 1582 5402 νεκρῶν,
1632 5331 1769 5385 Θεοῦ
1817 5332 1874 5384 δὲ
1917 5333 1981 5384 τὸ
2018 5333 2350 5402 ἀναστῆσαι·

775 5425 1010 5494 ἑκάτερα.
1069 5424 1126 5477 δὲ
1176 5422 1445 5495 Χρὶστὸς,
1505 5423 1636 5486 Θεὸς
1687 5423 1792 5494 ἄρα
1845 5424 1940 5476 καὶ
1988 5423 2272 5495 ἄνθρωπος
2327 5427 2355 5479 ὁ

776 5517 957 5579 αὐτός.
1033 5516 1088 5568 2.
1148 5517 1210 5568 Et
1272 5515 1430 5586 μόνον
1487 5510 1552 5586 ἦν
1611 5514 1932 5587 ἄνθρωπος,
1999 5516 2031 5586 ἢ
2092 5519 2140 5569 εἰ
2195 5517 2354 5586 μόνον

2459 4603 2514 4657 in
2541 4619 2752 4673 agrum,
2794 4611 2855 4656 ut
2888 4603 3155 4673 loquitur,
3187 4604 3288 4658 sibi
3319 4620 3349 4658 a
3377 4605 3487 4659 Deo
3530 4605 3792 4660 traditum
3835 4624 4040 4678 repur-

2457 4695 2694 4765 gandum
2731 4694 2800 4748 ab
2827 4695 2942 4747 Arii
2977 4703 3033 4749 et
3059 4695 3314 4748 Eunomii
3342 4695 3494 4749 lolio.

2530 4786 2613 4839 Vl.
2648 4784 2752 4839 Sed
2779 4785 2999 4854 quando
3023 4786 3261 4854 primum
3299 4787 3512 4840 subdici
3547 4787 3898 4843 Theodoreto
3921 4806 4040 4844 cce-

2457 4876 2660 4946 perint,
2688 4885 2744 4930 et
2771 4876 2929 4930 alteri
2965 4876 3222 4945 supponi,
3256 4874 3472 4930 difﬁcile
3493 4885 3578 4931 est
3605 4876 3855 4931 definire.
3887 4877 4041 4934 Solet

2455 4969 2603 5023 enim
2635 4968 2942 5037 suppositio
2978 4967 3246 5022 librorum
3279 4967 3398 5022 ﬁeri
3429 4969 3632 5022 sensim
3683 4970 3802 5024 sine
3843 4985 4037 5037 sensu,

2458 5060 2570 5112 imo
2599 5073 2728 5113 casu
2780 5067 2840 5111 ut
2874 5058 3170 5126 plurimum
3209 5075 3221 5110 :
3259 5067 3546 5127 postquam
3589 5059 3798 5114 scilicet
3829 5060 4042 5116 oblivio

2459 5147 2665 5203 delevit
2695 5147 2939 5203 auctoris
2973 5162 3196 5210 nomen,
3217 5157 3349 5202 tunc
3380 5148 3685 5219 ignorantia
3717 5148 4042 5206 describen-

2458 5241 2617 5303 tium,
2659 5240 2900 5294 alienum
2947 5247 3155 5296 temere
3191 5241 3500 5306 substituit,
3543 5251 3768 5312 propter
3793 5244 4039 5313 aliquam

2459 5332 2766 5403 argumenti
2797 5331 3176 5401 cognationem
3209 5346 3332 5386 cum
3360 5334 3868 5402 argumento,quod
3905 5336 4041 5389 olim

2458 5424 2542 5478 vir
2567 5421 2765 5491 aliquis
2815 5421 2992 5492 magni
3034 5421 3272 5476 nominis
3308 5430 3612 5478 tractasset.
3664 5423 3782 5477 Non
3824 5424 4042 5496 impro-

2463 5514 2645 5568 babile
2707 5521 2888 5566 tamen
2940 5513 3074 5566 mihi
3120 5513 3357 5578 videtur,
3420 5513 3472 5567 id
3527 5513 3822 5584 contigisse
3871 5517 4046 5584 paulo

2138 5657 2452 5714 SCIIULZII
2494 5653 2728 5707 NOT/E.

843 5765 1042 5838 ηδ’ῑςι.
1097 5776 1133 5820 t.
1167 5769 1207 5831 l,
1236 5785 1355 5838 pag.
1398 5769 1547 5822 1535.

771 5837 944 5890 schol.
986 5837 1032 5889 l.

1625 5769 1671 5801 ⁸⁸
1706 5768 1842 5823 Dial.
1901 5772 1919 5822 l
1973 5771 2255 5826 Eranistaa.
2335 5774 2376 5802 ³⁷
2410 5772 2529 5827 Vid.
2591 5779 2721 5822 tom.
2774 5766 2872 5829 ιγ,
2907 5783 3022 5836 mg.
3063 5766 3187 5820 2336.
3266 5765 3453 5819 I“Vid.
3512 5781 3854 5838 supra,pag..
3896 5767 4041 5836 ΗΞ,
