4224 6442
161 445 266 506 393

1366 436 1464 494 DE
1506 435 1680 492 FIDE
1713 429 2220 490 THEODORETL

3315 426 3418 486 391

157 565 278 625 post
310 571 344 605 ’ί
378 553 672 623 synodum,
720 565 846 605 cum
892 548 1033 618 apud
1089 547 1356 616 plurimos
1412 543 1746 599 Theodoreti
1778 548 1820 602 Α
1849 540 2032 592 euolso
2063 537 2406 594 nobilissimo
2435 537 2708 594 defensori
2737 538 3248 594 tribueretur.Tunc
3271 550 3418 594 certe

155 661 360 701 nomen
397 645 678 699 laboraret
711 641 937 705 invidia,
973 648 1028 693 et
1073 637 1342 708 quidquid
1381 636 1448 690 de
1473 635 1741 690 Trinitate

153 738 550 793 eiucuhratum
581 742 918 796 occurreret,
953 731 1252 785 Athanasio
1283 728 1569 784 Trinitatis
1613 731 1742 796 ὁμθε

162 934 540 950 ut

1849 639 2079 708 Vigilius
2115 652 2254 708 Opus
2316 651 2473 692 suum
2522 637 2589 692 de
2633 635 2901 692 Trinitate
2944 636 3238 690 Athanasio
3264 635 3416 690 afﬁn-

1850 730 1949 794 xit,
1976 738 2083 784 etc.

1182 1085 2141 1201 DlSSERTATlO
2226 1093 2429 1202 Ill.

975 1325 1072 1383 DE
1113 1322 1288 1381 FIDE
1327 1317 1815 1380 THEODORETI
1853 1319 2218 1382 CYRENSIS
2256 1323 2614 1385 EPISCOPI.

1744 1483 1816 1494 δ..-

217 1611 389 1684 M6
417 1612 494 1666 De
528 1609 634 1665 ﬁde
683 1606 1022 1664 Theodoreti
1067 1621 1175 1660 non
1217 1606 1372 1676 prius
1401 1605 1634 1675 quaestio
1665 1606 1744 1660 in-

152 1704 304 1757 stitui
339 1703 563 1765 debuit,
595 1716 760 1770 quam
792 1700 859 1753 de
906 1699 1015 1752 vita
1049 1708 1105 1753 et
1143 1696 1210 1752 de
1259 1698 1416 1752 libris
1441 1707 1620 1752 actum
1659 1713 1746 1751 es-

152 1803 232 1847 set
271 1810 282 1845 :
319 1793 454 1845 vitae
513 1791 658 1846 enim
706 1787 970 1851 narratio,
1028 1801 1152 1841 cum
1207 1793 1284 1840 tot
1326 1795 1546 1854 tamque
1575 1783 1744 1837 variis

149 1885 378 1938 casibus
409 1883 672 1937 distincta
715 1881 809 1944 sit,
838 1877 1194 1948 cupiditatem
1234 1875 1486 1930 accendit
1510 1874 1741 1938 sciendi,

150 1990 270 2043 qua:
305 1973 535 2028 tandem
561 1982 707 2025 esset
731 1971 908 2039 reipsa
930 1969 1064 2022 ﬁdes
1100 1967 1340 2024 hominis
1364 1974 1510 2020 tanta
1531 1965 1742 2034 experti

149 2065 443 2138 religionis
503 2063 558 2118 in
614 2078 799 2118 causa.
863 2060 1016 2116 Facit
1075 2060 1348 2115 librorum
1395 2073 1650 2121 censura,
1688 2064 1748 2112 ut

145 2159 426 2229 judicium
471 2157 542 2212 de
589 2155 696 2211 ﬁde
747 2171 817 2212 ex
864 2153 1078 2209 idoneis
1109 2152 1374 2207 duntaxat
1416 2149 1748 2205 testimoniis

149 2259 484 2307 exerceatur
520 2267 532 2303 :
561 2264 687 2302 nam
738 2247 985 2310 interest,
1027 2260 1093 2300 ex
1127 2245 1328 2315 quibus
1354 2244 1509 2298 libris
1553 2251 1608 2298 et
1637 2258 1746 2312 quo

152 2353 408 2415 tempore
449 2341 781 2411 conscriptis
808 2338 1118 2395 testimonia
1145 2337 1497 2409 proferantur
1527 2354 1540 2402 ;
1577 2335 1747 2405 siqui-

151 2438 274 2492 dem
323 2438 439 2492 alia
479 2435 686 2490 dicitur
733 2433 904 2490 fuisse
951 2431 1075 2487 aliis
1120 2429 1480 2500 temporibus,
1532 2427 1746 2498 aliaque

151 2531 275 2584 aliis
308 2528 586 2600 operibus
611 2526 858 2597 exposita
895 2521 1232 2578 Theodoreti
1257 2519 1551 2576 sententia.

221 2623 362 2678 Cum
421 2623 541 2677 haec
571 2635 740 2690 porro
790 2617 1020 2688 quaestio
1057 2623 1376 2678 exercetur,
1423 2610 1744 2682 deponenda

153 2723 281 2768 sunt
317 2713 379 2768 in
420 2714 744 2766 alterutram
787 2718 998 2780 partem
1048 2706 1361 2778 praejudicia
1387 2744 1400 2767 ,
1428 2719 1599 2772 eaque
1629 2718 1745 2756 ser-

152 2803 330 2858 vanda
360 2804 475 2867 lex,
526 2816 687 2870 quam
723 2797 1021 2870 Gregorius
1053 2797 1277 2865 Magnus
1305 2791 1604 2862 prudenter
1637 2797 1747 2844 sta-

154 2897 257 2951 tuit
287 2898 330 2961 ⁸,
371 2913 392 2947 r
429 2905 492 2949 ut
522 2891 908 2948 Theodoretus
950 2889 1251 2958 recipiatur
1284 2894 1432 2940 recta
1460 2883 1742 2954 proﬁtens,

154 2989 459 3042 damnetur
479 2985 661 3040 aliena
703 2984 966 3038 sentiens.
1002 3000 1020 3032 ι
1069 2977 1348 3049 Fu‘gienda
1382 2977 1640 3031 nimirum
1662 2984 1748 3030 est

153 3088 406 3132 extrema
445 3076 580 3130 hinc
621 3083 677 3129 et
706 3073 834 3128 inde
867 3071 1160 3134 sententia,
1215 3068 1328 3122 sive
1377 3066 1742 3121 recentiorum

152 3170 401 3240 plurium
431 3167 776 3231 Graecorum,
817 3164 911 3234 qui
938 3159 1274 3218 Theodoreti
1302 3139 1609 3214 doctrinam
1643 3172 1746 3210 no-

155 3277 397 3331 menque
430 3261 779 3314 detestantur
810 3273 823 3321 ;
855 3256 968 3309 sive
999 3251 1342 3308 eruditorum
1382 3247 1746 3318 quorumdam

156 3354 363 3408 Latina:
401 3352 603 3422 gentis,
633 3349 727 3420 qui
761 3363 857 3403 sua
884 3346 967 3400 vel
1000 3343 1327 3399 auctoritate
1346 3341 1432 3394 vel
1463 3339 1664 3409 ingenii
1695 3339 1745 3392 vi

156 3446 471 3500 abutuntur
517 3442 585 3497 ad
636 3437 1012 3509 repellendam
1065 3449 1284 3490 omnem
1336 3448 1366 3486 a
1411 3431 1744 3487 Theodoreti

155 3539 331 3607 capite
369 3533 805 3591 accusationem.

212 3627 627 3700 lnquirendum
685 3624 872 3694 igitur,
924 3620 1058 3690 quid
1108 3628 1257 3674 recte
1300 3617 1567 3681 senserit,
1613 3617 1745 3686 quid

159 3738 315 3777 secus
391 3735 504 3774 non
548 3718 616 3773 de
660 3716 826 3771 Verbi
865 3724 1076 3769 tantum
1138 3711 1546 3774 incarnatione,
1598 3709 1744 3779 quod

158 3822 344 3867 tamen
374 3824 554 3865 unum
600 3808 764 3877 vulgo
803 3805 975 3868 solet;
1030 3801 1124 3858 sed
1161 3802 1228 3856 de
1255 3802 1379 3856 aliis
1415 3802 1579 3855 etiam
1620 3799 1744 3854 ﬁdei

156 3903 464 3972 capitibus,
507 3908 734 3970 propter
761 3895 1169 3954 controversias
1194 3894 1594 3964 posterioribus
1613 3901 1748 3948 tem-

158 3996 392 4064 poribus
429 3999 608 4046 motas
648 4007 660 4044 :
696 3989 922 4043 fuerunt
960 3987 1108 4039 enim
1157 3983 1309 4048 olim,
1342 3983 1436 4053 qui
1469 3999 1621 4037 reum
1666 3984 1746 4037 fa-

157 4095 352 4141 oerent
379 4083 589 4137 erroris
623 4081 692 4136 de
719 4080 941 4135 Christo
967 4095 981 4142 ;
1009 4083 1138 4130 sunt
1163 4074 1592 4145 etiamnum,qui
1616 4077 1750 4132 alio-

160 4195 281 4232 rum
305 4177 556 4248 plurinm
587 4183 869 4229 accusent.

230 4271 288 4323 In
331 4269 441 4321 hac
490 4281 656 4336 porro
698 4281 864 4320 causa
915 4282 1060 4322 unus
1097 4268 1232 4323 mihi
1285 4250 1398 4320 fere
1441 4263 1748 4317 audiendus

163 4357 384 4410 videtur
417 4369 568 4417 reus,
599 4353 694 4422 qui
753 4353 822 4406 de
871 4355 1172 4424 quaestione
1197 4355 1301 4410 sibi
1329 4360 1474 4408 mota
1503 4352 1749 4406 testimo-

166 4451 314 4502 nium
351 4448 526 4510 dicat,
562 4445 713 4499 unde
753 4447 820 4500 ad
853 4447 1077 4501 lectoris
1129 4447 1418 4503 arbitrium
1451 4444 1536 4498 vel
1565 4443 1747 4497 absol-

167 4554 323 4597 vatur
383 4539 474 4593 vel
543 4538 970 4593 condemnetur.
1025 4538 1160 4593 Nam
1230 4546 1442 4592 certum
1488 4536 1622 4589 mihi
1666 4544 1750 4590 est

165 4636 303 4689 bona
339 4631 452 4686 ﬁde
478 4638 755 4684 momenta
792 4645 970 4684 causa:
1011 4618 1307 4692 adducere,
1342 4637 1395 4681 et
1421 4627 1748 4682 sententiam

1853 1607 2098 1664 Ecclesia
2127 1609 2194 1664 de
2234 1624 2345 1665 uno
2381 1617 2590 1664 tantum
2627 1610 2803 1681 capite
2845 1612 3172 1668 sententiam
3200 1615 3385 1670 tulerit
3409 1651 3422 1675 ,

1852 1715 1955 1755 nec
1983 1700 2052 1755 de
2085 1702 2177 1756 illo
2206 1711 2388 1757 tamen
2438 1717 2630 1759 omnes
2674 1702 2778 1773 ipsi
2826 1705 3176 1760 consentiant
3206 1723 3217 1758 :
3247 1722 3426 1775 neque

1851 1793 2096 1862 profecto
2124 1802 2304 1848 actum
2335 1796 2537 1866 agitur,
2575 1794 2642 1859 si,
2675 1811 2796 1866 qua:
2833 1805 3050 1850 narrata
3091 1807 3237 1858 sunt,
3273 1798 3426 1851 testi-

1850 1883 2049 1938 moniis
2105 1885 2422 1950 ﬁrmentur;
2480 1901 2660 1956 neque
2709 1885 3071 1956 irreligiosum
3127 1887 3420 1956 quidquam

1850 1978 2234 2039 committitur,
2283 1979 2328 2032 si
2379 1979 2636 2034 Ecclesia
2672 1978 2941 2051 judicium
2985 1979 3298 2034 defenditur
3326 1981 3423 2034 ad-

1848 2085 2042 2124 versus
2069 2071 2482 2126 criminantium
2528 2073 2846 2141 audaciam;
2895 2088 3076 2146 neque
3117 2073 3422 2142 superﬂuus

1849 2162 2006 2216 labor
2050 2163 2370 2232 suscipitur,
2410 2163 2452 2218 si
2490 2163 2558 2218 de
2611 2165 2837 2235 reliquis
2890 2166 3016 2222 ﬁdei
3047 2165 3321 2238 capitibus
3346 2167 3426 2226 iu-

1851 2253 2126 2323 quiratur.

1921 2345 2199 2402 Catholica
2264 2347 2418 2410 ﬁdes,
2482 2349 2527 2402 si
2580 2364 2689 2402 non
2734 2357 2866 2413 tota,
2911 2351 3103 2405 saltem
3134 2367 3324 2423 magna
3358 2369 3426 2411 ex

1852 2446 2032 2506 parte,
2059 2439 2457 2506 qumstionibus
2502 2448 2626 2493 octo
2653 2440 2987 2496 continetur.
3033 2443 3087 2495 l‘
3117 2445 3192 2498 De
3223 2445 3427 2501 divinis

1851 2528 2119 2596 personis,
2153 2530 2428 2598 quomodo
2455 2530 2559 2584 alia
2583 2547 2648 2584 ex
2671 2531 2776 2586 alia
2801 2532 2870 2586 sit
2893 2542 3016 2602 apta
3042 2549 3422 2606 connexaque.

1851 2619 1907 2672 2°
1937 2621 2011 2674 De
2039 2619 2280 2683 Christo,
2319 2637 2426 2690 quo
2450 2638 2592 2676 nexu
2632 2631 2840 2677 natura
2871 2623 2924 2678 in
2957 2624 3074 2694 ipso
3123 2625 3246 2680 duae
3295 2643 3428 2681 con-

1846 2713 2166 2782 jungantur.
2209 2713 2265 2766 5°
2296 2714 2369 2767 De
2421 2729 2584 2768 carne
2617 2714 2818 2768 Christi
2868 2715 3107 2780 viviﬁca,
3149 2720 3425 2787 quomodo

1851 2804 1924 2858 sit
1956 2805 2009 2856 in
2037 2805 2400 2858 Eucharistia.
2437 2807 2490 2860 4°
2515 2806 2591 2859 De
2619 2805 2892 2875 baptismo
2923 2808 3298 2876 parvulorum,
3327 2825 3426 2862 cur

1851 2895 1934 2950 eis
1960 2896 2029 2949 sit
2060 2895 2424 2950 necessarius.
2458 2897 2509 2950 5“
2531 2897 2604 2950 De
2628 2898 2834 2951 auxilio
2863 2898 3064 2954 divinae
3090 2901 3294 2970 gratiae,
3315 2917 3422 2970 quo

1851 2988 1922 3042 sit
1949 3003 2087 3057 opus
2115 2989 2180 3041 ad
2209 2988 2494 3042 victoriam
2519 2990 2904 3053 tentationum,
2929 2997 2984 3042 et
3015 2992 3421 3060 praestationem

1850 3094 2099 3148 operum.
2132 3078 2186 3132 6°
2209 3077 2343 3144 Quis
2373 3079 2444 3133 sit
2473 3079 2612 3148 ignis
2642 3080 3012 3150 purgatorius.
3042 3081 3182 3135 τοῦθ
3200 3082 3424 3151 praemio

1851 3170 1977 3224 vitae
2001 3171 2140 3224 bene
2172 3179 2325 3233 actae,
2349 3185 2416 3223 an
2443 3171 2516 3222 sit
2538 3170 2651 3240 ipsa
2684 3171 2884 3225 divina:
2910 3171 3230 3228 substantias
3262 3173 3420 3239 visio,

1852 3277 1920 3315 an
1965 3261 2258 3332 ignobilius
2288 3262 2572 3332 quiddam.
2605 3263 2659 3316 8°
2690 3264 2764 3318 De
2806 3264 3152 3319 invocatione
3177 3281 3240 3320 ac
3271 3267 3420 3322 cultu

1775 3369 1818 3426 ε
1851 3362 2186 3415 sanctorum,
2211 3353 2512 3422 praesertim
2541 3355 2877 3424 angelorum.

1923 3444 1967 3496 Α
2000 3442 2133 3496 viris
2158 3441 2450 3496 admodum
2474 3443 2706 3496 eruditis
2730 3443 3109 3498 Theodoretus
3138 3443 3340 3498 dicitur
3367 3446 3420 3500 in

1854 3532 1940 3588 his
1971 3532 2275 3586 tractandis
2318 3532 2391 3586 ita
2435 3542 2704 3595 versatus,
2757 3541 2816 3585 ut
2863 3533 2950 3587 vel
3005 3533 3307 3599 convictus,
3333 3535 3421 3590 vel

1855 3623 2045 3676 saltem
2071 3631 2360 3691 suspectus
2391 3621 2596 3676 erroris
2632 3621 2807 3676 videri
2849 3631 3031 3692 queat.

1923 3715 1940 3732 ‘
1960 3716 2231 3768 Accusant
2247 3713 2620 3780 Bellarminus
2651 3713 2872 3782 quidem
2889 3721 2943 3768 et
2966 3713 3238 3776 Petavius,
3265 3713 3412 3783 quod

1852 3807 1919 3862 de
1971 3806 2174 3860 divinis
2220 3804 2471 3876 personis
2547 3805 2800 3859 hazretiee
2866 3807 3118 3859 senserit.
3185 3804 3422 3876 Cyrillus

1854 3910 2007 3959 vero,
2035 3897 2178 3965 quod
2207 3895 2276 3950 de
2308 3894 2683 3949 incarnatione
2707 3893 2871 3949 Verbi
2913 3903 2969 3950 et
3006 3911 3166 3949 carne
3216 3895 3422 3951 Christi

1854 3984 2092 4050 viviﬁca,
2140 3986 2254 4040 sive
2309 3986 2692 4049 Eucharistia,
2745 4002 2853 4040 non
2900 3985 3168 4041 catholiee
3208 3987 3424 4041 locutus

1855 4076 1944 4129 sit.
1983 4076 2111 4139 Alii,
2152 4074 2298 4145 quod
2340 4075 2406 4130 de
2439 4075 2563 4130 aliis
2592 4077 2990 4146 questionibus
3031 4077 3084 4131 in
3120 4077 3325 4133 alienas
3357 4077 3426 4132 ab

1853 4166 2096 4220 Ecclesia
2145 4166 2434 4236 Opiniones
2481 4167 2699 4221 abierit.
2735 4166 2926 4236 Opera:
2959 4169 3196 4238 pretium
3234 4177 3319 4224 est
3347 4169 3428 4222 vi-

1853 4256 2004 4322 dere,
2041 4259 2219 4328 qualis
2245 4259 2316 4312 sit
2339 4259 2638 4322 accusatio,
2677 4259 2730 4312 id
2761 4267 2866 4322 est,
2907 4267 3166 4314 excutere
3209 4275 3426 4315 causam

1853 4350 1956 4404 viri
1986 4359 2093 4404 tam
2125 4350 2388 4404 nominati
2413 4367 2428 4416 ;
2457 4358 2538 4415 ut,
2588 4350 2633 4404 si
2670 4365 2844 4419 purus
2879 4349 2951 4404 sit
2983 4349 3250 4414 criminis,
3287 4350 3428 4405 fama

1856 4461 1953 4500 sua
2002 4436 2213 4516 integra
2250 4446 2498 4511 fruatur;
2562 4445 2648 4500 sin
2694 4461 2826 4500 reus
2859 4453 3132 4509 teneatur,
3173 4459 3285 4499 non
3311 4445 3430 4500 sine

1856 4538 2110 4594 cautione
2155 4538 2462 4592 adducatur
2509 4537 2566 4591 in
2606 4544 2823 4600 testem,
2857 4535 2903 4591 si
2947 4534 3168 4606 quando
3201 4533 3268 4588 ad
3295 4534 3430 4588 diri-

1858 4633 2112 4689 mendam
2145 4631 2212 4686 de
2241 4631 2347 4686 ﬁde
2373 4629 2806 4685 controversiam
2827 4637 3078 4683 veterum
3104 4626 3432 4682 testimoniis

166 4725 522 4786 sustinendo,
555 4723 809 4778 relatoris
839 4723 1022 4792 potius
1056 4738 1346 4792 personam
1373 4737 1553 4793 agere,
1589 4737 1752 4792 quam
1785 4724 1830 4785 ι)
1860 4740 1998 4794 opus
2032 4723 2217 4778 fuerit.

163 4819 388 4888 judicis,
437 4817 547 4870 imo
571 4826 626 4870 et
655 4816 1010 4870 accusatoris.

229 4909 574 4978 Opinabitur
603 4907 831 4962 fortasse
865 4907 1158 4977 quispiam,
1205 4923 1316 4962 non
1367 4907 1530 4963 modo
1557 4923 1747 4978 super-

165 4999 338 5052 ﬂuum
406 5012 530 5052 esse
568 5006 693 5066 post
750 4997 919 5052 vitam
966 4996 1298 5054 Theodoreti
1327 4997 1608 5067 scriptam,
1656 4999 1749 5056 sed

168 5091 333 5144 etiam
364 5089 726 5144 temerarium
755 5089 1359 5159 etpericulosum,post
1390 5091 1596 5159 quinta
1625 5105 1750 5162 syn-

172 5179 257 5233 odi
299 5179 610 5251 judicium,
649 5180 717 5234 de
759 5179 866 5235 ﬁde
908 5180 1239 5236 Theodoreti
1267 5182 1626 5252 quaestionem
1654 5184 1754 5238 ha-

173 5271 320 5325 bere.
341 5272 403 5326 ld
429 5272 578 5327 enim
603 5273 777 5327 videri
801 5281 1000 5341 potest,
1021 5273 1104 5328 vel
1135 5273 1756 5346 actumu7agere,vel

175 5362 342 5415 totius
366 5361 632 5416 Ecclesize
672 5362 899 5431 Deique,
930 5364 1088 5434 cujus
1121 5363 1348 5418 numine
1387 5364 1632 5420 Ecclesia
1669 5382 1756 5421 re-

175 5452 342 5520 gitur,
371 5452 706 5506 sentcntiam
731 5462 1053 5508 retractare.

210 5545 418 5599 Verum
443 5560 571 5600 cum
621 5546 1041 5601 narrationibus
1083 5547 1207 5601 Vita
1237 5547 1603 5613 contineatur,
1639 5550 1750 5605 dis-

174 5637 409 5691 sertatio
461 5636 794 5691 testimoniis
857 5646 1020 5707 atque
1089 5637 1454 5709 argumentis;
1523 5655 1760 5714 cumque

2390 4834 2612 4892 CAPUT
2646 4829 2933 4890 PRIMUM.

2036 4930 2111 4984 De
2148 4928 2252 4998 ﬁde
2313 4929 2615 4983 Theodoreti
2662 4926 2799 4979 circa
2832 4925 3190 4998 _qua:stionem
3232 4923 3296 4975 de

2417 4997 2604 5051 divinis
2633 4996 2888 5065 personis.

1933 5093 1972 5147 1.
1999 5093 2074 5147 De
2115 5089 2320 5145 divinis
2348 5089 2597 5160 personis
2623 5085 2868 5142 Ecclesia
2915 5094 3105 5140 contra
3151 5083 3437 5141 haereticos

1869 5187 2037 5240 multa
2069 5183 2290 5255 quidem
2319 5179 2584 5244 defendit,
2633 5177 2728 5233 sed
2781 5178 2886 5232 tria
2917 5175 3284 5246 potissimum.
3314 5173 3432 5227 Pri-

1866 5295 2010 5331 mum
2040 5285 2124 5332 est
2151 5289 2281 5330 vera
2315 5286 2678 5344 personarum
2723 5269 2940 5323 trinitas
2995 5284 3091 5323 seu
3132 5266 3430 5326 distinctio.

1859 5369 2121 5424 adversus
2175 5365 2474 5422 Sabellium
2533 5381 2545 5417 :
2610 5362 2871 5425 alterum,
2919 5376 3050 5414 vera
3117 5358 3434 5412 earumdem

1858 5461 2160 5532 aequalitas,
2197 5459 2304 5523 vel,
2344 5467 2406 5511 ut
2459 5456 2649 5511 Patres
2694 5455 3029 5522 loquuntur,
3073 5448 3434 5504 consubstan-

1861 5555 2085 5619 tialitas,
2131 5551 2393 5607 adversus
2442 5548 2659 5612 Arium,
2715 5544 3095 5602 Macedonium
3138 5551 3194 5596 et
3247 5541 3430 5605 alios:

1861 5652 2202 5714 postremum,
2234 5657 2364 5698 vera
2391 5639 2632 5712 Spiritus
2658 5636 2831 5694 sancti
2870 5653 2899 5691 a
2933 5635 3073 5691 Filio
3102 5633 3184 5688 vel
3210 5647 3307 5703 per
3349 5630 3434 5686 Fi-

1543 5774 1858 5834 SCHULZH
1898 5778 2128 5835 NOTAE.

252 5857 269 5888 ¹
304 5857 486 5928 Epist.
518 5859 696 5930 Pelag.
733 5858 778 5915 ll
806 5860 869 5916 ad
899 5862 1183 5932 episcopos
1209 5863 1402 5920 lstriae.

521 5960 784 6015 PATROL.
829 5957 946 6016 Gn.
989 5955 1302 6018 LXXXIV.

3020 5951 3093 6014 13
