4224 6442
794 411 903 472 395

1878 401 2252 462 GARNERII
2296 401 2788 463 DlSSERTATlO
2828 403 2940 464 Ill.

3938 405 4045 469 396

804 524 936 578 lium
962 519 1262 591 processio,
1299 534 1420 588 qua:
1447 528 1583 588 quot
1605 518 1838 583 saeuus,
1885 525 2196 586 quantaque
2241 529 2367 581 par-
2396 524 2439 580 Α
2468 548 2472 564 .

2396 524 2439 580 Α
2468 514 2535 568 ἐκ
2567 516 2672 570 τοῦ
2703 517 2934 585 Πατρός
2976 517 3376 585 ἐκπορεύεται,
3428 518 3523 573 καὶ
3567 517 3645 588 τῷ
3697 519 3956 589 θειοτάτῳ
3985 522 4042 574 δὲ

804 613 959 675 tium,
1001 609 1219 665 Grazcos
1261 610 1406 664 inter
1442 618 1498 664 et
1528 608 1771 675 Latinos,
1799 607 2150 664 contentione
2180 602 2368 672 dispu-

803 708 912 756 tata
939 702 1029 763 sit,
1059 717 1221 756 nemo
1250 700 1503 756 eruditus
1536 701 1731 754 nescit.

874 792 938 844 ll.
969 793 1045 845 De
1074 794 1244 862 primo
1266 807 1329 845 ac
1356 792 1583 844 secundo
1620 799 1830 846 tantum
1864 790 2051 855 abest,
2088 797 2148 842 ut
2183 786 2365 841 Theo-

803 882 1028 937 doretus
1050 883 1287 939 Sabellio
1316 883 1557 953 Arioque
1577 890 1675 938 aut
1703 882 2021 938 Macedonio
2052 878 2362 943 adhaeserit,

799 972 963 1043 448
990 984 1050 1027 ut
1080 989 1176 1028 eos
1208 976 1473 1029 acerrime
1491 974 1788 1028 insectatus
1819 973 1907 1026 sit.
1932 972 1989 1026 ld
2018 978 2369 1026 constatcum

798 1079 864 1116 ex
904 1064 1028 1118 aliis
1074 1064 1278 1133 passim
1324 1065 1514 1129 libris,
1562 1074 1676 1119 tum
1738 1064 1974 1119 maxime
2022 1078 2090 1115 ex
2138 1057 2369 1126 dialogis

800 1163 1039 1222 quatuor
1087 1156 1393 1224 prioribus,
1455 1170 1595 1224 quos
1651 1153 1947 1209 Athanasio
2026 1150 2368 1217 Maximoque

799 1254 931 1299 mtas
953 1246 1132 1315 prisca
1165 1245 1525 1314 supposuit’,
1568 1261 1671 1300 nos
1709 1244 1920 1298 auctori
1950 1257 2051 1298 suo
2096 1237 2366 1310 repetenti

797 1336 1400 1392 tandemrestituimus.

866 1428 995 1484 Jure
1020 1428 1186 1498 igitur
1207 1429 1582 1485 Theodoretus
1598 1431 1809 1484 Renato
1839 1428 2094 1483 Ecclesia:
2110 1429 2366 1485 Romanae

799 1519 1124 1589 presbytero
1168 1520 1389 1588 scripsit
1413 1520 1455 1585 ³,
1506 1539 1523 1572 ε
1574 1536 1632 1574 se
1665 1520 1838 1574 libros
1872 1520 2105 1589 amplius
2147 1521 2368 1590 triginta

795 1608 1039 1663 edidisse
1070 1608 1337 1665 adversus
1382 1611 1574 1665 Arium
1606 1618 1663 1665 et
1704 1611 2064 1675 Eunomium,
2104 1611 2366 1666 adversus

792 1698 1145 1764 Marcionem,
1195 1701 1459 1755 adversus
1499 1700 1903 1765 Macedonium,
1940 1701 2203 1757 adversus
2230 1717 2366 1772 gen-

792 1791 915 1845 tiles
938 1832 951 1855 ,
993 1792 1260 1846 adversus
1289 1791 1531 1858 Judaios,
1563 1801 1671 1847 etc.
1709 1810 1728 1843 ι

862 1881 951 1936 n1.
984 1882 1060 1936 De
1093 1884 1246 1936 tertio
1288 1883 1442 1937 litem
1494 1883 1790 1937 intendunt
1833 1882 1937 1937 viri
1972 1882 2152 1953 magni
2177 1883 2360 1937 nomi-
2393 1859 2436 1913 Β

796 1972 1075 2043 nis,Hugo
1098 1974 1453 2039 Etherianus,
1470 1974 1686 2027 Manuel
1709 1971 1951 2037 Calecas,
1974 1974 2358 2040 Bellarminus,

791 2064 1049 2119 Petavius
1081 2072 1136 2118 et
1162 2063 1416 2127 Allatius,
1463 2062 1858 2133 proferuntque
1887 2078 2058 2117 unum
2087 2062 2223 2129 fere,
2267 2073 2363 2120 aut

793 2156 1027 2212 alterum
1058 2155 1432 2210 testimonium
1450 2194 1464 2219 ,
1493 2154 1589 2209 sed
1617 2169 1725 2223 quo
1756 2154 1991 2209 credunt
2012 2162 2202 2223 aperte
2226 2170 2360 2209 con-

793 2247 904 2314 ﬁci,
939 2247 1343 2302 Tlieodoretum
1389 2247 1447 2299 in
1485 2261 1548 2300 ea
1578 2245 1746 2300 fuisse
1778 2245 2004 2311 haeresi,
2035 2262 2156 2315 quae
2184 2246 2361 2316 Spiri-

796 2348 909 2394 tum
945 2348 1192 2394 sanctum
1217 2354 1250 2393 a
1270 2339 1428 2393 Patre
1458 2339 1575 2393 solo
1607 2338 1904 2407 procedere
1934 2338 2166 2392 aﬂirmat
2188 2338 2227 2395 ⁸.

862 2431 1027 2486 Addit
1067 2431 1467 2496 Bellarminus,
1523 2446 1635 2485 non
1680 2431 1849 2486 fuisse
1900 2439 2111 2486 tantum
2154 2432 2363 2486 erroris

793 2526 958 2596 hujus
980 2532 1327 2589 sectatorem,
1356 2524 1451 2578 sed
1475 2524 1640 2579 etiam
1664 2532 1966 2591 auctorem,
1997 2524 2053 2578 in
2077 2539 2187 2594 quo
2212 2524 2362 2579 vide-

790 2626 878 2673 tur
910 2616 1213 2672 Manuelem
1236 2615 1487 2671 Calecam
1507 2616 1683 2686 sequi.

862 2706 950 2761 ιγ.
985 2706 1102 2760 Duo
1132 2706 1300 2774 igitur
1334 2704 1389 2758 in
1419 2707 1855 2761 controversiam
1889 2715 2193 2762 vocantur:
2219 2707 2359 2763 alte-

790 2812 935 2860 rum,
969 2812 1037 2851 an
1084 2795 1466 2850 Thcodoretus
1517 2806 1708 2851 contra
1742 2796 2064 2852 catholicam
2107 2798 2267 2852 fidem
2290 2797 2359 2852 de

788 2888 1138 2958 processione
1165 2887 1403 2957 Spiritus
1437 2888 1609 2942 sancti
1644 2904 1710 2942 ex
1736 2889 1876 2943 Filio
1905 2890 2177 2956 senserit;
2217 2890 2357 2945 alte-

790 2994 932 3043 rum,
963 2994 1032 3033 an
1053 2980 1258 3033 erroris
1288 2988 1482 3033 auctor
1504 2980 1795 3035 exstiterit.

860 3071 925 3124 V.
950 3070 1031 3124 Ad
1063 3070 1303 3139 primum
1335 3070 1758 3138 conﬁciendum,
1799 3073 2356 3143 proferturcommu-

2472 606 2669 676 Παύλῳ
2699 608 2899 677 ὁμοίως
2941 608 3231 677 φάςηιονσιςι⁸
3274 608 3463 677 Ἡμεῖς
3497 608 3565 662 δὲ
3606 611 3678 664 οὐ
3708 610 3774 662 τὸ
3805 610 4044 680 πνεῦμα

2472 694 2578 749 τοῦ
2611 698 2843 765 κόσμου
2870 698 3182 768 ἐλάϐομεν,
3208 699 3369 753 ἀλλὰ
3393 700 3460 752 τὸ
3484 699 3721 768 Πνεῦμα
3753 700 3819 753 τὸ
3844 702 3915 753 ἐκ
3938 700 4045 754 τοῦ

2470 787 2701 854 Πατρός
2728 789 2895 842 Θεοῦ.
2938 790 3027 844 Sic
3059 790 3228 844 vertit
3259 790 3330 843 Μ.
3360 790 3626 845 Mercator
3653 808 3666 843 :
3699 809 3717 841 ι
3749 792 4045 861 Proprium

2469 878 2634 950 449
2656 895 2788 935 vero
2814 880 3081 949 Spiritum
3115 881 3260 944 Filii,
3297 880 3343 934 si
3375 881 3504 951 quia
3546 882 3789 952 ejusdem
3830 892 4047 938 natura

2471 970 2561 1033 sit,
2592 977 2647 1023 et
2676 985 2743 1024 ex
2796 971 2952 1024 Patre
2997 978 3175 1036 exeat,
3226 970 3384 1035 dixit,
3420 972 3847 1035 consentiemus,
3892 981 3949 1026 et
3982 980 4048 1027 ut

2468 1060 2614 1131 piam
2642 1075 2833 1115 vocem
2865 1062 3201 1131 accipiemus
3229 1079 3241 1115 :
3279 1063 3365 1116 sin
3400 1071 3581 1116 autem
3603 1102 3617 1127 ,
3649 1062 3775 1130 quia
3805 1078 3873 1117 ex
3899 1063 4043 1117 Filio

2469 1150 2555 1205 vel
2598 1167 2700 1221 per
2735 1150 2934 1206 Filium
2969 1151 3166 1207 habeat
3190 1151 3591 1216 exsistentiam,
3618 1151 3672 1205 id
3697 1160 3758 1206 ut
3780 1152 4042 1221 blasphe-

2470 1243 2634 1296 miam
2666 1251 2722 1296 et
2759 1242 3096 1312 impietatem
3141 1244 3535 1314 projiciemus:
3570 1243 3856 1297 credemus
3890 1242 4043 1297 enim

2467 1332 2702 1388 Domino
2744 1334 2973 1400 dicenti,
3028 1332 3255 1397 Spiritus
3302 1336 3393 1406 qui
3424 1351 3487 1389 ea:
3521 1334 3685 1389 Patre
3719 1335 3824 1386 exit
3859 1346 3920 1396 II;
3954 1332 4041 1386 di-

2467 1424 2599 1478 vino
2638 1425 2805 1479 Paulo
2830 1425 2961 1480 item
2988 1428 3214 1495 dicenti,
3268 1426 3374 1481 Nos
3419 1436 3594 1480 autem
3639 1443 3743 1479 non
3792 1424 4041 1495 spiritum

2469 1515 2649 1569 mundi
2677 1517 2989 1585 accepimus,
3020 1514 3109 1568 sed
3144 1514 3397 1584 Spiritum
3436 1516 3526 1584 qui
3562 1531 3623 1567 ea:
3646 1513 3809 1567 Patre
3828 1521 3906 1566 est
3938 1512 3987 1566 δ.
4010 1528 4033 1564 ι

2536 1606 2650 1660 νη.
2682 1606 2928 1659 Alterum
2953 1607 3136 1661 locum
3169 1606 3395 1661 adducit
3425 1606 3581 1675 Hugo
3609 1605 3944 1659 Etherianus
3968 1621 4038 1664 cx

2467 1697 2695 1767 epistola
2743 1697 2810 1751 ad
2856 1700 3222 1763 monasteria,
3266 1698 3360 1752 ubi
3402 1698 3787 1752 Theodoretus
3839 1696 4040 1750 iisdem

2466 1789 2581 1844 fere
2614 1788 2797 1844 verbis
2825 1789 2879 1843 in
2914 1788 3099 1860 Cyrilli
3144 1790 3322 1859 capita
3358 1789 3675 1843 invehitur:
3714 1807 3731 1839 ι
3770 1787 4041 1856 Blasphe-

2464 1888 2577 1933 mat
2604 1881 2646 1947 ⁷,
2684 1880 2883 1950 inquit,
2908 1889 2964 1935 et
2994 1880 3048 1934 in
3069 1879 3335 1949 Spiritum
3375 1888 3647 1940 sanctum,
3679 1877 3808 1931 dum
3832 1892 3945 1931 non
3974 1893 4042 1931 ex

2463 1970 2622 2025 Patre
2646 1971 2668 2001 ⁸
2698 1972 2815 2025 solo
2860 1971 3012 2024 illum
3047 1970 3247 2024 asserit
3291 1970 3592 2040 procedere
3622 1970 3774 2040 juxta
3815 1969 4042 2023 Domini

2462 2078 2674 2127 vocem,
2712 2062 2806 2117 sed
2845 2076 2912 2115 ex
2936 2059 3074 2114 Filio
3109 2060 3362 2116 eumdem
3382 2061 3586 2115 habere
3630 2060 4041 2114 cxsistentiam.

2462 2152 2529 2207 Hi
2563 2161 2691 2206 sunt
2719 2151 2958 2223 Egyptii
2988 2162 3198 2222 partus,
3236 2159 3293 2208 et
3358 2152 3503 2206 malo
3550 2160 3703 2221 patre
3753 2150 4040 2205 deteriora

2460 2246 2721 2316 germina.
2757 2266 2774 2298 ι

2534 2338 2667 2393 Vill.
2697 2338 2823 2393 Haec
2864 2337 2979 2393 fere
3036 2344 3188 2402 sunt,
3240 2352 3362 2406 quae
3383 2336 3620 2407 proferri
3653 2337 3831 2390 solent
3879 2352 3894 2388 :
3938 2335 4037 2390 sed

2461 2430 2552 2484 alii
2582 2431 2748 2485 etiam
2773 2431 3013 2502 insignes
3043 2431 3147 2486 loci
3179 2439 3498 2500 suppetunt,
3526 2430 3678 2483 velut
3709 2431 3763 2485 in
3797 2430 4041 2498 epistola

2460 2523 2528 2576 ad
2558 2522 2822 2577 Joannem
2848 2524 3273 2587 Antiochenum,
3300 2538 3405 2591 qua
3428 2536 3581 2575 suam
3607 2521 3674 2574 de
3711 2520 3816 2574 ﬁde
3840 2518 4037 2591 Cyrilli

2462 2612 2517 2666 in
2551 2618 2567 2636 ⁶
2594 2612 2874 2667 Orientem
2906 2613 3095 2676 missa,
3151 2627 3274 2669 cum
3316 2612 3383 2666 de
3430 2627 3563 2681 pace
3595 2621 3870 2680 ageretur,
3900 2626 4037 2664 sen-

2461 2705 2687 2758 tentiam
2711 2704 2865 2767 dicit,
2893 2704 3085 2773 aitque
3104 2712 3198 2756 aut
3226 2710 3545 2757 retractatas
3576 2711 3671 2756 aut
3708 2717 4040 2771 suppressas

2460 2795 2517 2849 in
2546 2811 2610 2849 ea
2640 2795 3042 2865 propositiones
3093 2793 3148 2848 in
3203 2793 3675 2849 anathematismis
3719 2806 4037 2859 contentas,

2458 2888 2727 2956 istaanue
2781 2886 3123 2950 nominatim,
3177 2902 3300 2955 qua:
3351 2885 3419 2939 ad
3478 2885 3746 2955 Spiritum
3773 2894 4037 2940 sanctum

2457 2979 2740 3049 pertinet:
2783 2977 3022 3046 Spiritus
3048 2986 3288 3040 sanctus,
3334 2990 3445 3029 non
3481 2990 3545 3029 ex
3579 2976 3738 3036 Filio,
3789 2983 3879 3029 aut
3936 2991 4037 3045 per

2458 3072 2655 3126 Filium
2671 3071 3046 3125 exsistentiam
3076 3069 3304 3133 habens,
3327 3068 3421 3123 sed
3448 3082 3477 3120 a
3502 3067 3660 3121 Patre
3687 3066 4032 3135 procedens;

789 3164 933 3217 niter
964 3163 1033 3216 ab
1062 3162 1319 3217 omnibus
1364 3163 1593 3233 insignis
1633 3163 1788 3217 locus
1826 3179 1895 3220 ex
1926 3166 2355 3234 reprehensione
2382 3191 2423 3248 ε
2456 3163 2715 3234 proprius
2758 3169 2941 3217 autem
2994 3161 3119 3217 Filii
3170 3162 3506 3227 nominatus,
3551 3167 3613 3213 ut
3663 3160 4032 3215 consubstan-

790 3254 921 3309 noni
973 3254 1433 3308 anathematismi.
1488 3254 1646 3310 Hunc
1700 3270 1824 3311 cum
1873 3255 2112 3326 Cyrillus
2143 3259 2201 3311 in
2240 3259 2357 3315 haec

786 3346 954 3405 verba
993 3343 1391 3413 composuisset
1419 3344 1439 3374 ⁵
1466 3361 1479 3397 :
1508 3343 1577 3396 Εἴ
1607 3346 1688 3408 τίς
1723 3363 1853 3417 φησι
1881 3346 1972 3399 τὸν
2010 3346 2105 3401 ἕνα
2160 3348 2357 3418 Κύριον

791 3438 1001 3510 Ἰησοῦν
1032 3438 1265 3510 Χριστὸν
1288 3438 1603 3505 δοξάζεσθαι
1628 3440 1779 3511 παρὰ
1812 3440 1904 3494 τοῦ
1920 3442 2251 3512 Πνεύματος,
2281 3450 2357 3506 ὡς

791 3533 1049 3603 ἀλλοτρίᾳ
1094 3532 1341 3602 δυνάμει,
1373 3532 1433 3585 οὐ
1464 3535 1528 3601 τῇ
1578 3532 1682 3602 ἰδίᾳ.
1720 3532 1884 3586 αὑτοῦ
1928 3533 2234 3604 χρώμενον,
2265 3534 2359 3587 καὶ

790 3624 921 3695 παρ’
943 3623 1106 3678 αὑτοῦ
1130 3624 1363 3678 λαϐόντα
1390 3624 1451 3677 τὸ
1479 3626 1720 3695 ἐνεργεῖν
1748 3623 2003 3677 δύνασθαι
2032 3626 2170 3679 κατὰ
2199 3643 2360 3678 πνευ-

794 3717 978 3785 μάτων
1008 3716 1356 3787 ἀκαθάρτων,
1390 3717 1488 3770 καὶ
1536 3718 1597 3770 τὸ
1646 3717 1885 3787 πληροῦν
1916 3720 1995 3780 εἰς
2044 3717 2357 3787 ἀνθρώπους

788 3809 887 3873 τὰς
906 3809 1250 3878 θεοσημείας,
1273 3810 1365 3861 καὶ
1385 3810 1504 3879 οὐχὶ
1532 3809 1728 3879 μᾶλλον
1761 3808 1890 3861 ἴδιον
1914 3809 2076 3862 αὑτοῦ
2103 3811 2165 3862 τὸ
2187 3809 2359 3862 Πνεῦ-

789 3902 864 3971 μά
887 3918 1015 3971 φησι
1032 3941 1045 3964 ,
1082 3902 1145 3953 δι’
1172 3895 1232 3955 οὗ
1251 3902 1345 3954 καὶ
1372 3902 1637 3972 ἐνήργησε
1661 3901 1760 3963 τὰς
1786 3900 2129 3970 θεοσημεὶας,
2168 3900 2359 3955 ἀνάθε-

788 4011 864 4063 μα
894 3994 1051 4046 ἔστω.
1075 3992 1205 4059 Qua:
1232 3994 1311 4047 sic
1347 3984 1738 4062 interpretatur
1774 3992 1842 4045 Μ.
1878 3991 2147 4045 Mercator
2191 4009 2204 4043 :
2242 4009 2261 4042 ‹
2300 3991 2356 4045 Si

784 4084 908 4153 quis
958 4084 1106 4138 dicat
1154 4100 1323 4137 unum
1376 4084 1665 4139 Dominum
1706 4084 1892 4139 Iesum
1944 4082 2221 4137 Christum
2244 4082 2360 4153 glo—

787 4174 1052 4228 rilicatum
1077 4190 1107 4228 a
1130 4173 1353 4243 Spiritu,
1385 4175 1588 4228 virtute
1621 4173 1996 4244 ipsius,'quasi
2019 4174 2217 4238 aliena,
2253 4173 2354 4238 uti,

784 4279 839 4324 et
875 4268 943 4321 ab
977 4269 1116 4336 ipso,
1147 4268 1397 4337 accipere
1426 4276 1487 4320 ut
1522 4267 1693 4336 possit
1720 4266 1938 4335 operari
1972 4265 2235 4320 adversus
2258 4265 2358 4318 im-

789 4361 1024 4415 mundos
1058 4361 1307 4429 spiritus,
1333 4368 1388 4413 et
1426 4359 1653 4428 implere
1680 4359 1832 4428 signa
1879 4358 2103 4425 divina;
2143 4373 2205 4413 ac
2243 4373 2356 4413 non

784 4452 957 4521 magis
998 4450 1169 4521 ipsius
1227 4465 1346 4505 esse
1405 4450 1685 4519 proprium
1728 4448 2012 4518 Spiritum,
2046 4462 2143 4516 per
2187 4462 2351 4516 quem

785 4552 1043 4613 operatus
1070 4551 1151 4596 est
1175 4542 1327 4611 signa
1361 4541 1568 4604 divina,
1590 4540 1881 4595 anathema
1908 4539 1998 4592 sit.
2033 4557 2051 4590 ι

850 4633 935 4690 V'l.
960 4632 1099 4689 Cum
1124 4633 1180 4687 in
1210 4633 1344 4697 haec,
1381 4632 1628 4702 inquam,
1663 4631 1833 4686 verba
1857 4629 2095 4701 Cyrillus
2122 4630 2351 4685 anathe-

782 4725 1095 4781 matismum
1154 4724 1583 4794 composuisset,
1635 4732 1910 4793 postrema
1968 4720 2351 4777 Theodoretus

781 4816 979 4873 acerbe
1009 4816 1189 4886 arguit
1213 4816 1234 4846 ⁵
1266 4834 1282 4868 :
1320 4815 1477 4869 Ἴδιον
1519 4814 1574 4867 δέ
1613 4815 1674 4866 τὸ
1718 4812 1939 4883 Πνεῦμα
1967 4811 2062 4865 τοῦ
2108 4812 2262 4877 Υἱοῦ,
2301 4813 2349 4864 εἰ

788 4909 886 4979 μὲν
923 4907 998 4971 ὼς
1022 4906 1278 4977 ὁμοφυὲς,
1302 4906 1394 4959 καὶ
1423 4905 1485 4958 ἐκ
1517 4904 1727 4975 Hispo;
1763 4903 2194 4974 ἐκπορευόμενον
2222 4901 2348 4972 ἔφη,

784 4997 1308 5069 συνομολογήσομεν,
1341 4996 1434 5047 καὶ
1471 4996 1547 5058 ὡς
1593 4993 1791 5063 εὐσεὸῆ
1821 4991 2086 5062 δεξόμεθα
2120 4993 2306 5060 φωνήν
2329 5008 2342 5022 ·

782 5090 833 5142 si
879 5088 935 5141 δὲ
975 5087 1051 5151 ὼς
1096 5085 1157 5152 ἐξ
1194 5085 1345 5149 Υῐοῦ,
1377 5085 1499 5156 ἡδύ
1522 5083 1655 5139 Υἱοῦ
1683 5083 1781 5154 τὴν
1832 5081 2065 5153 ὕπαρξιν
2102 5080 2243 5150 ἔχον,
2274 5080 2348 5143 ὡς

784 5178 1103 5250 βλάσφημον
1153 5176 1331 5242 τοῦτο,
1379 5175 1474 5229 καὶ
1521 5175 1597 5239 ὡς
1656 5173 1914 5238 δυσσεϐὲς
1953 5172 2346 5244 ἀπορρίψομεν.

785 5269 1152 5339 ιιιστεύσομεν
1189 5268 1296 5337 γὰρ
1318 5267 1397 5339 τῷ
1426 5266 1616 5337 Κυρίῳ
1643 5265 1874 5335 λέγοντι,
1905 5263 1978 5318 Τὸ
2016 5262 2279 5333 Πνεῦμα,
2317 5262 2349 5316 ὃ

852 5437 878 5466 ι
909 5424 1064 5480 Joan.
1096 5440 1185 5490 xv,
1217 5422 1307 5477 26.
1387 5422 1417 5462 δ
1446 5420 1619 5476 lCor.
1648 5437 1707 5489 η,
1742 5420 1829 5475 ιε.

2458 3254 2624 3309 tialis.

2526 3347 2618 3402 IX.
2651 3346 2711 3401 ln
2732 3345 3074 3416 expositione
3096 3343 3353 3415 Epistolas
3394 3343 3461 3397 ad
3490 3344 3786 3407 Romanos,
3811 3359 3860 3397 c.
3900 3358 3993 3396 vni
4016 3384 4030 3407 ,

2456 3454 2607 3492 num.
2646 3439 2705 3493 lt
2744 3437 2812 3491 ad
2840 3438 2953 3491 hare
2992 3436 3159 3491 verba
3195 3453 3208 3489 :
3247 3434 3442 3500 Quodsi
3493 3434 3718 3505 Spiritus
3764 3434 3899 3503 ejus,
3944 3436 4035 3503 qui

2456 3531 2721 3585 suscitavit
2748 3529 2927 3584 losum
2953 3548 2984 3582 a
3019 3529 3260 3590 mortuis,
3297 3528 3500 3582 habitat
3531 3528 3585 3579 in
3602 3527 3767 3588 nobis,
3786 3536 3920 3590 etc.,
3950 3526 4033 3580 sic

2458 3631 2855 3678 commentatur
2888 3620 3266 3676 Theodoretus
3306 3638 3320 3673 :
3372 3639 3391 3671 ο
3452 3620 3690 3674 Docuit'
3716 3634 3817 3672 nos
3860 3618 3916 3671 in
3944 3618 4033 3672 his

2456 3714 2638 3768 verbis
2673 3729 2835 3768 unam
2887 3712 3190 3767 divinitatis
3240 3720 3538 3766 naturam:
3587 3718 3836 3765 sanctum
3877 3709 4030 3763 enim

2458 3806 2744 3875 Spiritum,
2771 3815 2826 3861 et
2844 3807 2940 3860 Dei
2966 3806 3260 3875 appellavit
3287 3815 3341 3859 et
3366 3802 3567 3858 Christi
3590 3821 3603 3868 ;
3630 3818 3739 3858 non
3764 3802 3935 3871 quod,
3968 3813 4035 3857 ut

2457 3895 2649 3949 volunt
2674 3895 2914 3949 haeretici
2944 3895 3283 3957 exsccrandi,
3306 3910 3371 3948 ex
3393 3895 3505 3947 Deo
3528 3909 3627 3962 per
3644 3892 3844 3946 Filium
3875 3907 4034 3946 crea-

2459 3994 2549 4040 tus
2582 3986 2693 4051 sit;
2726 3985 2821 4039 sed
2849 3985 2978 4054 quia
3018 3994 3104 4040 est
3139 3985 3383 4055 ejusdem
3415 3999 3539 4038 cum
3582 3984 3744 4038 Patre
3792 3991 3849 4038 et
3891 3983 4032 4037 Filio

2458 4076 2815 4141 substantiae;
2866 4085 2923 4129 et
2971 4092 3039 4129 ex
3092 4076 3250 4131 Patre
3292 4076 3515 4145 quidem
3553 4074 3830 4145 procedit,
3871 4076 4034 4144 juxta

2458 4166 2878 4235 Evangeliorum
2914 4164 3263 4231 doctrinam;
3318 4167 3438 4235 ejus
3478 4173 3663 4219 autem
3716 4164 3889 4234 gratia
3938 4166 4030 4231 iis,

2457 4255 2549 4323 qui
2582 4254 2732 4324 digni
2758 4262 2906 4319 sunt,
2934 4270 3031 4324 per
3060 4254 3339 4309 Christum
3369 4254 3768 4324 suppeditatur.
3811 4273 3829 4304 ι

2532 4346 2599 4401 Χ.
2647 4346 2709 4400 In
2754 4349 3097 4417 expositione
3120 4365 3242 4418 cap.
3288 4366 3359 4412 'u,
3396 4349 3418 4403 ι
3454 4348 3609 4413 Con,
3656 4364 3810 4402 nom.
3841 4347 3931 4414 12,
3959 4349 4031 4401 ad

2456 4437 2572 4492 haec
2610 4439 2779 4493 verba
2828 4456 2841 4491 :
2904 4439 3024 4493 Non
3060 4441 3307 4510 spiritum
3353 4440 3537 4493 mundi
3582 4440 3909 4509 acrepimus;
3938 4440 4031 4490 sed

2376 4522 2709 4600 DSpiritum
2739 4531 2829 4601 qui
2859 4548 2923 4585 ea:
2964 4531 3072 4586 Deo
3107 4541 3182 4586 est
3207 4576 3220 4600 ,
3257 4534 3335 4588 sic
3383 4532 3550 4586 habet
3582 4549 3595 4585 :
3630 4550 3649 4583 ι
3690 4531 3787 4585 Dei
3826 4546 4031 4585 nomen

2458 4622 2515 4675 in
2562 4636 2767 4676 nomen
2816 4622 2994 4676 Patris
3065 4631 3366 4677 commutat
3389 4624 3455 4688 ¹⁰,
3500 4623 3569 4677 ad
3632 4621 4031 4677 excludendam

2456 4713 2862 4782 processionem
2905 4727 2937 4765 a
2984 4712 3141 4777 Filio,
3170 4713 3265 4767 sed
3308 4713 3444 4782 ipse,
3476 4712 3569 4783 qui
3599 4728 3628 4767 a
3653 4712 3813 4767 Patre
3836 4726 4036 4782 proce-

2458 4802 2559 4867 dit,
2581 4802 2821 4872 Spiritus
2843 4803 3059 4857 occulta
3084 4803 3342 4874 mysteria
3362 4817 3465 4857 nos
3487 4803 3690 4857 docuit.

2523 4893 2614 4948 XI.
2644 4893 2929 4949 Manifesta
2951 4895 3233 4960 videntur,
3258 4908 3379 4965 quae
3420 4894 3654 4949 adducta
3680 4903 3827 4957 sunt,
3859 4902 3932 4948 ~et
3963 4909 4032 4948 eo

2456 4984 2681 5056 quidem
2717 4983 2997 5050 ﬁrmiora,
3032 4985 3100 5040 ad
3148 4987 3489 5056 propositam
3534 4986 3603 5040 de
3624 4986 3736 5041 ﬁde
3774 4988 4035 5055 quastio-

2454 5094 2603 5144 nem,
2630 5076 2779 5149 quod
2813 5078 2919 5148 ipsi
2954 5078 3119 5134 etiam
3151 5078 3486 5135 recentiores
3517 5078 3713 5143 Gnaei,
3754 5079 3850 5148 qui
3885 5079 4035 5134 schi-

2456 5178 2629 5225 smate
2660 5168 2825 5225 divisi
2861 5179 2991 5224 sunt
3030 5169 3099 5225 ab
3139 5169 3384 5226 Ecclesia
3398 5170 3662 5237 Romana,
3696 5169 4031 5225 Theodoreti

2455 5258 2625 5317 verba
2652 5260 2711 5315 in
2738 5274 2894 5315 suam
2912 5268 3126 5331 partem
3158 5259 3597 5331 interpretantur
3628 5275 3643 5313 :
3683 5273 3787 5315 nec
3808 5258 3865 5314 id
3895 5273 4032 5313 sane

2116 5512 2431 5570 SCIIULZII
2466 5510 2689 5572 ΝΟΤΑΞ.

856 5617 879 5679 9
908 5614 1028 5668 Viti.
1068 5630 1250 5681 supra,
1277 5628 1332 5682 p.
1364 5611 1487 5665 4‘20.

784 5674 960 5737 Allalii
995 5670 1254 5739 (inediam
1281 5670 1869 5751 lorthodoxamfetEj.
1908 5680 2186 5734 Vindicius
2233 5670 2423 5751 synodi
2474 5670 2779 5743 Ephesium.
2922 5674 3044 5729 Vid.
3084 5691 3270 5751 supra,
3330 5690 3385 5743 p.
3551 5674 3602 5751 _‘
3652 5672 3813 5731 lbid.,
3846 5686 3889 5751 p;

1498 5754 1518 5782 ⁵
1548 5751 1689 5805 Solo.
1729 5743 1852 5803 "me
1912 5750 2167 5803 limitan‘o
2218 5743 2375 5801 abest
2422 5758 2535 5800 tum
2584 5762 2614 5798 a
2648 5754 2795 5801 textu
2844 5743 3031 5800 Graeco
3088 5745 3125 5801 l.
3156 5743 3229 5814 c.,
3269 5753 3382 5800 tum
3426 5745 3496 5799 ab
3549 5743 4031 5813 interpretatione.

794 5754 812 5782 ⁷
833 5756 951 5807 Viti.
985 5764 1022 5807 ι.
1065 5753 1148 5815 IV,

1175 5770 1226 5822 p.
1270 5753 1421 5807 1295.

1576 5612 1597 5643 ³
1628 5609 1799 5680 Epist.
1831 5611 1953 5663 116.
2018 5610 2038 5640 ⁸
2063 5609 2420 5680 Theodorum
2446 5608 2893 5680 Mopsuestenutn
2911 5605 3087 5680 initis
3123 5605 3318 5662 ducem
3358 5604 3617 5680 habuisse
3644 5602 3866 5680 dicitur.
3900 5602 4032 5680 v59.

2874 5673 2893 5705 '
2922 5674 3044 5729 Vid.
3084 5691 3270 5744 supra,
3330 5690 3385 5743 p.
3416 5675 3503 5728 Η.
3554 5674 3602 5744 7‘
3652 5672 3813 5731 lbid..
3846 5686 3901 5744 p_.
3935 5672 4031 5726 47.

781 5826 802 5859 ³
828 5824 947 5881 V’itl.
976 5833 1013 5880 t.
1044 5824 1132 5889 ιιι,
1160 5817 1212 5895 p.
1246 5823 1335 5881 Si.
1414 5823 1456 5855 ιθ
1481 5822 1654 5878 Aliter
1686 5821 1885 5893 legitur
1933 5820 2037 5876 istc
2082 5820 2301 5876 locust.
2328 5817 2416 5886 ιν,
2449 5830 2503 5886 p.
2536 5817 2655 5871 178.
