4224 6442
765 426 869 492 399

1844 415 2220 476 GARNERII
2254 412 2750 475 DISSERTATIO
2792 412 2902 472 III.

3911 414 4020 475 409

834 536 994 612 552
1023 532 1407 590 Theodoretus
1428 538 1582 586 certe
1611 528 1813 600 saepius
1866 530 1971 584 hoc
2012 528 2148 584 vitio
2183 528 2336 583 labo-
2361 541 2409 598 Α
2438 534 2619 581 autem
2663 542 2772 580 una
2809 526 3028 582 videtur
3070 544 3191 585 esse
3243 531 3554 595 amborum,
3596 530 3841 600 magistri
3893 529 4022 585 dico

766 627 1122 687 ravitzunde
1175 625 1363 699 Cyrilli
1420 622 1722 679 sententias
1773 621 1931 687 duas,
1981 621 2049 675 de
2097 619 2336 689 Spiritus

767 723 943 780 sancti
995 719 1347 793 processione
1388 724 1446 772 et
1494 714 1562 771 de
1598 714 1978 770 incarnatione
2011 711 2197 776 Verbi,
2228 710 2337 765 hae-

769 817 1064 873 reticorum
1111 808 1469 881 blasphemiis
1512 806 1811 871 aceensuit,
1842 805 2080 876 priorem
2111 802 2334 874 quidem

768 905 1094 970 Macedonii,
1131 902 1497 973 posteriorem
1546 914 1681 954 vero
1716 895 2037 967 Apollinarii
2064 939 2078 962 ,
2113 902 2338 963 prepter

768 996 1087 1052 nonnullam
1128 1008 1325 1050 vocum
1376 989 1840 1045 communionem.
1894 986 2030 1041 Vide
2072 984 2338 1039 disserta-

768 1089 972 1144 tionem
1016 1103 1034 1142 ι
1084 1085 1151 1140 ad
1200 1082 1561 1154 posteriorem
1587 1088 1795 1150 partem
1828 1078 2065 1148 Operum
2095 1076 2165 1130 Μ.
2197 1075 2339 1131 Mer-

768 1180 991 1243 catoris,
1047 1177 1140 1232 ubi
1190 1174 1540 1230 ostendimus
1583 1172 1646 1235 ",
1690 1178 1893 1240 quanta
1928 1169 2067 1222 foret
2091 1165 2340 1221 Macedo-

767 1274 1058 1328 nianorum
1075 1276 1129 1323 et
1145 1265 1660 1339 Apollinaristarum
1678 1278 1801 1317 cum
1825 1260 2120 1315 Catholicis
2143 1274 2341 1313 vocum

770 1361 1106 1426 communio,
1137 1360 1241 1414 etsi
1270 1367 1388 1413 erat
1420 1370 1614 1426 magna
1644 1353 2011 1421 discrepantia
2036 1350 2338 1421 dogmatis:

769 1471 879 1526 quo
925 1454 1072 1509 enim
1121 1450 1364 1505 haeretici
1416 1447 1494 1500 illi
1547 1446 1869 1499 viderentur
1930 1443 2147 1512 longius
2202 1450 2259 1496 et
2312 1456 2343 1495 a

771 1543 1010 1598 Sabellio
1061 1549 1117 1595 et
1173 1554 1203 1593 a
1255 1536 1492 1592 Photino
1542 1533 1824 1596 recedere,
1887 1534 1939 1586 in
1987 1547 2085 1587 sua
2138 1531 2344 1601 quique

770 1634 1071 1706 quazstione
1098 1648 1197 1702 per
1228 1643 1511 1685 excessum
1533 1625 1855 1697 peceabant.

838 1726 1005 1780 XXII.
1048 1722 1298 1786 Tertium,
1340 1734 1451 1773 non
1493 1718 1662 1773 fuisse
1688 1733 1718 1772 a
1747 1714 2028 1771 veteribus
2060 1712 2345 1769 catholica:

772 1817 899 1871 fidei
927 1812 1314 1870 defensoribus
1346 1809 1619 1880 objectam
1655 1807 2002 1863 Tlieodoreto
2024 1805 2343 1861 societatem

2437 627 2494 672 et
2524 616 2802 689 discipuli,
2832 634 3031 675 causa:
3069 636 3241 691 quare
3271 629 3366 677 aut
3390 629 3623 691 uterque
3645 620 4020 685 excusandus,

2438 715 2531 761 aut
2550 717 2783 778 uterque
2810 709 3171 766 damnandus.
3205 711 3339 767 Nam
3360 722 3515 765 suam
3537 709 3771 779 quisque
3798 720 4025 763 semen.

2440 802 2569 856 tiam
2586 809 2642 855 et
2666 801 2857 856 iisdem
2876 802 3061 857 verbis
3075 802 3321 873 exponit,
3346 811 3403 858 et
3414 803 3611 859 eodem
3626 803 3929 870 Scriptura:
3946 808 4027 854 te-

2439 890 2700 945 stimouio
2716 891 3023 946 confirmat.
3049 913 3065 944 (
3090 894 3287 949 Annon
3302 892 3648 957 Theodorus,
3683 892 3865 961 inquit
3896 906 4029 945 eru-

2440 982 2589 1038 ditus
2617 983 2890 1049 defensor,
2926 985 3165 1055 Spiritus
3190 988 3361 1041 sancti
3394 983 4028 1042 consubstantialitatem

2442 1091 2565 1130 cum
2585 1077 2744 1131 Patre
2771 1077 2971 1132 docet?
2996 1098 3013 1129 ι
3051 1078 3121 1132 At
3136 1080 3243 1134 hoc
3261 1079 3422 1134 docet
3436 1080 3600 1133 etiam
3619 1075 4025 1131 Theodoretus.

2451 1186 2468 1217 ι
2492 1166 2708 1231 Annon,
2747 1167 2918 1233 addit,
2953 1169 3281 1225 Theodorus
3295 1184 3551 1239 expresse
3568 1168 3810 1222 declarat
3841 1181 3903 1220 se
3926 1166 4028 1219 ad-

2441 1272 2634 1312 versus
2644 1273 2741 1313 eos
2752 1259 3053 1329 disputare,
3070 1261 3164 1329 qui
3178 1260 3443 1330 Spiritum
3456 1269 3706 1314 sanctum
3725 1257 3779 1309 in
3799 1263 4029 1309 creatu-

2444 1362 2629 1401 rarum
2658 1354 2672 1368 '
2696 1365 2923 1403 numero
2936 1351 3258 1404 censerent?
3282 1371 3298 1402 ι
3322 1351 3391 1405 Et
3409 1349 3460 1404 id
3482 1350 3596 1419 ipse
3612 1363 3831 1419 quoque
3848 1347 4033 1400 Theo-

2448 1437 2676 1493 doretus
2718 1438 2980 1504 declarat,
3032 1448 3087 1493 et
3134 1440 3357 1508 quidem
3408 1438 4028 1511 apertioribus'verbis:

2453 1548 2472 1581 ί
2506 1529 2771 1599 Spiritum
2790 1530 2913 1584 Filii
2937 1531 3231 1601 appellavit
3269 1532 3583 1601 Apostolus,
3613 1548 3723 1587 non
3759 1531 3935 1601 quod,
3973 1539 4035 1584 ut

2445 1617 2635 1670 volunt
2649 1617 2968 1671 exsecrandi
2991 1618 3335 1683 haeretici,“
3352 1620 3462 1673 Deo
3481 1635 3578 1689 per
3597 1620 3794 1674 Filium
3812 1628 4036 1673 creatus

2445 1707 2536 1773 sit,
2560 1726 2577 1758 ι
2604 1715 2709 1761 etc.
2726 1706 2965 1777 Uterque
2982 1709 3191 1763 scilicet
3210 1710 3534 1765 catholicam
3552 1710 3711 1766 fidem
3731 1728 3759 1765 a
3778 1711 4033 1765 Macedo-

2446 1798 2613 1853 niano
2628 1813 2817 1853 errore
2841 1815 2950 1853 non
2977 1799 3110 1856 satis
3125 1800 3498 1857 discernebat.
3525 1822 3541 1853 ι
3559 1801 3689 1865 Cur,
3704 1804 3901 1873 pergit,
3922 1804 4035 1857 Ma-

770 1924 896 1972 cum
939 1907 1029 1970 iis,
1074 1906 1168 1975 qui
1215 1903 1482 1973 Spiritum
1526 1909 1773 1955 sanctum
1813 1916 1843 1955 a
1877 1900 2014 1955 Filio
2045 1896 2347 1968 procedere
2375 1884 2421 1945 Β
2450 1887 2567 1942 rius
2586 1886 2874 1952 Mercator,
2894 1904 3019 1942 cum
3044 1890 3350 1960 symbolum
3384 1891 3805 1954 refelleret,non
3830 1893 4039 1961 objccit

772 1998 1091 2055 difﬁtentur.
1120 1996 1253 2049 Nam
1281 1993 1460 2063 primo
1484 1990 1819 2053 metuebant,
1852 2004 1922 2044 ne
1948 1996 2097 2043 tanto
2123 1987 2346 2042 nomine

768 2094 1023 2159 juvarent
1068 2094 1250 2157 partes
1286 2084 1390 2138 sibi
1416 2082 1690 2137 adversas.
1726 2079 1933 2134 Deinde
1957 2087 2083 2133 ante
2109 2076 2347 2132 schisma

772 2180 954 2243 Ρωίί
991 2177 1221 2248 quaestio
1259 2175 1347 2229 illa
1386 2187 1564 2242 neque
1609 2172 1861 2228 movebat
1907 2170 2118 2233 turbas,
2168 2182 2348 2236 neque

774 2276 884 2330 nlla
912 2274 1026 2327 fere
1054 2278 1190 2325 erat.
1220 2266 1466 2334 Denique
1506 2270 1638 2317 tunc
1686 2261 2083 2331 unusquisque,
2129 2266 2191 2312 ut
2229 2257 2349 2313 ﬁeri

776 2365 913 2419 solet
945 2360 1145 2431 quietis
1180 2354 1545 2425 temporibus,
1592 2352 1823 2406 alterius
1858 2350 2003 2405 dicta
2036 2349 2091 2403 in
2141 2348 2348 2403 bonum

776 2468 997 2510 sensum
1018 2448 1254 2518 benigne
1279 2443 1763 2514 interpretabatur.

844 2536 1033 2593 XXIII.
1090 2534 1374 2600 Quartum,
1399 2531 1734 2585 recentiores
1761 2528 1997 2593 Graecos,
2028 2542 2153 2582 cum
2184 2542 2214 2581 a
2244 2526 2349 2581 La-

779 2630 906 2684 tinis
953 2634 1221 2698 urgentur
1278 2620 1616 2692 argumentis
1644 2620 1714 2674 ab
1771 2618 2105 2673 auctoritate
2128 2619 2352 2673 Patrum

775 2722 1089 2776 Grtecorum
1116 2715 1325 2786 petitis,
1351 2711 1703 2767 distinctione
1726 2726 1757 2764 a
1779 2710 2126 2765 Theodoreto
2155 2709 2353 2765 tradita

777 2828 835 2867 se
892 2810 1055 2865 tueri.
1113 2807 1282 2862 Aiunt
1312 2809 1500 2867 etiam,
1532 2802 1578 2856 si
1606 2802 1827 2872 quando
1868 2802 2058 2857 Patres
2086 2801 2353 2871 Spiritum

779 2910 1026 2958 sanctum
1071 2915 1101 2953 a
1138 2898 1279 2953 Filio
1316 2895 1616 2965 procedere
1665 2901 1932 2952 asserant.
1983 2892 2133 2962 loqui
2161 2908 2258 2947 eos
2286 2891 2355 2948 de

778 2992 1148 3059 processione,
1199 3002 1310 3042 non
1342 3000 1464 3055 quae
1512 2983 1818 3055 ὑπάρξεως,
1850 2982 1945 3038 sed
1981 2998 2101 3052 qua:
2124 2984 2354 3053 δωρεᾶς,

780 3085 960 3146 idest,
1010 3097 1123 3137 non
1168 3089 1394 3143 aeterna,
1447 3092 1556 3148 qua
1601 3076 1929 3131 exstantiam
1979 3075 2217 3145 accipit;
2260 3073 2355 3129 sed

781 3172 1092 3243 temporali,
1121 3187 1228 3241 qua
1257 3169 1420 3225 datur
1452 3165 1791 3221 hominibus.
1852 3164 2004 3220 lIanc
2041 3164 2355 3220 distinctio-

2447 1979 2759 2043 Theodoro,
2810 1979 2956 2049 quod
3001 1980 3068 2034 de
3092 1982 3446 2050 processione
3477 1983 3649 2037 sancti
3676 1984 3920 2053 Spiritus
3940 1985 4041 2038 ali-

2449 2078 2533 2125 ter
2569 2071 2799 2125 sentiret
2842 2087 3005 2141 quam
3057 2072 3347 2128 Ecclesia?
3389 2072 3521 2137 Cur,
3576 2074 3774 2144 inquit,
3828 2092 3940 2130 non
3984 2076 4039 2129 id

2458 2158 2668 2229 pariter
2722 2160 2927 2229 objecit
2982 2161 3331 2217 Theodoreto
3361 2162 3622 2235 Cyrillus,
3653 2182 3779 2220 cum
3807 2168 4041 2222 anathe-

2448 2250 2762 2305 matismum
2790 2256 3202 2323 propugnaret?
3236 2274 3255 2307 ι
3295 2255 3566 2311 Mercator
3599 2273 3800 2327 nempe
3832 2266 3891 2313 et
3930 2258 4040 2330 Cy-

2450 2345 2608 2401 rillus
2629 2346 2681 2401 id
2701 2357 2955 2417 egerunt,
2991 2350 3139 2418 quod
3176 2353 3449 2422 agendum
3472 2361 3611 2407 erat.
3644 2372 3662 2404 ι
3689 2353 3821 2418 Cur,
3848 2354 4042 2417 instat,

2450 2437 2508 2491 in
2545 2437 2820 2493 Theodori
2845 2440 3131 2496 erroribus
3156 2456 3187 2495 a
3212 2457 3245 2496 ν
3277 2442 3487 2513 synodo
3518 2442 3811 2514 diligenter
3833 2445 4042 2499 collec-

2453 2529 2545 2595 tis,
2587 2543 2699 2583 non
2754 2529 2859 2584 fuit
2904 2530 3210 2602 quidquam
3272 2532 3341 2588 de
3395 2536 3747 2603 processione
3801 2535 4045 2604 Spiritus

2454 2621 2629 2677 sancti
2656 2622 2941 2692 positum?
2980 2622 3113 2688 Cur,
3162 2625 3387 2695 excipit,
3432 2642 3542 2681 non
3576 2627 3679 2681 fuit
3711 2643 3933 2697 quoque
3970 2628 4043 2682 ab

2454 2713 2644 2768 eadem
2681 2712 2895 2783 synodo
2923 2713 2991 2768 de
3021 2714 3214 2770 eadem
3259 2716 3566 2785 quaestione
3614 2716 3919 2786 quidquam
3983 2717 4040 2769 in
4072 2749 4080 2753 ς

2454 2806 2740 2859 erroribus
2768 2805 3100 2861 Theodoreti
3135 2806 3355 2861 curiose
3383 2807 3711 2877 conquisitis
3758 2806 4043 2877 positum?

2456 2896 2588 2959 Cur,
2613 2905 2790 2966 urget,
2827 2898 3167 2953 rceentidres
3195 2897 3368 2955 (Ξῖ-εξερί
3396 2900 3481 2954 sui
3509 2900 3721 2954 erroris
3754 2908 4046 2968 parentem

2458 3002 2568 3041 non
2595 2988 2803 3042 faciunt
2828 2988 3203 3055 Theodorum,
3235 2991 3331 3045 sed
3363 2988 3816 3046 Theodoretum?
3852 3010 3870 3041 ι

2529 3076 2880 3147 Respondeo,
2911 3078 3173 3148 puduisse
3214 3080 3364 3149 ipsos
3397 3081 3665 3151 parentis,
3719 3082 3879 3151 cujus
3918 3098 4048 3152 pcr-

2463 3184 2651 3224 sonam
2724 3170 2969 3225 Ecclesia
3028 3170 3357 3226 damnavit:
3411 3172 3730 3227 maluerunt
3782 3173 4049 3242 praeferre

780 3234 912 3323 nem.
971 3264 1226 3321 adhibuit
1275 3261 1656 3317 Theodoretus
1708 3260 1763 3314 in
1816 3259 2229 3315 commentariis
2289 3259 2356 3314 ad
2385 3234 2426 3292 Ο
2458 3276 2662 3317 nomen
2716 3262 2947 3317 illustris
2984 3263 3111 3327 viri,
3157 3264 3316 3333 cujus
3366 3272 3423 3319 et
3462 3264 3717 3319 doctrina
3743 3234 3810 3319 de
3838 3265 4049 3335 Spiritu

781 3364 945 3426 caput
993 3362 1245 3409 octavum
1279 3350 1533 3420 Epistolze
1585 3348 1652 3403 ad
1686 3349 2000 3403 Romanos:
2045 3367 2063 3398 α
2097 3348 2175 3402 Ex
2200 3349 2359 3403 Patre

782 3448 1008 3517 quidem
1056 3445 1309 3516 procedit
1348 3443 1501 3513 juxta
1542 3440 1964 3510 Evangeliorum
2012 3440 2355 3505 doctrinam;

781 3541 901 3610 ejus
945 3548 1127 3593 autem
1152 3535 1351 3606 gratia,
1378 3532 1447 3590 iis
1468 3532 1562 3602 qui
1593 3530 1741 3600 digni
1774 3539 1920 3595 sunt,
1950 3546 2049 3600 per
2075 3530 2358 3586 Christum

782 3628 1182 3698 suppeditatur.
1216 3644 1233 3677 ι

851 3733 1042 3788 XXIV.
1074 3729 1349 3786 Nonnulla
1376 3726 1541 3783 etiam
1570 3727 1889 3797 priusquam
1922 3724 2146 3780 ﬁniatur
2175 3734 2357 3795 caput,

785 3840 907 3879 cum
931 3821 1124 3877 amicis
1168 3819 1406 3881 duobus,
1448 3817 1584 3872 viris
1628 3816 1818 3887 utique
1867 3815 2066 3880 doctis,
2118 3814 2360 3870 ineunda

784 3930 984 3986 pugna,
1015 3911 1214 3983 partim
1244 3910 1313 3965 de
1340 3908 1615 3997 Theodori
1641 3906 1748 3962 fide
1776 3907 1922 3961 circa
1951 3906 2359 3976 processionem

783 4005 1022 4077 Spiritus
1062 4002 1237 4059 sancti
1280 4016 1311 4056 a
1338 4000 1499 4065 Filio,
1524 3996 1730 4069 partim
1762 3997 1831 4054 de
1863 3996 2087 4052 nomine
2108 3997 2361 4067 Acepha-

786 4100 963 4152 lorum
1009 4093 1377 4166 quorumdam
1424 4108 1455 4147 a
1504 4091 1763 4145 Liberato
1820 4097 2248 4143 memoratorum
2294 4089 2360 4144 ".

783 4187 917 4242 Nam
949 4185 1302 4240 Theodorum
1345 4181 1569 4251 quidem
1592 4180 1831 4249 scriptor
1857 4179 1947 4233 ille
1967 4178 2363 4233 celeberrimus

786 4275 1028 4331 historia:
1056 4274 1124 4329 de
1146 4274 1439 4329 schismate
1461 4271 1798 4335 Graecorum,
1831 4284 2095 4324 excusare
2140 4269 2358 4337 nititur,

784 4379 853 4420 ne
875 4367 946 4420 sit
965 4364 1444 4421 schismaticorum
1462 4362 1723 4431 magister
1744 4377 1758 4425 ;
1783 4360 2189 4415 Theodoretum
2208 4376 2357 4427 vero,

786 4470 854 4509 ne
904 4460 1195 4509 censeatur
1240 4452 1387 4505 inter
1430 4449 1737 4519 Acephalos
1768 4447 2031 4514 Liberali,
2056 4450 2264 4519 pariter
2282 4451 2361 4507 la-

787 4545 945 4598 horat
998 4542 1295 4597 defendere
1336 4542 1596 4599 Ecclesiae
1639 4540 1838 4596 Graeca:
1876 4551 2358 4598 monumentorum

786 4634 987 4688 editor.
1036 4632 1147 4687 Cur
1193 4632 1262 4687 ab
1292 4640 1526 4701 utroque
1553 4630 1896 4695 dissentiam,
1932 4632 2122 4701 paucis
2150 4633 2359 4703 aperio.

856 4724 1019 4779 XXV.
1059 4723 1195 4779 Cum
1241 4722 1637 4777 celeberrimus
1677 4720 1768 4774 ille
1792 4722 2043 4790 scriptor,
2067 4738 2228 4792 quem
2250 4722 2368 4777 lau-

786 4818 934 4882 davi,
980 4815 1323 4887 pervenisset
1364 4813 1431 4868 ad
1484 4813 1844 4882 qurestionem
1896 4813 1963 4867 de
2016 4814 2365 4883 processione

788 4908 1029 4978 Spiritus
1078 4907 1274 4971 sancti,
1330 4921 1491 4975 quam
1524 4904 1699 4959 Grmci
1734 4905 1991 4959 Ecclesia:
2016 4904 2223 4961 Latina:
2248 4922 2365 4961 mo-

786 5006 1005 5063 verunt,
1052 4997 1229 5052 fassus
1255 5006 1339 5051 cst
1362 5013 1527 5066 super
1554 5011 1616 5050 ea
1651 4995 2057 5050 Theodoretum
2093 4996 2147 5049 in
2174 5012 2362 5067 repre-

788 5088 1053 5143 hensione
1097 5085 1539 5141 anathematismi
1591 5086 1720 5139 noni
1754 5084 2034 5156 Cyrilliani
2083 5086 2222 5140 male
2242 5102 2367 5143 sen-

788 5179 922 5234 sisse
952 5195 967 5245 ;
997 5178 1173 5233 noluit
1211 5187 1393 5233 tamen
1440 5176 1771 5231 Theodoreti
1823 5178 2145 5247 magistrum
2190 5178 2367 5234 Theo-

789 5270 984 5326 dorum
1034 5270 1091 5325 in
1138 5270 1327 5325 eadem
1372 5270 1570 5326 hteresi
1628 5268 1834 5335 fuisse;
1872 5269 1968 5323 sed
2018 5270 2071 5323 in
2119 5272 2365 5342 symbolo

788 5376 1032 5417 errorem
1055 5361 1357 5417 Macedonii
1382 5362 1647 5416 duntaxat
1668 5360 1828 5432 453
1853 5370 1981 5417 tunc
2002 5377 2363 5434 oppugnasse,

788 5469 915 5508 cum
981 5454 1249 5509 scriberet
1283 5472 1299 5505 σ
1337 5452 1600 5522 Spiritum
1633 5461 1881 5508 sanctum
1915 5468 2092 5523 neque
2126 5470 2245 5509 esse
2282 5455 2369 5509 Fi—

788 5546 944 5612 lium,
974 5561 1155 5617 neque
1195 5561 1293 5617 per
1327 5546 1525 5601 Filium
1552 5546 1879 5601 exstantiam
1913 5545 2136 5602 habere.
2177 5565 2195 5599 ι
2236 5546 2368 5602 Mihi

2459 3362 2648 3409 sancto
2668 3362 2724 3408 et
2745 3370 2978 3424 persona
3000 3352 3203 3410 intacta
3231 3354 3336 3410 fuit
3355 3372 3386 3410 a
3412 3356 3736 3410 fulminibus
3760 3357 4049 3411 Ecclesiae.

2530 3446 2717 3500 XXVI.
2745 3446 2863 3500 Jam
2887 3460 3017 3500 vero
3045 3455 3531 3502 monumentorum
3560 3448 3819 3503 Ecclesia:
3844 3447 4055 3504 Graece

2457 3538 2712 3593 eruditus
2739 3539 2939 3604 editor,
2973 3555 3099 3596 cum
3130 3550 3289 3596 notas
3319 3549 3619 3611 apponeret
3641 3540 3709 3594 ad
3735 3541 4051 3609 epistolam,

2459 3648 2623 3702 quam
2662 3632 2859 3688 Joanni
2892 3632 3238 3687 Antiocheno
3284 3632 3666 3687 Theodoretus
3701 3641 3821 3701 post
3850 3633 4052 3686 lectam

2459 3725 2649 3796 Cyrilli
2678 3725 2837 3781 fidem
2871 3725 3041 3789 misit,
3077 3725 3193 3780 haec
3227 3723 3449 3780 habet“
3474 3742 3487 3777 :
3513 3743 3530 3773 ι
3560 3726 3637 3779 De
3667 3725 4051 3779 controversia

2460 3814 2721 3888 Cyrillum
2751 3818 2897 3870 inter
2917 3825 2972 3871 et
2994 3816 3404 3871 Theodoretum
3424 3816 3705 3885 eleganter
3726 3816 4054 3885 Agohardns

2460 3906 2606 3961 libro
2636 3906 2899 3962 adversus
2930 3907 3165 3961 Felicem
3190 3922 3311 3976 cap.
3343 3907 3394 3960 4.
3428 3906 3565 3961 Vide
3587 3908 3752 3961 etiam
3781 3908 4051 3963 Joannem

2462 3996 2910 4059 Euchaitensem,
2940 4012 2996 4066 p.
3023 3996 3091 4051 56
3119 4006 3176 4051 et
3193 3996 3284 4061 37,
3315 4006 3371 4051 et
3398 3996 3509 4050 noli
3538 3996 3850 4051 existimare
3872 3998 4057 4051 Theo-

2462 4085 2716 4140 doretum
2756 4084 2952 4139 ducem
2982 4085 3152 4141 fuisse
3202 4085 3564 4154 quorumdam
3619 4085 4050 4155 Acephalorum,

2462 4179 2556 4249 qui
2588 4178 2727 4232 duas
2751 4178 2807 4231 in
2833 4176 3057 4232 Christo
3089 4184 3317 4231 naturas
3340 4176 3689 4231 defenderint
3724 4195 3736 4230 :
3768 4193 3880 4232 non
3902 4180 4053 4234 enim

2461 4267 2567 4323 hoc
2598 4283 2665 4323 ex
2712 4266 2957 4321 Liberati
2992 4266 3176 4321 verbis
3205 4266 3499 4321 evincitur.
3540 4286 3558 4318 ι

2532 4359 2717 4415 Videri
2743 4365 2921 4428 potest
2962 4358 3206 4412 animum
3237 4359 3533 4413 attendisse
3566 4359 3631 4413 ad
3669 4370 3833 4428 caput
3855 4361 3890 4415 9
3916 4361 4053 4417 Bre-

2460 4450 2642 4512 viarii,
2700 4448 2791 4502 ubi
2827 4464 2953 4502 cum
2987 4447 3280 4501 Liberatus
3320 4447 3658 4503 defensionis
3686 4447 4054 4503 Orientalium

2464 4556 2494 4596 a
2514 4540 2717 4611 Cyrillo
2750 4546 3017 4608 suscepta:
3045 4538 3097 4591 in
3128 4539 3325 4593 litteris
3355 4540 3422 4593 ad
3453 4539 3763 4610 Eulogium,
3788 4540 4050 4597 Acacium

2470 4632 2868 4688 Melitinensem
2890 4638 2947 4683 et
2970 4628 3319 4684 Valerianum
3349 4630 3707 4694 lconiensem,
3746 4630 4050 4699 fragmenta

2470 4724 2771 4786 retulisset,
2801 4722 2978 4791 pergit
3000 4720 3055 4774 in
3085 4721 3202 4776 haec
3224 4721 3390 4775 verba
3415 4739 3427 4774 :
3472 4740 3489 4771 ι
3519 4722 3586 4775 Et
3612 4722 3726 4775 hmc
3751 4730 3902 4784 sunt,
3931 4737 4050 4790 qua

2470 4815 2708 4888 Cyrillus
2738 4813 2960 4884 scripsit
3004 4812 3058 4866 in
3104 4812 3481 4866 defensionem
3533 4812 3886 4867 orientalium
3931 4814 4049 4882 cpi-

2471 4920 2785 4977 scoporum,
2818 4919 2917 4973 pro
2936 4904 3151 4958 duabus
3186 4904 3347 4958 unius
3370 4903 3572 4958 Christi
3600 4904 3846 4969 naturis;
3885 4920 4049 4973 quam

2471 4998 2785 5067 quicunque
2816 5004 2947 5049 tunc
2978 4995 3203 5050 minime
3229 5003 3579 5064 receperunt,
3620 4996 3722 5048 hos
3757 5010 3879 5049 esse
3922 5009 4055 5064 puto

2470 5097 2721 5142 auctores
2748 5085 3147 5156 Accphalorum
3176 5104 3188 5139 :
3228 5086 3320 5156 qui
3366 5102 3546 5156 neque
3577 5086 3741 5158 454
3784 5085 4059 5157 Cyrillum

2470 5179 2672 5234 habent
2698 5186 2879 5247 caput,
2916 5193 3095 5247 neque
3122 5193 3284 5247 quem
3307 5187 3633 5247 sequantur,
3658 5179 3981 5234 ostendunt.
4040 5202 4055 5230 ι

2540 5270 2622 5326 Ad
2668 5270 2773 5323 has
2804 5284 2929 5339 gego
2978 5283 3160 5332 voces,
3219 5277 3457 5323 auctores
3512 5269 3923 5340 Acephalorum,
3989 5273 4060 5325 ita

2474 5362 2667 5432 scripsi
2709 5380 2721 5415 :
2760 5380 2777 5413 ι
2814 5359 2873 5416 ld
2921 5361 3448 5431 prtetermittendum
3473 5378 3584 5416 non
3614 5370 3696 5417 est
3720 5361 3837 5416 sine
3864 5363 4040 5417 obser

2475 5455 2716 5511 vatione.
2753 5452 2889 5509 Nam
2940 5453 3073 5508 facit
3105 5452 3513 5507 Theodoretum
3559 5453 3755 5507 ducem
3798 5452 4064 5507 factionis

2478 5545 2710 5616 alicujus
2730 5543 3037 5609 hominum,
3056 5542 3152 5614 qui
3176 5542 3309 5598 dicti
3334 5552 3463 5598 sunt
3490 5542 3773 5612 Acephali,
3797 5553 4059 5613 propter-

2128 5684 2445 5743 SCHULZII
2485 5682 2716 5742 NOTAE.

861 5792 901 5827 “
931 5793 1060 5864 Pag.
1093 5794 1218 5860 528,
1251 5810 1316 5850 ex
1357 5793 1490 5850 edit.
1523 5795 1689 5851 Garn.

789 5865 1031 5922 Monum.
1074 5865 1270 5922 ecclcs.
1316 5874 1480 5938 gr.,t.
1520 5866 1559 5932 Ι,
1588 5883 1641 5938 p.
1670 5866 1790 5924 τῆς).

1771 5798 1894 5855 "In
1935 5798 2354 5873 Maimbnrgium
2410 5800 2527 5859 hmc
2563 5800 2707 5859 dicta
2749 5812 2870 5857 esse
2900 5805 3176 5869 putamus.

3261 5798 3305 5833 ¹⁶
3336 5797 3456 5855 Vid.
3502 5796 3761 5856 Cotelerii
3793 5805 3957 5855 notas
3986 5799 4055 5855 ad
