4224 6442
219 406 320 472 ιοι

1417 409 1514 469 DE
1553 407 1730 468 FIDE
1767 405 2256 467 THEODORETI
2277 455 2285 466 .

3387 408 3496 472 402

216 537 282 576 ea
333 521 506 590 quod,
543 535 666 576 eum
693 520 1069 576 defensionem
1118 518 1306 592 Cyrilli
1363 533 1464 589 pro
1506 518 1803 574 Orientali-
1836 522 1880 579 Α
1911 515 2078 570 ralem
2116 517 2285 572 solam
2315 517 2656 576 admlttentis
2687 540 2700 588 ;
2752 535 2820 576 an
2850 536 2972 593 qua:
3001 519 3256 576 Ecclesia:
3306 523 3492 576 catho-

216 613 321 665 bus
343 628 455 666 non
481 613 813 683 reciperent,
839 626 1016 683 neque
1036 610 1299 683 Cyrillum
1323 609 1598 664 habebant
1620 617 1804 678 caput,

214 720 397 773 neque
425 703 695 758 Joannem
720 704 1125 758 Antiochenum
1148 720 1161 768 ;
1189 703 1282 772 qui
1309 703 1418 756 duo
1443 709 1623 755 tamen
1650 709 1807 754 erant

213 796 674 850 contendentium
704 797 943 866 partium
969 796 1268 866 principes,
1309 814 1326 846 ›
1364 803 1469 849 etc.

283 885 454 940 Visus
489 901 610 939 sum
661 886 796 942 mihi
824 886 1140 956 opinionem
1188 883 1458 939 coniicere
1498 883 1603 937 hoc
1645 883 1806 952 syllo-

209 978 392 1047 gismo
431 994 541 1031 non
580 978 818 1033 certiore
865 994 1026 1048 quam
1065 977 1406 1032 evidentiore
1438 993 1451 1029 :
1481 974 1805 1042 Quicunque

211 1068 446 1122 minime
487 1076 820 1136 receperunt
848 1069 1108 1137 scriptam
1141 1083 1168 1120 a
1193 1067 1398 1138 Cyrillo
1425 1065 1801 1119 defensionem

210 1158 572 1212 orientalium
597 1161 1005 1229 episcoporum,
1046 1175 1144 1230 pro
1168 1159 1383 1212 duabus
1413 1156 1577 1210 unius
1599 1155 1802 1210 Christi

211 1251 452 1315 naturis,
481 1250 584 1304 hos
607 1250 898 1305 Liberatus
917 1259 1070 1320 putat
1097 1251 1496 1320 Aeephalorum
1526 1257 1797 1310 auctores,

209 1349 314 1395 etc.
352 1343 525 1410 Atqui
549 1342 930 1396 Theodoretus
953 1341 1177 1394 minime
1201 1340 1410 1409 recepit
1428 1339 1799 1392 detensionem

207 1448 236 1486 a
259 1432 474 1503 Cyrillo
509 1435 790 1503 scriptam,
820 1443 925 1488 etc.
950 1433 1107 1488 Hune
1133 1433 1299 1504 igitur
1325 1432 1616 1487 Liberatus
1645 1440 1802 1501 putat

207 1525 622 1594 Aeephalorum
651 1535 952 1580 auctorem.
979 1526 1288 1596 Propositio
1325 1525 1640 1579 continetur
1669 1523 1800 1593 ipsis

207 1611 454 1667 Liberati
514 1615 718 1669 verbis.
774 1615 1088 1684 Assumptio
1147 1615 1557 1668 demonstratur
1615 1628 1681 1666 ex
1733 1628 1798 1666 eo

205 1704 388 1767 facile,
426 1705 577 1774 quod
605 1705 873 1770 defensio,
913 1707 1070 1776 cujus
1103 1704 1161 1759 fit
1192 1705 1420 1769 mentio,
1465 1705 1610 1758 aliud
1657 1705 1794 1758 nihil

206 1796 291 1859 sit,
342 1813 518 1866 quam
550 1799 728 1851 oratio
769 1797 955 1869 Cyrilli
986 1797 1282 1852 discrimen
1306 1798 1626 1867 exponentis
1654 1799 1797 1852 inter

206 1887 372 1941 ﬁdem
429 1889 661 1944 Joannis
713 1890 1065 1954 Antiocheni,
1118 1890 1232 1944 sive
1283 1891 1635 1944 orientalium
1682 1891 1797 1959 epi-
1833 1875 1871 1926 Β

205 1994 529 2048 sceporum,
565 1988 619 2034 et
650 1980 955 2036 doctrinam
983 1981 1241 2036 Nestorii.
1269 1981 1492 2035 Nullum
1516 1997 1650 2036 vero
1677 1997 1797 2037 esse

205 2070 500 2125 contendit
533 2071 933 2135 Theodoretus,
955 2071 1189 2141 ideoque
1213 2071 1351 2126 dixit
1383 2072 1682 2127 «Joannem
1711 2074 1795 2127 id-

204 2162 386 2230 ipsum
415 2165 627 2217 sentire
661 2163 807 2232 quod
832 2163 1156 2217 Nestorius:
1191 2181 1208 2213 D
1243 2169 1297 2215 et
1325 2160 1588 2233 Cyrillum
1613 2165 1796 2217 crimi-

202 2263 366 2308 natus
394 2263 502 2319 est,
531 2254 677 2323 quod
713 2262 930 2322 recepta
957 2251 1318 2308 Orientalium
1346 2253 1473 2319 fide,
1521 2273 1538 2304 ι
1566 2254 1794 2309 Nestorii

203 2347 518 2399 assertione
550 2361 682 2399 usus
720 2346 811 2407 sit,
853 2364 870 2394 ι
910 2345 1168 2414 quodque
1209 2365 1225 2396 ‹
1255 2346 1310 2398 in
1335 2345 1537 2400 litteris
1564 2347 1795 2401 rectitu-

203 2435 390 2491 dinem
423 2436 708 2506 scripserit
739 2451 768 2492 e
796 2436 1064 2490 diametro
1094 2435 1426 2491 contrariam
1475 2438 1586 2508 jam
1639 2438 1794 2508 prius

201 2532 449 2600 scriptis.
489 2551 506 2581 ι
562 2530 826 2584 V'idenda:
876 2529 1209 2584 Theodoreti
1243 2531 1490 2601 epistola
1528 2531 1595 2585 ad
1625 2532 1792 2586 Joan-

201 2644 324 2682 nem
356 2629 793 2691 Antiochenum,
828 2627 1101 2681 Andream
1124 2625 1793 2697 Constantinopolitanum

201 2721 561 2785 monachum,
591 2719 866 2773 Andream
899 2719 1338 2784 Samosatcnum,
1377 2727 1434 2773 et
1489 2719 1792 2776 llimerium

199 2809 704 2865 Nicomedienscm.
737 2809 997 2864 Vitlenda:
1023 2810 1250 2880 pariter,
1284 2825 1420 2879 quas
1450 2811 1669 2881 scripsit
1691 2812 1794 2884 Cy-

198 2903 359 2956 rillus
398 2901 469 2956 ad
515 2901 773 2956 Acacium
802 2901 1225 2965 Melitinensem,
1267 2902 1561 2956 Maximum
1603 2904 1791 2959 diaco-

197 3006 353 3055 num,
386 3001 444 3045 et
470 2990 737 3044 Joannem
762 2990 1185 3056 Antiochenum,
1209 2990 1353 3060 apud
1377 3006 1539 3061 quem
1565 3007 1790 3062 expres-

198 3085 274 3138 sis
305 3083 502 3137 verbis
535 3082 603 3137 de
643 3080 994 3136 Theodoreto
1019 3083 1294 3152 queritur.

264 3172 487 3228 XXVII.
525 3173 650 3228 Seio
680 3172 938 3242 equidem
969 3173 1137 3227 verba
1168 3164 1409 3229 Libera‘ti
1440 3190 1604 3244 posse
1629 3190 1790 3230 eous-
1819 3208 1861 3266 ε

196 3287 302 3342 que
331 3270 603 3340 torqueri,
635 3278 695 3324 ut
727 3268 1134 3323 Theodoretum
1162 3279 1406 3339 spectare
1431 3285 1538 3324 non
1571 3270 1792 3324 videan-

196 3373 308 3427 tur,
337 3362 438 3416 sed
467 3377 585 3424 eos,
612 3361 704 3430 qui
727 3361 953 3432 Cyrillo,
976 3360 1113 3414 duas
1133 3368 1356 3414 naturas
1377 3360 1647 3425 confesso,
1670 3377 1793 3416 suc-

197 3455 526 3517 censebant,
552 3453 707 3523 quasi
735 3469 798 3507 ea
829 3469 886 3508 re
915 3451 1220 3514 transiisset
1248 3453 1302 3505 in
1329 3453 1566 3507 Nestorii
1594 3453 1789 3508 Orien-

196 3547 508 3614 taliumque
560 3554 778 3614 partes,
816 3559 952 3612 quas
992 3558 1133 3597 unas
1172 3542 1441 3612 putabant
1476 3560 1489 3596 :
1527 3544 1602 3597 illi
1642 3546 1788 3600 enim

197 3637 462 3692 videntur
495 3635 664 3690 fuisse
695 3645 950 3690 auctores
998 3635 1160 3705 primi
1211 3635 1632 3705 Acephalorum.
1685 3638 1786 3692 Ve-

196 3742 318 3779 rum
343 3726 465 3780 haec
495 3725 880 3795 interpretatio
908 3741 1017 3779 non
1044 3733 1255 3779 tantum
1286 3726 1525 3780 violenta
1551 3735 1654 3790 est,
1692 3729 1784 3783 sed

195 3815 364 3866 etiam
418 3797 666 3866 historiae
707 3813 1109 3882 Acephalorum
1163 3829 1354 3882 parum
1397 3825 1783 3881 consentanea,

196 3913 568 3972 praeterquam
620 3903 764 3972 quod
819 3903 1023 3958 sanctis
1083 3903 1191 3958 illis
1220 3903 1353 3959 viris
1383 3904 1645 3975 injuriosa
1679 3917 1782 3973 est,

195 3995 285 4063 qui
315 3993 586 4064 Cyrillum
620 3993 802 4048 studio
833 3993 958 4049 ﬁdei
1003 4003 1058 4048 et
1094 3995 1379 4050 charitatis
1423 3996 1619 4052 affectu
1670 4015 1786 4052 mo-

195 4095 462 4141 nuerunt.
507 4085 668 4151 Quasi
724 4101 857 4140 vero
908 4087 1138 4142 Aeacius
1182 4089 1573 4154 Melitiuensis,
1627 4091 1785 4146 Vale-

194 4179 390 4232 rianus
444 4177 768 4243 lconicnsis,
818 4179 1059 4234 Donatus
1108 4180 1542 4252 Nicopolitanus,
1589 4193 1644 4239 et
1677 4185 1781 4238 Eu-

193 4271 398 4342 logius,
432 4274 529 4338 qui
559 4280 783 4326 strenue
822 4288 921 4342 pro
963 4273 1230 4329 catholica
1287 4275 1391 4330 fide
1450 4287 1779 4346 pugnarunt,

193 4363 379 4433 impia
409 4362 809 4430 Acephalorum
846 4363 1070 4418 haeresis
1109 4367 1490 4436 progenitores
1538 4368 1777 4423 fuerint!

830 4498 1054 4555 CAPUT
1086 4500 1150 4553 ll.

194 4612 269 4668 De
297 4612 408 4683 ﬁde
443 4610 750 4665 Theodoreti
780 4613 1290 4735 circavqubrestionem
1320 4614 1383 4667 de
1413 4614 1780 4668 incarnatione

951 4699 1005 4735 er
1039 4701 1075 4735 ι.

951 4699 1075 4736 erm.

262 4819 306 4872 l.
367 4817 446 4870 De
500 4815 720 4892 Christo
775 4815 880 4869 tria
928 4815 1162 4869 maxime
1217 4815 1462 4870 defendit
1511 4817 1777 4880 Ecclesia,

192 4919 467 4979 quantum
506 4906 745 4977 pertinet
775 4906 840 4960 ad
885 4922 1126 4976 praesens
1171 4907 1472 4977 negotium.
1530 4909 1580 4962 1.
1624 4907 1778 4974 Quod

193 5001 480 5069 perfectus
526 5003 544 5020 '
601 4998 669 5052 sit
717 4998 885 5061 Deus,
919 4998 1401 5052 eonsubstantialis
1425 4998 1584 5069 455
1609 4999 1776 5053 Patri.

194 5091 246 5144 2.
277 5089 441 5156 Quod
496 5088 774 5158 perfectus
821 5089 1007 5153 homo,
1057 5089 1545 5144 consubstantialis
1595 5091 1775 5144 matri.

194 5181 245 5235 '5.
286 5179 448 5248 Quod
480 5188 688 5233 natura:
740 5179 793 5232 in
835 5179 951 5249 ipso
984 5180 1105 5234 duo:
1153 5181 1456 5252 conjuncta:
1507 5181 1616 5234 sint
1661 5181 1778 5232 καθ’

196 5273 519 5333 ὑπόστασιν,
544 5279 599 5325 et
624 5273 828 5327 unione
859 5273 1225 5327 substantiali.

264 5364 330 5417 ll.
376 5364 453 5416 De
486 5364 771 5418 divinitate
796 5365 959 5419 Verbi
999 5374 1144 5420 recte
1176 5367 1349 5420 sensit
1376 5367 1774 5434 Theodoretus,

195 5461 497 5505 utconstat
529 5468 596 5506 ex
625 5452 782 5508 libris
838 5453 1101 5509 adversus
1151 5455 1432 5510 Arianos:
1485 5467 1634 5514 recte
1680 5477 1767 5529 pa-

196 5545 331 5596 riter
365 5543 434 5598 de
460 5543 804 5598 humanitate
830 5544 1056 5610 Christi,
1087 5547 1232 5616 quod
1254 5549 1551 5604 ostendunt
1584 5551 1776 5620 dispu-

195 5636 436 5690 tationes
465 5651 589 5690 cum
623 5637 842 5692 Arianis
865 5647 919 5693 et
950 5639 1394 5709 Apollinarianis.

263 5724 354 5776 lli.
405 5721 705 5790 Quaeritur,
731 5742 895 5795 quam
929 5730 1257 5783 sententiam
1294 5729 1360 5785 de
1389 5733 1774 5802 conjunctione

197 5825 521 5869 naturarum
557 5829 779 5872 secutus
802 5818 909 5872 sit:
937 5833 1004 5873 an
1032 5836 1154 5891 qua:
1193 5822 1429 5876 Nestorii
1483 5824 1604 5890 fuit,
1662 5843 1774 5880 mo-

1911 607 2049 672 licae,
2103 609 2504 666 substantivam
2557 613 2950 669 defendentis?
3004 614 3144 668 Sunt
3197 612 3344 666 enim
3395 615 3488 683 qui

1907 695 2248 751 Nestorianae
2270 698 2494 754 haeresis
2533 711 2816 765 accusent,
2867 710 2996 756 sunt
3026 702 3118 770 qui
3168 701 3489 762 defendant.

1908 799 1963 844 et
1993 791 2255 859 utrinque
2285 806 2448 846 causa
2473 808 2614 863 saepe
2644 794 2846 866 agitur,
2873 810 2981 848 non
3008 794 3324 864 prmjudicio
3371 803 3492 847 tan-

1910 889 2046 946 tum,
2081 883 2179 938 sed
2204 885 2371 938 etiam
2408 888 2779 942 contentionis
2804 887 3026 951 studio;
3063 895 3118 940 ct
3152 888 3337 954 plures
3367 903 3487 940 eam

1907 973 2093 1042 potius
2144 975 2197 1028 in
2229 984 2440 1045 partem
2469 976 2696 1040 abeunt,
2719 994 2881 1048 quam
2913 985 3123 1048 optant,
3164 992 3328 1045 quam
3350 987 3408 1030 ut
3438 979 3488 1029 vi

1907 1075 2356 1131 argumentorum
2389 1067 2762 1136 impellantur.

1977 1153 2064 1209 ιν.
2095 1155 2162 1209 Ut
2220 1158 2449 1224 qumstio
2494 1157 2732 1227 agitetur
2775 1172 2876 1227 pro
2918 1159 3136 1221 merito,
3189 1156 3489 1211 videndum

1905 1245 2095 1314 primo,
2127 1247 2354 1315 quinam
2379 1246 2790 1303 Theodoretum
2819 1259 3098 1313 accusent,
3121 1259 3176 1302 et
3200 1250 3330 1318 quid
3360 1250 3492 1302 affe-

1905 1344 2023 1388 rant
2059 1353 2070 1387 :
2115 1337 2321 1398 deinde,
2369 1339 2500 1405 quid
2542 1339 2809 1394 adversus
2856 1339 3260 1393 accusationem
3299 1339 3488 1392 defen-

1903 1439 2058 1478 sores
2111 1427 2431 1496 excipiant:
2488 1432 2659 1494 tertio,
2715 1430 2847 1500 quid
2903 1430 3121 1500 ipsimet
3173 1431 3491 1485 defensores

1901 1516 2175 1572 adducant
2233 1537 2243 1571 :
2308 1529 2521 1590 quarto,
2559 1523 2691 1590 quid
2736 1523 3003 1579 adversus
3053 1521 3374 1577 defensores
3421 1524 3489 1577 ab

1900 1610 2313 1665 accusatoribus
2357 1612 2704 1682 excipiatur:
2757 1615 2958 1683 quinto,
2999 1613 3145 1682 quod
3201 1612 3491 1667 ferendum

1894 1696 2182 1766 judicium.

1899 1791 2199 1848 ART.‘CL’I.L'S
2250 1794 2621 1860 l.——Qm'nam
2677 1797 3057 1852 Tlteodoretum
3111 1808 3380 1863 accusarat,
3439 1809 3486 1852 et

2075 1877 2080 1881 '
2480 1869 2605 1937 quid
2648 1871 2895 1939 aﬂ'erant.

1978 1952 2018 2006 l.
2048 1953 2354 2020 Nestorius,
2380 1958 2483 2012 etsi
2507 1957 2678 2012 verbo
2704 1959 2960 2028 negabat,
2997 1959 3134 2013 duas
3165 1959 3218 2012 in
3264 1959 3486 2014 Christo

1899 2058 2020 2100 esse
2069 2061 2354 2115 personas,
2380 2049 2714 2118 praedicabat
2743 2059 2924 2104 tamen
2950 2065 3138 2104 revera
3167 2069 3177 2102 :
3211 2051 3317 2106 hoc
3336 2052 3484 2106 enim

1898 2145 2003 2199 est,
2060 2152 2162 2190 nec
2217 2139 2367 2193 aliud
2423 2141 2746 2210 quidquam,
2801 2143 3248 2213 conjunctionem
3310 2145 3481 2200 solam

1899 2228 2162 2281 moralem
2198 2238 2520 2284 naturarum
2545 2231 2812 2300 profiteri.

1971 2317 2035 2371 ll.
2088 2318 2346 2388 Ejusdem
2400 2321 2772 2392 blaSphemiaa,
2800 2331 2963 2393 atque
2991 2324 3130 2381 adeo
3162 2328 3480 2384 consensio-

1897 2407 1983 2461 nis
2013 2423 2137 2462 cum
2169 2409 2444 2475 Nestorio,
2478 2410 2888 2466 Theodoretum
2910 2425 3240 2470 accusarunt
3260 2425 3484 2472 sanctus

1894 2497 2150 2568 Cyrillus,
2181 2500 2383 2556 Marius
2426 2501 2714 2567 Mercator,
2757 2503 2986 2574 Vigilius
3044 2505 3211 2575 Papa,
3240 2507 3481 2579 synodus

1896 2590 2088 2658 quinta
2134 2606 2258 2645 cum
2311 2601 2465 2646 sexta
2510 2602 2565 2647 et
2607 2594 2862 2662 septima,
2913 2596 3164 2666 Pelagius
3217 2598 3282 2663 ll,
3342 2598 3478 2654 Gre-

1896 2680 2085 2750 gorius
2135 2682 2380 2752 Magnus,
2429 2685 2764 2752 posteriores
2812 2696 2964 2741 sexta
3025 2689 3233 2759 synodo
3279 2693 3478 2746 summi

1896 2769 2182 2837 pontifices
2204 2773 2452 2842 plurimi,
2478 2775 2710 2844 ipsemet
2730 2776 3130 2843 Theodoretus,
3157 2779 3259 2848 ipsi
3288 2781 3476 2844 etiam,

1896 2876 1927 2914 a
1956 2862 2160 2930 quibus
2213 2865 2448 2920 maxime
2489 2865 2708 2921 defendi
2748 2867 3089 2940 laudarique,
3139 2881 3236 2927 aut
3283 2873 3478 2928 saltem

1895 2955 2145 3008 excusari
2177 2955 2445 3021 creditur,
2482 2957 2592 3012 Leo
2631 2958 2725 3023 M.,
2769 2959 3035 3015 Maximus
3078 2962 3479 3029 Autiochenus,

1895 3051 2090 3112 quarta
2138 3047 2400 3114 synodus,
2462 3047 2772 3112 Liberatus,
2820 3050 3067 3116 Photius,
3097 3053 3334 3108 Joannes
3363 3055 3475 3108 Eu-

1897 3132 2098 3196 ehaita,
2148 3134 2490 3204 Agobardus.
2543 3145 2598 3192 et
2659 3137 2944 3192 Baronius.
2981 3139 3139 3193 Tanti
3185 3156 3353 3210 porro
3379 3157 3478 3196 no-

1897 3226 2062 3279 minis
2083 3229 2495 3282 accusatorihus
2521 3232 2725 3300 urgeri,
2755 3248 2857 3285 nec
2878 3233 2980 3287 nisi
3008 3241 3104 3286 aut
3125 3235 3478 3289 excusatione

1897 3316 2140 3382 defendi,
2196 3328 2291 3372 aut
2319 3320 2666 3375 confessione
2716 3322 3041 3391 ignorantia:
3099 3339 3163 3379 ac
3215 3325 3478 3381 caecitatis

1896 3410 2112 3463 veniam
2161 3409 2467 3479 deprecari,
2519 3412 2565 3465 si
2623 3428 2732 3466 non
2789 3415 3014 3468 omnino
3065 3426 3150 3468 est
3198 3416 3473 3482 convinci,

1896 3509 2044 3553 certe
2076 3516 2140 3570 pa
2150 3516 2268 3554 rum
2306 3501 2484 3556 abest.

1965 3589 2054 3643 Ill.
2105 3589 2223 3644 Non
2276 3592 2460 3644 omnia
2506 3602 2888 3649 accusatorum
2944 3593 3091 3649 dicta
3125 3594 3471 3664 producam:

1893 3681 2082 3748 quanti
2121 3681 2267 3733 enim
2323 3693 2470 3735 esset
2519 3685 2748 3752 operis?
2795 3685 2888 3739 sed
2946 3699 3009 3739 ea
3059 3693 3292 3751 tantum,
3351 3703 3473 3756 qua:

1892 3781 2117 3842 propter
2142 3771 2476 3827 evidentiam
2502 3776 2684 3830 minus
2707 3777 2998 3831 calumnia:
3025 3777 3473 3848 cavillationique

1892 3864 2123 3918 obnoxia
2149 3875 2294 3918 sunt.
2322 3866 2466 3921 Gens
2487 3868 2634 3922 enim
2659 3868 2906 3936 quaedam
2933 3869 3202 3922 laudatrix
3236 3884 3301 3923 ac
3329 3884 3470 3939 pene

1890 3954 2167 4009 adoratrix
2223 3955 2575 4021 Theodoreti,
2621 3957 2751 4026 quid
2798 3973 2908 4011 non
2953 3967 3146 4023 tentat,
3199 3967 3294 4013 aut
3336 3959 3469 4028 quid

1889 4050 2104 4102 causari
2129 4065 2236 4102 non
2264 4049 2403 4102 solet
2423 4048 2685 4103 adversus
2711 4050 2887 4119 ipsum
2915 4051 3174 4105 Ecclesiae
3201 4050 3469 4108 universa:

1883 4137 2198 4208 judicium?

2490 4254 2544 4306 S.
2587 4251 2863 4306 CvntLLtts.

1960 4365 2046 4418 ιν.
2085 4363 2474 4418 Sanctissimus
2509 4363 2599 4416 ille
2634 4362 3094 4432 doctissimusque
3119 4363 3246 4418 fidei
3272 4364 3464 4419 defen-

1888 4473 1998 4520 sor,
2059 4456 2144 4510 cui
2192 4455 2412 4509 videtur
2441 4457 2584 4510 Deus
2611 4454 2930 4525 mysterium
2960 4455 3373 4522 incarnationis,
3405 4465 3466 4511 ut

1815 4559 1857 4611 ι)
1888 4548 2187 4601 Athanasio
2234 4548 2539 4611 Trinitatis,
2591 4549 2897 4617 Augustino
2940 4549 3150 4617 gratiae,
3182 4564 3464 4618 exponen-

1886 4638 2015 4691 dum
2069 4636 2388 4698 credidisse,
2439 4636 2846 4689 Theodoretum
2905 4635 3285 4690 consensionis
3337 4653 3462 4691 cum

1885 4727 2137 4782 Nestorio
2173 4743 2324 4781 reum
2362 4727 2529 4793 fecit;
2566 4726 2728 4796 idque
2761 4740 2869 4779 non
2895 4734 3108 4780 tantum
3159 4735 3285 4782 ante
3327 4744 3462 4782 con-

1884 4820 2069 4873 eiiium
2104 4820 2462 4890 l-Iphesinum,
2494 4834 2616 4871 cum
2665 4834 2794 4872 suos
2836 4818 3320 4874 anathematismos
3368 4819 3463 4874 de-

1883 4909 2133 4962 fenderet
2159 4926 2172 4973 ;
2203 4908 2366 4978 456
2398 4907 2492 4962 sed
2521 4907 2684 4960 etiam
2717 4907 2901 4960 statim
2927 4921 3059 4976 pace
3088 4907 3458 4961 Ecclesiarum

1884 5001 2113 5063 sancito,
2169 5016 2291 5053 cum
2351 4999 2475 5053 facti
2525 4999 2792 5053 rationem
2841 4998 3034 5052 amicis
3083 4999 3459 5067 quaerentibus

1882 5090 2138 5145 redderet
2163 5109 2178 5157 ;
2203 5091 2312 5146 imo
2339 5099 2459 5160 post
2486 5091 2726 5160 quinque
2763 5097 2858 5144 aut
2907 5105 3001 5144 sex
3031 5105 3204 5144 annos
3247 5105 3278 5144 a
3324 5105 3458 5159 pace

1883 5182 2037 5246 inita,
2071 5197 2194 5235 cum
2237 5181 2571 5250 gravissimis
2606 5181 2790 5236 verbis
2820 5180 2887 5235 ad
2937 5180 3202 5234 Joannem
3261 5182 3457 5237 Antio-

1881 5273 2114 5327 chcuum
2140 5273 2205 5328 de
2239 5272 2586 5326 'l‘heodoreto
2611 5274 2897 5328 scriberet.

1949 5364 2086 5417 Cum
2137 5364 2303 5433 igitur
2349 5372 2474 5418 ante
2513 5365 2808 5419 concilium
2840 5364 3180 5434 Ephesmum
3202 5379 3334 5419 suos
3355 5365 3452 5420 ad-

1881 5470 2070 5508 versus
2099 5454 2580 5522 reprehensionem
2615 5455 2945 5510 Theodoreti
2969 5455 3454 5512 anathematismos

1879 5555 2269 5616 propugnaret,
2298 5545 2352 5598 in
2377 5545 2695 5600 defensione
2721 5548 2885 5616 primi
2938 5547 3218 5616 tertiique,
3270 5549 3451 5616 quarti

1879 5648 1933 5693 et
1958 5640 2085 5692 noni
2114 5638 2301 5707 objicit
2347 5638 2768 5708 reprehendenti
2804 5639 3120 5693 societatem
3172 5655 3296 5693 cum
3342 5640 3454 5694 Ne-

1879 5729 2067 5791 storio,
2115 5729 2300 5796 idque,
2353 5745 2499 5782 nunc
2537 5728 2845 5789 obscurius,
2883 5745 3030 5782 nunc
3058 5731 3320 5797 apertius,
3357 5729 3452 5784 sed

1884 5833 1998 5879 tum
2024 5822 2246 5877 demum
2281 5822 2606 5887 clarissime,
2637 5837 2760 5874 cum
2810 5819 3252 5876 anathematismi
3296 5837 3354 5889 x,
3400 5821 3454 5874 in
