4224 6442
703 361 808 425 403

1808 367 2152 428 GARNERI
2162 368 2187 428 Ι
2222 368 2716 432 DISSERTATIO
2758 374 2868 433 lli.

3856 375 3972 441 404

700 488 812 541 quo
870 470 1049 544 agitur
1101 472 1169 528 de
1219 474 1440 531 Christo
1481 475 1770 546 pontiﬁce,
1813 475 2298 546 reprehensionem
2330 486 2376 539 Α
2404 479 2604 536 mentis
2674 494 2992 552 congruere.
3050 480 3258 537 Verum
3308 488 3370 537 ut
3414 480 3699 540 mendacia
3757 484 3987 540 illorum

702 564 963 621 dilueret.
997 566 1131 619 Nam
1171 575 1461 636 postquam
1507 567 1747 624 Nestorii
1790 581 2051 622 vesanam
2087 567 2190 621 hac
2229 567 2285 621 in

703 665 858 727 parte
913 654 1249 724 impietatem
1297 657 1658 726 exposuisset,
1718 675 1735 707 ε
1772 656 2072 711 Dementia:
2115 654 2284 720 illius,

704 749 905 819 inquit,
937 748 1177 818 Optimus
1214 750 1522 812 aemulator,
1551 750 1637 802 vir
1666 748 1845 803 bonus
1880 747 2284 812 Theodoretus,

700 854 816 895 non
855 840 1139 895 erubescit
1186 840 1377 895 dicens
1404 840 1481 893 ¹⁹ε
1522 840 1848 895 Humanam
1896 849 2149 894 naturam
2202 855 2289 892 as—

706 932 963 1001 sumpsit,
1012 939 1070 985 et
1106 947 1226 985 eam
1281 946 1447 1001 super
1474 946 1797 985 communes
1826 929 2115 1001 pontiﬁces
2139 931 2289 985 ordi-

639 1059 642 1063 η
701 1023 874 1086 navit,
910 1023 1051 1079 sicut
1074 1032 1127 1076 et
1158 1023 1361 1077 Paulus
1396 1022 1533 1076 dicit
1563 1021 1778 1076 :Omnis
1805 1023 1943 1075 enim
1968 1022 2200 1094 pontifex
2224 1038 2287 1075 ea:

702 1113 995 1168 hominibus
1037 1124 1358 1184 assumptus,
1386 1130 1480 1184 pro
1513 1114 1805 1167 hominibus
1847 1114 2181 1167 constituitur
2231 1115 2285 1167 in

704 1206 779 1257 his
814 1220 933 1274 quae
969 1213 1093 1258 sunt
1119 1205 1190 1258 ad
1234 1205 1421 1268 Deum,
1462 1206 1551 1275 qui
1590 1204 1865 1259 condolere
1904 1207 2061 1276 possit
2091 1206 2168 1260 his
2198 1207 2287 1276 qui

702 1297 951 1365 ignorant
999 1303 1050 1349 et
1076 1305 1282 1360 errant,
1312 1299 1567 1367 quoniam
1596 1305 1644 1349 et
1682 1298 1794 1367 ipse
1822 1296 2180 1350 circumdatus
2210 1305 2285 1349 cst

702 1386 1033 1454 inﬁrmitate,
1082 1398 1128 1441 et
1175 1398 1454 1459 propterea
1502 1390 1666 1453 debet,
1718 1385 2158 1459 quemadmodum
2191 1404 2285 1459 pro

702 1479 917 1549 populo,
966 1482 1043 1534 ita
1099 1482 1257 1533 etiam
1301 1496 1396 1550 pro
1429 1481 1707 1548 semetipso
1750 1481 1937 1550 oﬂ‘errc
1970 1496 2064 1550 pro
2104 1496 2285 1549 pecca-

705 1572 769 1623 tis
817 1582 861 1624 ο.
931 1571 1124 1624 Nonne
1175 1570 1458 1625 hominem
1504 1569 1666 1624 nobis
1693 1585 2042 1625 communem
2063 1570 2291 1625 Emma-

705 1663 852 1726 nuel,
910 1672 1175 1731 quantum
1214 1661 1281 1717 ad
1336 1661 1515 1732 ipsum
1541 1661 1801 1731 pertinet,
1840 1661 2069 1715 etleclt?
2094 1662 2287 1717 Nonne

705 1769 871 1822 supra
906 1754 1222 1807 memoratis
1249 1754 1331 1809 hce
1360 1767 1579 1823 quoque
1608 1759 1737 1806 sunt
1762 1751 1951 1806 allines
1977 1755 2282 1816 sententia),

2385 578 2571 641 aperte
2621 574 3004 639 ostendamus,
3068 592 3088 627 ι
3137 581 3244 629 etc.
3299 572 3444 641 Quin
3492 572 3562 629 de
3617 574 3980 633 Tbcodoreto

2385 675 2569 716 sermo
2593 661 2685 727 sit,
2709 664 2810 717 etsi
2833 678 3034 717 nomen
3070 668 3339 727 taceatur,
3362 662 3550 717 nullus
3571 661 3769 718 merito
3802 664 3976 719 dubi-

2386 762 2483 818 tet,
2516 755 2609 824 qui
2636 756 2922 825 epistolam
2958 756 3257 811 secundam
3308 755 3643 811 Theodoreti
3679 756 3748 812 ad
3784 756 3980 813 Hime-

2389 845 2532 898 rium
2560 859 2684 899 cum
2715 844 2869 900 Notis
2898 846 3105 901 nostris
3132 844 3342 915 legerit.

2458 935 2710 1005 Quinque
2736 946 2834 992 aut
2882 953 2976 992 sex
3006 944 3128 1007 post
3173 936 3352 1000 annis,
3407 952 3535 991 cum
3578 936 3976 992 Theodoretus

2394 1027 2714 1082 tumultuari
2743 1036 3015 1100 pergeret,
3045 1036 3272 1099 questus
3296 1036 3379 1083 est
3407 1027 3550 1099 apud
3567 1029 3831 1084 Joannem
3859 1028 3976 1082 An-

2388 1119 2702 1174 tiochenum
2727 1119 2964 1191 Cyrillus
2994 1120 3081 1173 his
3102 1119 3285 1175 verbis
3317 1120 3357 1151 ’ί
3387 1138 3400 1173 :
3436 1138 3455 1171 ι
3486 1118 3795 1173 Arbitratus
3820 1134 3977 1174 eram

2387 1212 2441 1264 in
2476 1212 2626 1267 hunc
2668 1226 2841 1281 usque
2870 1211 3040 1277 diem,
3074 1211 3589 1266 reverendissimum
3654 1210 3976 1265 Theodore-

2388 1310 2524 1366 tum,
2556 1303 2819 1372 depositis
2843 1302 3080 1358 Nestorii
3118 1301 3276 1357 vanis
3296 1301 3671 1371 opinionibus,
3700 1303 3974 1356 maculam

2386 1409 2450 1447 ex
2478 1392 2546 1446 iis
2572 1401 2929 1456 contractam,
2956 1392 3207 1463 exemplo
3233 1390 3464 1445 aliorum
3489 1389 3967 1445 sanctissimorum

2390 1485 2703 1555 prazsulum,
2739 1484 2941 1538 eluisse
2972 1500 2986 1536 :
3032 1483 3178 1538 hunc
3201 1484 3347 1537 enim
3370 1481 3716 1537 credideram
3754 1480 3917 1551 longe
3944 1498 3974 1534 a

2386 1592 2447 1631 se
2500 1574 2836 1639 removisse,
2879 1589 3001 1644 qua:
3040 1573 3159 1644 paci
3205 1572 3517 1635 obstabant,
3555 1572 3975 1626 conditionibus

2388 1665 2700 1733 mutuisque
2724 1680 2755 1717 a
2779 1678 2866 1718 me
2917 1662 3114 1719 litteris
3159 1662 3414 1732 receptis.
3452 1662 3653 1716 Verum
3696 1661 3975 1716 referente

2388 1756 2479 1826 pio
2505 1755 2825 1825 presbytero
2866 1753 3118 1819 Daniele,
3165 1752 3332 1808 didici
3377 1754 3553 1823 ipsum
3611 1768 3641 1808 a
3718 1752 3976 1822 pristinis

704 1846 954 1901 eamdem
977 1845 1373 1915 blasphemiam
1408 1844 1823 1915 parturientes?
1851 1844 1995 1911 Quid
2020 1846 2145 1899 ais?
2172 1845 2286 1899 Μο-
2317 1829 2359 1883 B
2388 1846 2579 1917 agendi
2613 1844 2920 1899 rationibus
2948 1860 3058 1898 non
3088 1843 3401 1908 recessisse,
3429 1844 3705 1897 adhaerere
3737 1841 3974 1911 perinde

707 1941 816 1995 tuis
839 1938 1133 1994 sacerdotii
1155 1938 1376 1993 modum
1398 1938 1453 1992 in
1473 1938 1693 1994 Christo
1712 1939 1957 1994 omnium
1983 1938 2285 2003 Salvatorc,

705 2048 807 2088 nec
837 2031 1171 2087 conveniens
1214 2032 1433 2087 videtur
1481 2048 1602 2087 esse
1647 2033 1762 2087 Deo
1811 2032 1992 2087 Verbo
2046 2032 2288 2085 humano

703 2125 867 2179 modo
902 2124 1214 2179 ministrare
1243 2133 1470 2195 propter
1528 2123 2039 2193 dispensationem?
2085 2121 2285 2194 Detege

706 2224 859 2267 tuum
903 2213 1136 2278 vultum,
1178 2223 1235 2269 et
1264 2228 1499 2283 persona
1557 2212 1809 2284 deposita
1857 2214 2034 2284 palam
2078 2214 2286 2285 denega

704 2306 797 2359 Dei
831 2304 997 2360 Verbi
1049 2304 1503 2369 incarnationem,
1559 2312 1785 2374 prepter
1828 2320 1991 2374 quam
2042 2305 2285 2375 pontifex

704 2400 1023 2454 nominatus
1054 2406 1159 2453 est.
1198 2417 1215 2449 ›
1248 2398 1315 2452 Et
1347 2405 1541 2468 postea
1575 2414 1588 2451 :
1632 2415 1649 2447 ‹
1687 2395 1806 2451 Non
1855 2397 2060 2466 pateris
2103 2412 2166 2451 ex
2198 2410 2285 2451 re-

703 2491 805 2545 bus
832 2490 967 2560 ipsis
992 2489 1265 2560 inspicere
1296 2490 1473 2545 Deum
1496 2503 1618 2543 esse
1670 2488 1834 2543 simul
1891 2496 1948 2543 et
1999 2488 2280 2544 hominem

703 2583 1027 2637 Emmanuel
1060 2598 1075 2647 ;
1112 2580 1206 2635 sed
1236 2589 1344 2635 tam
1389 2580 1704 2650 petulanter
1756 2587 1813 2634 et
1857 2579 2281 2645 inconsiderate,

704 2677 816 2729 imo
845 2674 991 2728 ultra
1014 2672 1280 2728 terminos
1310 2671 1609 2742 impietatis
1640 2671 1808 2726 totius
1830 2686 2148 2736 excurrens,
2203 2672 2286 2727 ais

704 2765 886 2834 ipsum
938 2778 1059 2818 esse
1107 2770 1542 2817 consummatum
1588 2760 1872 2816 laboribus
1892 2770 1949 2816 et
1970 2762 2198 2825 virtute,
2228 2770 2286 2816 et

705 2854 1002 2926 profecisse
1034 2853 1299 2924 paulatim
1333 2853 1389 2908 in
1432 2852 1711 2924 pontificis
1755 2854 2099 2924 dignitatem.
2140 2873 2157 2906 ι
2217 2854 2285 2908 Et

705 2954 933 3017 postea:
976 2964 994 2998 (
1026 2945 1207 2999 Ausus
1244 2960 1304 2999 cs
1328 2943 1533 3007 dicere,
1571 2960 1692 3013 quae
1725 2944 1864 2998 infra
1894 2944 2117 3013 scripta.
2150 2943 2284 3009 Quis

706 3038 874 3109 igitur
902 3036 1161 3093 sacerdos
1184 3044 1267 3091 est
1290 3034 1509 3089 factus?
1533 3034 1668 3101 Quis
1707 3036 1723 3056 '
1764 3035 1971 3090 virtute
2023 3049 2281 3089 consum-

2391 1953 2455 1992 ac
2480 1937 2634 2007 prius
2657 1936 2895 1991 Nestorii
2928 1934 3304 2005 blasphemiis,
3333 1942 3390 1989 et
3456 1942 3643 2004 aperte
3674 1934 3974 1988 ostendere

2390 2045 2448 2084 se
2476 2045 2654 2099 neque
2685 2029 2973 2083 anathema
3000 2028 3104 2097 ipsi
3131 2027 3333 2082 dixisse
3359 2068 3373 2094 ,
3425 2041 3604 2096 neque
3632 2024 3972 2095 depositioni

2388 2122 2710 2187 assensisse,
2751 2141 2767 2171 ι
2798 2129 2910 2176 etc.

2928 2282 3118 2322 IANUS
3142 2279 3435 2320 IERCATOR.

2453 2404 2518 2458 ν.
2552 2404 2724 2458 Nemo
2760 2399 2956 2455 melius
2980 2395 3310 2452 Theodoreti
3356 2400 3600 2449 mentem
3634 2395 3807 2459 novit,
3834 2398 3974 2467 quia

2385 2510 2548 2549 nemo
2569 2493 2844 2548 curiosius
2863 2489 3179 2560 certiusque
3210 2488 3504 2559 indagavit.
3528 2489 3662 2543 Nam
3681 2495 3737 2542 et
3762 2488 3971 2557 Ephesi

2384 2585 2507 2649 fuit,
2565 2600 2689 2638 cum
2739 2583 2881 2637 inter
2933 2579 3246 2635 Catholicos
3269 2586 3324 2632 et
3361 2577 3687 2640 Orientales,
3728 2591 3970 2646 quorum

2386 2677 2664 2748 ingenium
2687 2683 2782 2731 aut
2814 2683 2963 2729 certe
2992 2687 3054 2727 os
3095 2669 3479 2726 Theodoretus
3510 2670 3650 2734 fuit,
3680 2669 3971 2724 contentio
4037 2733 4041 2736 λ

2384 2768 2624 2824 ferveret
2654 2784 2669 2823 :
2709 2775 2766 2821 et
2794 2762 3129 2820 Theodoreti
3150 2762 3323 2817 libros
3355 2761 3648 2832 diligenter
3688 2758 3975 2828 conquisi-

2387 2868 2472 2914 tos
2494 2874 2619 2914 cum
2646 2855 2987 2912 Nestorianis
3012 2853 3246 2909 contulit
3280 2868 3293 2905 :
3327 2860 3385 2907 et
3419 2850 3475 2904 in
3508 2849 3565 2904 id
3602 2850 3972 2905 vehementer

2386 2950 2658 3013 incubuit,
2690 2958 2753 3003 ut
2799 2946 3220 3002 consensionem
3263 2940 3561 3007 Theodori,
3618 2940 3965 2995 Theodoreti

2383 3051 2439 3096 et
2461 3039 2713 3096 Eutherii
2747 3054 2873 3093 cum
2894 3036 3147 3091 Nestorio
3173 3033 3505 3104 patefaceret
3540 3050 3553 3085 :
3585 3040 3641 3087 et
3676 3032 3834 3100 plura
3867 3046 3973 3084 no-

708 3140 909 3195 matus,
944 3146 1069 3187 cum
1107 3138 1299 3184 natura
1320 3145 1429 3183 non
1453 3137 1598 3183 esset
1622 3126 1943 3197 perfectus?
1980 3126 2115 3193 Quis
2158 3135 2279 3182 ten-
2308 3162 2351 3221 Ο
2385 3131 2471 3186 bis
2508 3127 2841 3184 Theodoreti
2890 3140 3060 3195 opera
3102 3121 3470 3192 epistolasque
3505 3118 3973 3221 aliundeﬁignolas

707 3224 1008 3278 tationibus
1033 3222 1225 3276 didicit
1258 3220 1651 3284 obedientiam,
1711 3234 1874 3289 quam
1923 3227 2049 3274 ante
2102 3227 2280 3273 tenta-

2385 3220 2689 3276 transmisit
2726 3236 2739 3273 :
2774 3226 2830 3273 et
2882 3216 3008 3271 inde
3055 3212 3368 3283 excerpsit,
3430 3226 3551 3281 quae
3605 3208 3970 3273 conficerent,

711 3317 884 3371 tiones
913 3314 1232 3371 nesciebat?
1259 3312 1391 3378 Quis
1417 3328 1542 3366 cum
1566 3311 1875 3365 reverentia
1898 3310 2055 3374 vixit,
2081 3320 2281 3365 etcum
2382 3313 2531 3385 quod
2579 3309 2923 3382 probandum
2960 3312 3297 3374 susceperat,
3325 3301 3734 3357 Theodoretum
3768 3313 3972 3367 nempe

710 3408 945 3460 clamore
968 3404 1148 3458 valido
1171 3404 1477 3473 lacrymans
1499 3409 1553 3456 et
1574 3401 1999 3471 supplicationes
2023 3402 2281 3467 oﬂ‘erens,

708 3514 830 3551 eum
859 3513 916 3552 se
942 3512 1163 3551 scrvare
1195 3512 1302 3550 non
1340 3502 1543 3563 posset,
1592 3493 1686 3548 sed
1751 3509 1877 3549 cum
1913 3495 2008 3564 qui
2063 3509 2284 3550 servare

713 3596 912 3657 posset,
947 3589 1282 3643 obsecrans?
1326 3586 1369 3641 0
1402 3585 1821 3640 audacissimam
1868 3596 1924 3641 et
1974 3587 2283 3642 sceleratis-

709 3681 902 3735 simam
930 3695 1117 3734 vocem
1143 3682 1154 3732 !
1184 3695 1306 3750 quae
1326 3679 1581 3750 lacrymte
1605 3687 1714 3733 tam
1745 3679 1911 3750 impie
1936 3680 2283 3735 credentium

713 3782 971 3844 poterunt
1002 3773 1223 3829 abolere
1254 3775 1524 3844 peccata?
1554 3781 1662 3830 etc.
1701 3793 1719 3826 ›
1752 3774 1865 3829 Sub
1890 3774 2082 3829 tinem:
2118 3794 2135 3827 ‹
2158 3775 2287 3830 Cer-

714 3882 831 3920 tum
858 3874 941 3919 est
974 3880 1104 3936 ergo
1156 3864 1284 3919 illos
1310 3866 1562 3921 simulate
1591 3865 1985 3920 adunationem
2012 3866 2284 3932 confiteri,

712 3957 1107 4027 simpliciorum
1160 3957 1372 4012 animos
1423 3957 1774 4013 insectantes.
1833 3955 2285 4027 Conjunctioneta

717 4062 952 4118 namque
1009 4047 1243 4103 credunt
1276 4048 1554 4119 σχετικὴν,
1582 4056 1639 4104 et
1689 4048 2033 4103 extrinsecus
2065 4048 2285 4114 factam,

712 4154 876 4206 quam
907 4152 1007 4191 nos
1026 4136 1193 4193 etiam
1224 4137 1539 4202 habuimus,
1571 4153 1696 4192 cum
1748 4139 2048 4208 participes
2090 4140 2289 4195 divinae

711 4231 864 4286 illius
890 4240 1101 4285 naturae
1128 4230 1259 4285 facti
1288 4245 1479 4285 sumus
1516 4246 1614 4300 per
1643 4230 1931 4299 Spiritum.
1965 4249 1982 4281 ι

789 4318 948 4391 457
1005 4320 1134 4374 Post
1176 4334 1366 4389 pacem
1401 4318 1790 4386 Ecclesiarum,
1823 4335 1943 4389 quae
1988 4319 2290 4375 reluctante

716 4409 1064 4465 Tbcodoreto
1088 4418 1145 4465 et
1170 4410 1513 4465 conditiones
1534 4410 1837 4480 rejiciente,
1860 4410 1996 4464 inita
2028 4419 2130 4475 est,
2164 4426 2289 4466 cum

2384 3407 2521 3462 duas
2566 3403 2622 3455 in
2674 3399 2894 3456 Christo
2937 3410 3201 3468 personas
3251 3392 3431 3462 reipsa
3482 3404 3802 3461 agnoscere,
3858 3387 3968 3442 etsi

2385 3512 2550 3553 unam
2575 3493 2760 3550 verbis
2792 3491 3105 3554 aliirmaret,
3136 3502 3241 3541 nec
3286 3484 3394 3541 alio
3464 3482 3632 3537 modo
3677 3495 3840 3534 unam
3886 3478 3967 3533 ἀει

2385 3606 2530 3655 cere,
2560 3602 2722 3658 quam
2745 3600 2853 3655 quo
2877 3582 2981 3637 viri
3004 3590 3059 3637 et
3080 3578 3269 3633 uxoris
3302 3590 3411 3630 una
3434 3581 3517 3629 est
3549 3586 3803 3642 persona,
3832 3585 3973 3623 una-

2387 3698 2494 3753 que
2526 3695 2675 3735 caro.

2457 3774 2582 3828 Haec
2608 3770 2777 3825 verba
2797 3784 2865 3823 ex
2892 3766 3033 3821 libro
3068 3780 3102 3818 v
3135 3758 3434 3828 Pentalogii
3498 3751 3812 3815 adducit“,
3846 3764 3977 3819 qua:

2388 3866 2771 3922 Theodoretus
2821 3874 2975 3915 more
3037 3872 3137 3913 suo
3181 3852 3372 3926 paucis
3405 3848 3707 3905 immutatis
3739 3861 3806 3901 ex
3853 3860 3945 3898 ma

2387 3957 2558 4028 gistro
2577 3970 2677 4009 suo
2696 3951 2985 4007 Theodoro
3001 3945 3239 4015 accepit:
3271 3961 3289 3993 ‹
3309 3939 3465 4008 Quod
3484 3935 3746 4028 Dominus
3764 3932 3833 3987 de
3851 3933 3976 4028 viro

2388 4021 2445 4102 et
2478 4059 2647 4099 uxore
2665 4039 2772 4106 'ait,
2810 4060 2828 4092 ι
2861 4048 2922 4094 ut
2948 4039 3057 4109 jam
3083 4051 3192 4089 non
3222 4033 3331 4086 sint
3362 4029 3493 4094 duo,
3517 4025 3613 4081 sed
3635 4040 3743 4079 una
3767 4021 3973 4083 caro”,

2398 4158 2416 4190 ‹
2454 4138 2701 4192 dicamus
2723 4141 2779 4187 et
2820 4146 2920 4186 nos
2947 4124 3345 4182 rationabiliter
3380 4118 3684 4176 secundum
3717 4112 3977 4169 veritatis

2343 4260 2349 4265 -
2392 4228 2685 4285 rationem.
2716 4225 2835 4280 Jam
2881 4236 2989 4275 non
3022 4225 3150 4271 sunt
3194 4215 3315 4270 duae
3358 4225 3624 4283 personae,
3675 4205 3770 4261 sed
3818 4218 3972 4266 una,

2391 4319 2606 4376 naturis
2658 4313 2848 4386 procul
2902 4308 3072 4364 dubio
3110 4303 3510 4365 constantibus,
3535 4297 3700 4370 5.58
3725 4293 3819 4349 sed
3859 4293 3950 4348 dis

2394 4410 2695 4467 cretionem
2724 4402 3057 4460 habentibus
3079 4401 3144 4452 ".
3177 4398 3246 4451 Et
3304 4395 3446 4449 sicut
3484 4390 3622 4447 nihil
3652 4386 3949 4443 obcstduo

714 4504 950 4575 Cyrillus
969 4502 1170 4557 Acacio
1191 4501 1542 4567 Melitinensi,
1578 4501 1647 4556 de
1668 4501 1929 4557 facilitate
1951 4502 2007 4556 in
2030 4500 2288 4557 Orienta-
2320 4509 2364 4564 Β
2393 4518 2517 4557 rum
2544 4512 2829 4560 numerus,
2850 4510 2959 4563 quo
2980 4491 3163 4548 minus
3183 4502 3291 4542 una
3325 4499 3454 4575 caro
3476 4482 3724 4575 dicatur;
3758 4484 3977 4563 certum

717 4597 851 4651 lium
882 4593 986 4648 fide
1012 4592 1326 4663 recipienda
1362 4594 1742 4664 conquerenti,
1780 4594 1961 4650 facere
1993 4595 2125 4650 satis
2146 4595 2292 4651 nite-

720 4693 893 4745 retur,
932 4683 1049 4739 haec
1071 4684 1239 4739 habet
1263 4684 1331 4739 de
1353 4684 1701 4740 Tbcodoreto
1724 4687 1768 4716 ’°
1815 4702 1835 4738 ξ
1875 4705 1893 4737 ι
1920 4686 2119 4741 Audivi
2153 4703 2293 4758 pra:-

723 4790 874 4831 terea
939 4775 1189 4830 veritatis
1247 4775 1436 4831 hostes
1485 4776 1857 4845 plissimorum
1914 4778 2297 4847 episcoporum

722 4864 1075 4922 concordiam
1095 4866 1379 4935 aegerrime
1411 4864 1578 4930 ferre,
1605 4874 1662 4921 et
1684 4882 1903 4923 sursum
1932 4883 1997 4922 ac
2037 4867 2296 4923 deorsum

722 4957 953 5014 miscere
992 4957 1198 5021 omnia,
1226 4964 1391 5026 atque
1443 4957 1671 5026 jactare,
1700 4957 2090 5023 confessionis,
2131 4973 2294 5027 quam

724 5047 803 5104 illi
835 5047 904 5102 de
938 5055 1087 5102 recta
1142 5044 1278 5109 ﬁde,
1312 5045 1473 5109 nihil,
1508 5053 1570 5100 ut
1625 5047 1761 5113 dixi,
1806 5048 2159 5112 innovantes,
2192 5049 2297 5103 hoc

725 5146 831 5208 est,
858 5138 999 5194 nihil
1029 5137 1097 5192 ad
1121 5153 1206 5203 ea,
1234 5152 1358 5208 qua;
1390 5137 1521 5192 olim
1548 5140 1845 5194 constituta
1867 5148 2015 5205 sunt,
2041 5139 2302 5210 adjicien-

729 5240 832 5295 tes,
879 5230 974 5286 sed
1012 5230 1196 5299 potius
1239 5228 1533 5299 inculpatis
1567 5230 1787 5286 Patrum
1823 5231 2093 5301 dogmatis
2136 5230 2302 5285 iuba:-

727 5332 931 5386 rentes,
972 5322 1285 5379 ediderunt.
1331 5336 1552 5376 sensum
1604 5330 1660 5375 et
1695 5322 1805 5378 vim
1849 5339 1977 5379 cum
2007 5323 2123 5379 suis
2152 5337 2303 5378 com-

804 5449 835 5484 ⁸
853 5437 1023 5496 Hebr.
1044 5454 1097 5503 τ,
1129 5438 1244 5492 1-5.

2396 4600 2480 4647 est
2516 4590 2685 4652 enim,
2733 4585 2969 4656 qualiter
3002 4596 3111 4635 una
3152 4578 3393 4640 dicatur;
3425 4573 3501 4626 ita
3522 4578 3578 4626 et
3602 4568 3695 4622 hic
3730 4581 3979 4637 persona

2398 4684 2582 4739 unitas
2632 4679 2769 4735 nihil
2799 4678 2957 4730 obest
2985 4668 3309 4727 diﬁ‘erentize
3339 4672 3681 4720 naturarum.
3723 4658 3979 4728 Denique

2400 4790 2523 4830 cum
2547 4779 2772 4827 naturas
2800 4762 3188 4824 discernimus,
3223 4758 3319 4813 Dei
3362 4753 3530 4810 Verbi
3556 4759 3807 4805 naturam
3836 4750 3977 4801 intc-

2397 4879 2548 4937 gram
2570 4862 2823 4923 dicimus,
2852 4864 2906 4911 et
2947 4866 3235 4925 personam
3274 4848 3391 4902 sine
3424 4841 3765 4899 dubitatione
3791 4839 3977 4937 perfe.

2405 4928 2546 5013 ctam
2574 4973 2587 5008 :
2607 4967 2710 5009 nec
2727 4950 2873 5006 enim
2887 4948 3005 5003 sine
3034 4955 3267 5015 persona
3290 4938 3370 4993 fas
3387 4945 3473 4992 est
3498 4945 3812 4989 asseverare
3844 4928 3985 4984 sub-

2403 5047 2690 5109 stantiam;
2732 5041 3031 5113 perfectam
3072 5047 3292 5106 quoque
3341 5040 3596 5085 naturam
3637 5025 3941 5080 humanam
3965 5062 3982 5085 ,

2404 5154 2530 5194 eum
2563 5151 2661 5191 sua
2709 5145 2965 5204 persona,
2999 5124 3251 5182 similiter
3299 5117 3646 5175 conﬁtemur.
3677 5113 3815 5169 Cum
3851 5126 3989 5167 vero

2407 5230 2475 5285 ad
2522 5224 2965 5298 conjunctionem
2995 5215 3341 5287 respicimus,
3376 5219 3508 5266 tunc
3558 5209 3781 5265 demum
3815 5220 3983 5261 unam

2408 5333 2699 5392 personam
2731 5313 2930 5373 merito
2957 5317 3340 5378 nuncupamus
3360 5301 3428 5356 ".
3459 5318 3475 5352 ι

2067 5496 2386 5553 SCilULle
2422 5492 2654 5551 ΝΟΤΑΞ.

800 5602 954 5682 "'Ex
990 5600 1242 5655 versione
1282 5601 1347 5653 Μι.
1384 5599 1717 5680 Mercato_ris.
1756 5596 1892 5678 Vide
1916 5596 2066 5650 hunc
2096 5594 2277 5649 locum
2313 5606 2496 5661 supra,
2528 5604 2584 5658 p.
2616 5588 2685 5643 58

808 5673 928 5715 Vul-
962 5682 996 5715 I.
1050 5671 1136 5715 IV-
1169 5685 1221 5715 n-
1266 5670 1414 5715 1361-
1494 5671 1538 5700 ¹¹
1567 5669 1686 5715 νηὶ.
1738 5668 1889 5715 Marii
1939 5667 2157 5715 Μαι-ωε.
2218 5663 2380 5715 000..
2419 5669 2457 5715 ι.
2501 5661 2563 5715 ΙΙ.
2627 5659 2777 5715 0.27
2820 5698 2826 5715 ς

2368 5700 2380 5720 .
2419 5669 2457 5715 ι.
2501 5669 2563 5723 ll,
2627 5676 2681 5729 p.
2708 5669 2834 5721 271,
2878 5669 3010 5711 edit.
3052 5669 3217 5709 (iam.
3298 5669 3342 5683 ὀ
3367 5669 3618 5728 vivamus
3649 5669 3829 5726 -ρεα
3859 5669 3987 5721 nun.

2366 5730 2593 5785 lEOdOl’O
2631 5728 3014 5798 Mopsuestenn
3076 5725 3175 5779 iste
3229 5724 3381 5776 locus
3410 5719 3673 5773 tribmtur
3726 5732 3777 5769 Ill
3840 5716 3992 5767 Actis

727 5670 775 5707 ⁸³
808 5673 929 5725 Viti.
962 5682 999 5726 t.
1050 5671 1136 5733 IV,

735 5742 861 5797 Περ(
894 5741 1092 5795 desunt
1126 5740 1158 5792 l.
1192 5755 1237 5787 τ.

732 5812 923 5884 synodi
948 5812 1164 5881 quintao.

1169 5685 1222 5740 p.
1266 5670 1415 5740 ιδεμ
1494 5671 1538 5700 η
1567 5669 1693 5740 Vid.
1738 5668 1889 5740 Marii
1939 5667 2157 5740 Met-cat.

1320 5739 1357 5768 ’λ
1386 5739 1561 5793 Const.
1605 5739 1695 5793 Vel
1747 5734 2155 5791 subsistentibus.

2218 5663 2365 5785 ρξ’ῗί

2904 5586 2951 5618 ’⁸
3004 5584 3172 5641 Cone.
3205 5581 3407 5651 Ephcs.
3458 5580 3518 5634 P.
3598 5593 3677 5637 ιιι,
3719 5590 3840 5651 cap.
3898 5576 3988 5629 55.

2627 5676 2681 5729 p.
2708 5647 2834 5721 271,
2878 5656 3010 5711 edit.
3052 5647 3269 5729 Garru—
3295 5653 3342 5683 ”
3367 5650 3618 5729 Dicemus
3649 5647 3829 5726 —'sed
3853 5662 3987 5729 una.
