4224 6442
227 395 332 460 ωδ

1460 395 1556 456 DE
1596 393 1772 453 FIDE
1807 392 2297 456 THEODORETI

3382 395 3484 460 406

298 511 378 565 Ad
406 510 554 564 hunc
576 510 756 564 locum
788 511 1016 565 observa
1042 526 1056 563 τ
1086 511 1136 564 ι·
1169 509 1326 576 Quod
1367 523 1623 580 magnum
1655 505 1807 560 addit
1837 510 1878 566 Α
1909 520 2031 560 cum
2063 516 2340 578 assumpta
2363 520 2528 562 carne
2573 521 2681 562 una
2712 506 3097 579 permanserit,
3137 521 3485 578 permaneat-

224 603 292 658 ad
345 601 504 656 Marii
553 603 874 657 Mercatoris
927 605 1312 659 auctoritatem
1371 609 1805 662 momentum,a

221 691 490 762 Gregorio
533 693 624 756 M.,
651 707 774 746 cum
812 692 1082 762 Pelagii"
1136 693 1357 747 nomine
1407 691 1475 745 ad
1518 690 1806 759 episcopos

215 783 398 844 lstria:
437 784 728 847 scriberet,
770 783 1060 852 fragmenti
1103 784 1265 854 hujus
1299 793 1631 853 postremam
1684 795 1808 848 par-

223 882 329 926 tem
378 875 607 928 totidem
664 875 849 929 verbis
899 877 1226 945 cxscriptam
1259 891 1401 937 esse,
1431 876 1806 938 insertamque

220 965 488 1033 epistolae,
538 981 642 1033 qua
671 981 798 1020 reus
838 967 1149 1020 Nestoriani
1194 966 1400 1019 erroris
1425 963 1806 1017 Theodoretus

217 1058 638 1112 ostendebatur.
685 1060 744 1113 2°
797 1059 1076 1130 Synodum
1129 1075 1162 1112 v
1240 1056 1636 1112 (ecumcnicam
1691 1054 1806 1106 hate

217 1147 412 1201 eadem
480 1149 649 1202 verba
715 1148 1007 1202 Theodoro
1068 1149 1454 1218 Mopsuesteno
1509 1145 1801 1207 tribuisse,

216 1237 460 1306 indeque
479 1239 658 1308 ipsum
674 1239 1014 1293 Nestoriana:
1038 1239 1388 1308 blasphemiae
1410 1252 1562 1291 reum
1586 1235 1799 1289 fecisse.

216 1330 269 1382 3°
301 1329 454 1382 Nihil
499 1345 661 1398 posse
693 1330 802 1383 dici
835 1346 934 1400 pro
974 1330 1300 1384 Nestoriana
1332 1328 1525 1382 haeresi
1558 1325 1762 1380 clarius
1786 1365 1798 1389 ,

215 1434 380 1487 quam
411 1419 561 1486 quod
607 1439 625 1470 ι
659 1419 777 1474 sine
809 1433 905 1473 sua
936 1435 1170 1489 persona
1200 1419 1353 1473 nefas
1385 1418 1455 1472 sit
1487 1429 1802 1470 asseverare

213 1508 605 1562 substantiam.
661 1527 680 1559 ι
719 1511 776 1562 4·
807 1509 1196 1577 Fragmentum
1253 1509 1358 1561 hoc
1421 1521 1542 1561 esse
1589 1511 1802 1559 tantum

215 1599 550 1668 particulam
572 1600 721 1664 libri,
746 1617 855 1670 quo
889 1600 1090 1654 Marius
1109 1599 1375 1653 Mercator
1391 1596 1800 1650 Theodoretum

214 1700 439 1745 accusat
483 1692 795 1746 Nestoriani
829 1692 1035 1746 erroris
1060 1731 1073 1755 ,
1125 1705 1362 1759 eumque
1395 1689 1468 1742 ait
1528 1707 1545 1739 ι
1583 1686 1803 1740 diabolo

215 1783 517 1852 instigante
542 1783 932 1852 conscripsisse
961 1782 1133 1836 libros
1160 1782 1425 1835 adversus
1457 1777 1800 1850 S.Cyrillum

213 1882 543 1928 etsanctum
577 1874 868 1928 concilium
895 1873 1255 1942 Ephesinum.
1289 1891 1306 1924 ι

272 1966 548 2021 Producit
606 1966 751 2020 idem
803 1972 1089 2020 accusator
1123 1965 1357 2026 litteras,
1387 1964 1588 2031 quibus
1612 1963 1795 2016 Theo-

211 2059 444 2113 doretus
473 2056 706 2111 allirmat
738 2056 1048 2111 Nestorium
1090 2074 1108 2106 ‹
1135 2055 1276 2108 nihil
1308 2054 1414 2108 nisi
1448 2069 1636 2108 sanam
1671 2052 1800 2106 doc-

215 2153 424 2204 trinam
478 2150 717 2212 novisse,
765 2169 782 2199 ι
846 2156 906 2201 ut
951 2148 1006 2202 in
1041 2148 1201 2214 epist.
1253 2146 1289 2199 2
1345 2145 1412 2199 ad
1463 2144 1793 2207 Himerium;

219 2262 235 2292 ‹
257 2242 458 2311 dogma
482 2239 727 2295 Nestorii
760 2254 877 2294 esse
903 2240 1074 2308 ipsam
1105 2238 1384 2308 pietatem,
1421 2255 1439 2288 ι
1471 2245 1527 2290 ut
1555 2237 1609 2289 in
1633 2235 1793 2304 epist.

211 2335 276 2388 ad
301 2335 585 2389 Andream
614 2333 1048 2394 Samosatenum,
1085 2349 1103 2380 ‹
1129 2346 1186 2384 se
1217 2345 1327 2384 non
1362 2343 1518 2399 posse
1548 2341 1795 2381 commu-

212 2427 436 2480 nionem
460 2425 666 2479 habere
691 2438 815 2478 cum
841 2423 928 2483 iis,
963 2421 1056 2490 qui
1082 2421 1277 2490 dogma
1307 2417 1545 2476 Nestorii
1574 2417 1798 2472 damna-

213 2519 412 2582 verint,
444 2536 463 2568 ι
497 2517 626 2573 utin
647 2515 808 2585 epist.
834 2515 856 2566 Ι
890 2513 957 2567 ad
988 2512 1312 2566 Himerium.

794 2606 810 2625 ⁶
831 2618 1056 2658 ηςιιιυς
1091 2619 1236 2657 eam.

281 2699 372 2754 VI.
407 2699 541 2752 Post
565 2695 875 2752 ludicatum
907 2695 1228 2764 abrogatum
1257 2733 1270 2757 ,
1316 2707 1442 2746 cum
1469 2690 1646 2746 adhuc
1675 2706 1796 2744 ver-

210 2799 436 2860 saretur
458 2787 963 2856 Constantinopoli,
1005 2786 1306 2854 quintaque
1343 2782 1584 2854 synodus
1630 2781 1799 2835 habe-

212 2894 388 2946 retur,
433 2882 504 2934 ab
549 2883 876 2950 imperatore
922 2877 1233 2932 Justiniano
1272 2875 1643 2944 interrogatus
1687 2881 1792 2934 est,

210 2976 342 3047 quid
385 2974 618 3028 sentiret
665 2971 732 3024 de
767 2968 1149 3033 Theodoreto,
1181 2976 1236 3022 et
1269 2967 1489 3035 scriptis
1518 2966 1584 3019 ab
1611 2979 1676 3018 eo
1703 2963 1798 3016 ad-

209 3081 408 3122 versus
445 3063 684 3133 capitula
715 3059 903 3131 Cyrilli
937 3059 1134 3122 editis,
1193 3056 1499 3127 respondit,
1543 3055 1670 3108 dato
1728 3052 1795 3107 ad

1915 613 2018 666 que
2043 599 2393 653 subsistentia
2432 600 2552 653 sine
2590 614 2860 669 persona;
2898 601 3191 654 anathema
3219 601 3308 654 sit.

1981 691 2034 744 3.
2083 690 2137 744 Si
2160 691 2286 760 quis
2309 706 2469 746 voces
2495 693 2837 763 evangelicas
2858 700 2915 746 et
2943 693 3270 761 apostolicas
3299 695 3353 750 in
3378 710 3486 751 uno

1912 782 2136 838 Christo
2161 783 2235 837 ita
2263 783 2490 847 dividat,
2522 797 2581 837 ut
2603 786 2768 838 etiam
2795 793 3112 838 naturarum
3139 785 3191 837 in
3217 785 3332 853 ipso
3361 787 3483 841 uni-

1913 886 2090 928 tarum
2124 876 2449 930 divisionem
2481 875 2823 940 introducat;
2855 877 3148 929 anathema
3180 876 3272 928 sit.

1980 968 2030 1019 4.
2065 967 2120 1020 Si
2159 967 2281 1035 quis
2324 982 2492 1020 unum
2522 967 2706 1022 Jesum
2749 967 3030 1022 Christum
3056 981 3247 1021 verum
3277 966 3395 1030 Dei,
3431 975 3479 1021 et

1912 1056 2164 1110 eumdem
2195 1059 2371 1125 ipsum
2399 1074 2592 1111 verum
2629 1058 2868 1112 hominis
2899 1059 3122 1121 Filium,
3171 1057 3481 1111 futurorum

1914 1148 2295 1216 ignorantiam,
2319 1159 2411 1202 aut
2439 1150 2547 1203 diei
2578 1148 2754 1202 ultimi
2781 1149 2973 1218 judicii
3016 1149 3274 1202 habuisse
3316 1147 3484 1210 dicat,

1911 1248 1965 1292 et
2004 1246 2148 1293 tanta
2174 1240 2314 1293 scire
2335 1242 2597 1308 potuisse,
2625 1247 2826 1309 quanta
2847 1241 2898 1293 ei
2929 1239 3112 1294 Deitas
3143 1241 3300 1308 quasi
3325 1240 3481 1294 alteri

1911 1329 2126 1382 cuidam
2152 1330 2484 1392 inhabitans,
2510 1331 2816 1395 revelabat;
2846 1331 3136 1384 anathema
3157 1330 3226 1382 sit

1981 1419 2032 1472 5.
2066 1419 2120 1472 Si
2147 1421 2270 1488 quis
2307 1420 2442 1474 illud
2468 1421 2734 1490 Apostoli,
2765 1421 2910 1490 quod
2939 1430 3022 1475 est
3046 1421 3101 1473 in
3139 1420 3384 1489 Epistcla
3409 1419 3476 1474 ad

1911 1506 2166 1560 Hebraeos
2197 1547 2212 1571 ,
2262 1508 2489 1573 dictum,
2535 1507 2687 1573 Quod
2715 1509 3071 1578 experimento
3104 1511 3340 1579 cognovit
3367 1508 3483 1561 obe-

1909 1595 2184 1659 dientiam,
2216 1607 2263 1648 et
2286 1613 2398 1649 cum
2426 1596 2658 1650 clamore
2680 1598 2802 1667 forti
2825 1606 2871 1650 et
2900 1597 3144 1667 lacrymis
3167 1613 3338 1666 preces
3359 1613 3485 1666 sup-

1909 1685 2320 1756 plicationesque
2366 1687 2552 1740 obtulit
2602 1689 2670 1741 ad
2708 1688 2897 1753 Deum,
2936 1691 3027 1758 qui
3075 1688 3280 1741 salvum
3313 1695 3482 1756 posset

1908 1794 2025 1832 eum
2057 1797 2088 1832 a
2119 1789 2285 1832 morte
2316 1781 2488 1848 facere
2511 1778 2562 1844 δ,
2585 1786 2844 1849 tanquam
2871 1780 3020 1834 nudo
3045 1779 3247 1833 deitate
3263 1776 3482 1832 Christo

1835 1859 1878 1917 Β
1907 1872 2196 1940 deputans,
2222 1872 2316 1940 qui
2337 1871 2618 1926 laboribus
2647 1872 2870 1926 virtutis
2895 1870 3172 1941 perfectus
3201 1871 3291 1932 sit,
3326 1877 3388 1922 ut
3414 1885 3482 1924 ex

1903 1965 2008 2018 hoc
2028 1964 2167 2017 duos
2196 1963 2544 2018 introducere
2576 1963 2847 2027 Christos,
2883 1965 2969 2018 vel
3019 1964 3158 2018 duos
3199 1963 3366 2017 Filios
3396 1961 3480 2015 vi-

1901 2055 2114 2119 deatur,
2148 2064 2203 2108 et
2238 2070 2345 2108 non
2369 2069 2537 2109 unum
2566 2055 2929 2124 eumdemque
2969 2053 3144 2109 credit
3173 2053 3268 2108 Dei
3291 2060 3346 2107 et
3377 2053 3480 2107 ho-

1900 2147 2064 2200 minis
2093 2146 2311 2209 Filium,
2333 2160 2399 2199 ex
2430 2147 2645 2200 duabus
2677 2153 2733 2200 et
2773 2147 2828 2200 in
2857 2144 3074 2200 duabus
3095 2145 3309 2198 naturis
3336 2144 3482 2200 inse—

1899 2238 2235 2307 parabilibus
2271 2238 2635 2308 indivisisque
2665 2237 3037 2292 confitendum
3062 2247 3223 2306 atque
3247 2237 3479 2292 adoran-

1899 2330 2028 2384 dum
2051 2346 2064 2393 ;
2086 2329 2376 2384 anathema
2400 2329 2489 2383 sit.
2540 2348 2557 2380 ι

1967 2421 2374 2475 Observandum
2421 2421 2462 2484 l,
2492 2421 2770 2490 Vigilium,
2823 2434 3100 2476 summum
3131 2418 3472 2488 pontificem,

1897 2529 1960 2568 ex
1991 2529 2056 2567 eo
2121 2512 2266 2581 quod
2326 2513 2451 2580 quis
2503 2513 2766 2565 unionem
2811 2522 3134 2565 naturarum
3171 2509 3476 2565 secundum

1897 2604 2333 2667 subsistentiam,
2360 2603 2481 2656 καθ’
2521 2603 2835 2667 ὑπόστασιν,
2863 2612 3044 2672 neget,
3079 2612 3224 2657 recte
3243 2602 3472 2668 inferre,

1897 2699 1966 2754 ab
2012 2714 2078 2752 eo
2112 2697 2260 2751 credi
2299 2714 2311 2748 ε
2347 2696 2401 2748 1ο
2432 2695 2660 2749 Beatam
2715 2694 2992 2764 Virginem
3039 2709 3148 2747 non
3182 2709 3332 2758 vere,
3378 2690 3475 2747 sed

1897 2806 2028 2844 voce
2057 2800 2214 2844 tenus
2236 2787 2500 2857 appellari
2533 2786 2628 2839 Dei
2674 2785 3032 2840 Genitricem.
3066 2786 3122 2838 2°
3149 2784 3388 2838 Verbum
3418 2782 3476 2837 in

1895 2883 2115 2938 Christo
2139 2896 2250 2934 non
2291 2877 2600 2932 inhabitare
2655 2877 2836 2941 aliter,
2875 2890 3038 2946 quam
3081 2875 3232 2929 velut
3270 2875 3328 2928 in
3360 2888 3474 2929 uno

1892 2975 2188 3045 justorum,
2217 2981 2378 3040 atque
2399 2971 2536 3024 adeo
2562 2985 2672 3024 non
2696 2985 2818 3024 esse
2846 2984 3007 3022 unam
3040 2983 3166 3022 cum
3183 2981 3348 3021 carne
3373 2980 3472 3020 sua

1897 3065 2326 3119 subsistentiam.
2357 3064 2412 3116 5°
2442 3062 2738 3117 Fatendam
2766 3060 3092 3115 divisionem
3125 3067 3468 3121 naturarum,

210 3160 604 3228 imperatorem
625 3152 957 3214 Constituto,
988 3151 1190 3219 scripta
1219 3147 1442 3218 quidem
1484 3162 1604 3201 esse
1646 3145 1796 3199 dam-
1822 3193 1857 3248 Ε

1835 3193 1863 3248 Ε
1896 3157 2111 3228 partitis
2141 3157 2368 3210 vocibus
2394 3153 2747 3224 evangelicis.
2782 3154 2838 3207 4°
2873 3153 3110 3206 Verbum
3135 3151 3352 3206 Christo
3379 3165 3469 3206 re-

208 3251 428 3313 nanda,
484 3249 612 3318 quia
655 3245 984 3302 videbantur
1046 3259 1166 3298 esse
1217 3250 1405 3297 contra
1435 3241 1629 3305 fidem;
1661 3255 1786 3309 pcr-

210 3358 402 3403 sonam
451 3355 587 3393 vero
623 3338 770 3392 nulla
805 3343 933 3389 nota
968 3334 1328 3397 adiciendam,
1376 3342 1601 3402 propter
1634 3346 1793 3384 reve-

210 3433 448 3486 rentiam
500 3445 606 3483 non
662 3437 875 3482 tantum
915 3425 1105 3497 synodi
1141 3422 1628 3484 Chalcedonensis,
1667 3437 1788 3491 quae

213 3524 536 3593 depositum
568 3536 596 3573 a
627 3520 892 3572 Dioscoro
944 3524 1249 3585 receperat,
1287 3515 1381 3568 sed
1417 3515 1583 3569 etiam
1609 3514 1793 3568 Eccle-

209 3618 300 3672 sia
331 3616 630 3677 universa,
666 3612 720 3665 in
769 3611 926 3680 cujus
960 3595 1089 3679 pace
1131 3609 1276 3663 diem
1306 3618 1609 3662 extremum
1641 3607 1790 3661 clau-

210 3716 380 3762 serat.
415 3705 615 3770 Quare,
652 3703 868 3756 laudata
894 3716 1148 3770 persona,
1181 3701 1270 3752 illa
1293 3701 1534 3768 quinque
1564 3699 1780 3753 damna-

208 3799 286 3852 vit
311 3799 383 3862 ³⁸,
411 3813 530 3866 qua:
557 3794 764 3864 synodo
781 3794 960 3846 oblata
982 3808 1048 3846 ex
1063 3791 1581 3860 reprehensionibus
1604 3791 1787 3858 primi,

209 3885 467 3948 secundi,
499 3883 701 3952 quarti,
734 3881 1044 3949 decimique
1071 3879 1353 3949 Cyrilliani
1377 3879 1571 3948 capitis
1597 3894 1790 3933 excer-

209 3990 298 4048 pta
335 3978 559 4031 fuerant
589 3993 601 4027 :
631 3973 910 4027 damnavit
931 4013 944 4030 .
972 3973 1192 4039 inquam
1214 4012 1226 4035 ,
1279 3975 1354 4025 ita
1390 3980 1452 4025 ut
1474 3987 1582 4025 non
1621 3973 1789 4026 solam

209 4066 552 4121 Theodoreti
574 4062 921 4126 sententiam,
951 4060 1046 4115 sed
1065 4061 1294 4130 ipsamet
1312 4060 1606 4133 aliquando
1623 4061 1789 4116 verba

210 4160 437 4214 referat.

273 4250 328 4302 1.
372 4267 390 4298 ‹
429 4246 487 4300 Si
516 4245 659 4314 quis,
686 4254 898 4298 servata
925 4243 1447 4298 inconvertibilitate
1472 4250 1682 4297 natura:
1707 4258 1790 4296 cu-

207 4340 374 4402 vinaz,
405 4353 518 4391 non
546 4335 839 4390 confitetur
885 4335 1124 4389 Verbum
1145 4349 1365 4387 carnem
1399 4333 1620 4396 factum,
1643 4342 1697 4386 et
1725 4348 1790 4387 ex

211 4430 327 4498 ipsa
350 4429 714 4493 conceptione
742 4423 808 4478 dc
827 4432 984 4478 utero
1008 4423 1280 4493 Virginis,
1329 4422 1493 4493 459
1539 4423 1789 4476 humana:

1897 3251 2100 3312 velare,
2157 3263 2276 3316 quae
2309 3248 2446 3312 vult,
2504 3254 2762 3315 tanquam
2815 3243 2975 3298 alteri
3005 3243 3245 3306 cuidam,
3278 3241 3331 3295 in
3359 3256 3470 3312 quo

1895 3341 2124 3395 habitet.
2161 3341 2213 3394 5°
2254 3340 2400 3393 Duos
2435 3339 2616 3407 reipsa
2639 3353 2759 3392 esse
2797 3336 3065 3398 Christos,
3098 3335 3345 3403 duosque
3375 3332 3467 3389 Fi-

1892 3433 2014 3497 lios,
2072 3448 2196 3486 cum
2236 3431 2374 3485 alter
2399 3431 2755 3499 supplicassc,
2793 3429 2933 3482 alter
2969 3428 3204 3482 salvasse
3241 3425 3465 3479 dicitur.

1893 3525 2015 3579 Haec
2040 3527 2188 3579 enim
2231 3539 2298 3578 ex
2328 3522 2615 3592 negatione
2643 3521 2864 3575 unionis
2897 3520 3017 3572 καθ’
3044 3520 3340 3572 ὑπόστασιν
3375 3533 3466 3573 se-

1891 3614 2006 3686 qui,
2037 3630 2200 3669 nemo
2225 3613 2545 3668 Catholicus
2576 3627 2687 3666 non
2712 3611 2884 3665 videt.

1960 3705 2372 3761 Observandum
2406 3704 2470 3767 ll,
2510 3703 2917 3757 Theodoretum
2963 3701 3307 3770 apertissime
3341 3699 3470 3770 reji-

1891 3813 2015 3852 cere
2042 3797 2297 3851 unionem
2324 3791 2719 3863 hypostaticam
2747 3811 2759 3846 :
2787 3794 2897 3863 Τὴν
2924 3793 2981 3844 δὲ
3020 3792 3141 3845 καθ’
3171 3792 3467 3844 ὑπόστασιν

1890 3890 2077 3941 ἕνωσιν
2092 3886 2429 3938 παντάπασιν
2450 3883 2770 3952 ἀγνοοῦμεν,
2790 3883 2864 3946 ὡς
2887 3881 3041 3951 ξένην
3063 3883 3158 3934 καὶ
3171 3881 3468 3948 ἀλλόφυλον

1889 3978 1996 4030 τῶν
2053 3976 2210 4029 θείων
2263 3974 2517 4043 Γραφῶν,
2552 3973 2645 4025 καὶ
2674 3971 2782 4024 τῶν
2817 3971 3018 4035 ταύτας
3041 3971 3466 4041 ὴρμηνευκότων

1891 4069 2167 4138 Πατέρων.
2208 4065 2276 4120 Et
2312 4073 2499 4135 postea
2537 4080 2550 4115 :
2583 4063 2817 4135 Περιττὴ
2856 4064 3036 4116 τοίνυν
3062 4065 3094 4131 ὴ
3151 4063 3271 4116 καθ’
3327 4061 3462 4114 ὑπό-

1893 4176 2079 4213 στασιν
2133 4157 2345 4220 ἓνωσις,
2383 4157 2446 4226 ἢν
2477 4154 2595 4208 ἀντὶ
2639 4154 2887 4225 κράσεως
2919 4155 3048 4225 ἡμῖν
3074 4193 3088 4216 ,
3144 4153 3219 4216 ὼς
3277 4149 3427 4223 οἶμαι
3454 4190 3469 4216 ,

1895 4249 2308 4320 προϐάλλονται,
2341 4259 2450 4301 etc.
2483 4247 2552 4299 ⁸⁷.

1961 4338 2372 4396 Observandum
2406 4337 2492 4401 lll,
2527 4337 2744 4405 quoties
2772 4336 2945 4389 fervet
2972 4336 3156 4404 aliqua
3205 4335 3466 4404 quaestio,

1896 4432 2061 4501 fitque
2085 4446 2250 4499 super
2277 4445 2341 4482 ea
2372 4428 2636 4483 discessio
2672 4428 2728 4480 in
2770 4435 2976 4500 partes,
3017 4443 3119 4481 nec
3175 4426 3280 4480 nisi
3307 4427 3470 4479 unica

209 4530 422 4575 natura:
448 4516 550 4570 sibi
580 4515 882 4570 secundum
915 4515 1326 4568 subsistentiam
1360 4515 1600 4569 univisse
1633 4515 1789 4584 prin-
1820 4535 1860 4591 ο
1894 4523 2126 4578 formula
2156 4530 2336 4591 potest
2363 4522 2488 4588 quis
2521 4520 2884 4575 indubitatam
2911 4519 3097 4572 dicere
3123 4533 3223 4587 pro
3241 4517 3473 4571 veritate

211 4611 388 4679 cipia;
456 4607 552 4659 sed
588 4615 845 4675 tanquam
892 4620 1017 4660 cum
1051 4606 1356 4660 exsistentc
1398 4607 1511 4675 jam
1568 4606 1791 4660 homine

210 4701 382 4755 fuerit
410 4700 559 4752 Deus
594 4698 867 4762 Verbum;
897 4705 957 4750 ut
987 4713 1083 4766 per
1113 4697 1216 4751 hoc
1266 4704 1453 4752 sancta
1490 4697 1651 4766 Virgo
1683 4712 1792 4749 non

211 4807 340 4846 vere
367 4790 469 4843 Dei
497 4788 733 4859 genitrix
763 4802 884 4842 esse
909 4787 1294 4853 credatur,sed
1322 4788 1488 4841 verbo
1517 4795 1678 4842 tenus
1698 4802 1794 4856 ap-

214 4885 484 4952 pelletur;
516 4881 807 4934 anathema
833 4881 923 4934 sit.

233 5021 238 5024 .
272 4975 329 5028 2.
358 4974 416 5028 Si
449 4973 576 5042 quis
609 4971 911 5026 secundum
953 4971 1361 5027 subsistentiam
1394 4971 1658 5026 unitatem
1692 4986 1793 5024 na-

212 5073 467 5118 turarum
515 5063 569 5116 in
620 5062 840 5117 Christo
865 5063 1062 5119 factam
1106 5064 1370 5135 denegat;
1401 5065 1493 5118 sed
1545 5079 1793 5118 seorsum

211 5153 1027 5226 exsistcntihomini,tanquam
1059 5156 1152 5209 uni
1181 5157 1450 5225 iustorum
1488 5156 1792 5210 inhabitare

213 5241 388 5299 Deum
423 5243 689 5306 Verbum,
736 5253 790 5299 et
836 5261 944 5298 non
995 5247 1068 5300 ita
1115 5246 1441 5301 confiteatur
1471 5257 1792 5301 naturarum

215 5337 485 5390 unitatem
517 5336 816 5391 secundum
842 5337 1272 5403 subsistentiam,
1306 5347 1365 5393 ut
1393 5341 1537 5394 Deus
1553 5340 1794 5396 Verbum

283 5490 310 5530 ἀ
351 5492 520 5546 Hebr.
559 5509 610 5556 v,
655 5495 704 5546 7.

1895 4615 2242 4676 sententiam,
2280 4613 2442 4682 460
2472 4627 2598 4666 eum
2620 4613 2816 4667 merito
2843 4609 3108 4672 accusari,
3144 4608 3289 4677 quod
3327 4608 3472 4662 veri—

1897 4707 1996 4760 tati
2053 4704 2363 4766 dissentiat,
2393 4705 2486 4771 qui
2521 4703 2760 4756 noluerit
2817 4709 3037 4768 recepta
3092 4698 3325 4752 formula
3366 4697 3465 4751 uti.

1897 4797 2059 4866 Atqui
2087 4795 2396 4849 Catholicos
2431 4794 2576 4846 inter
2607 4801 2663 4847 et
2685 4791 3038 4849 Nestorianos
3071 4797 3217 4842 mota
3241 4789 3470 4857 quaestio

1897 4896 2017 4943 erat
2044 4889 2111 4942 de
2149 4887 2350 4940 unione
2374 4893 2692 4939 naturarum
2723 4885 2776 4936 in
2818 4882 3075 4937 Christo:
3102 4896 3264 4934 nemo
3292 4881 3471 4949 potuit

1898 4995 1955 5033 sc
1982 4979 2289 5032 indubitato
2323 4976 2429 5028 alio
2469 4983 2793 5045 argumento
2821 4972 3169 5028 Catholicum
3205 4972 3467 5040 probare,

1893 5085 2056 5138 quam
2126 5067 2465 5122 confessione
2521 5064 2744 5117 unionis
2809 5063 2930 5115 καθ’
2998 5062 3331 5125 ὑπόστασιν,
3373 5075 3470 5114 seu

1897 5164 2149 5230 φυσικῆς,
2203 5161 2347 5212 inter
2381 5157 2516 5210 duas
2548 5156 2788 5226 integras
2836 5163 3062 5208 naturas
3103 5170 3115 5206 :
3167 5153 3288 5206 alia:
3320 5152 3468 5205 enim

1895 5266 2088 5304 omnes
2116 5248 2361 5302 formulae
2389 5246 2527 5298 trahi
2570 5253 2797 5315 possunt
2841 5245 2897 5296 in
2930 5243 3316 5297 Nestorianum
3341 5257 3469 5296 sen-

1897 5355 2037 5394 sum.
2097 5335 2484 5391 Ncstoriauum
2534 5335 2698 5404 igitur
2748 5349 2804 5387 se
2849 5332 3161 5401 profitetur,
3218 5330 3468 5400 quisquis

1567 5597 1882 5651 SCHliLle
1925 5595 2148 5650 NOTJ-Z.

291 5748 337 5777 ’⁵
375 5750 495 5804 Vid.
524 5767 709 5822 supra.
742 5767 794 5820 p.
823 5750 945 5805 ωδ.

221 5832 340 5887 seq.

1025 5750 1066 5779 ³⁷
1107 5747 1343 5815 Uterque
1371 5747 1520 5800 locus
1562 5755 1732 5800 exstat
1766 5746 1817 5800 in
1867 5745 2307 5814 Roprebcusionc
2346 5742 2635 5798 Auathcm.
2712 5744 2764 5798 9..

2837 5743 2952 5799 Vid.
3010 5755 3195 5813 supra,
3252 5757 3370 5814 pag.
3407 5741 3471 5796 l0

3179 5953 3208 5996 δ
