4224 6442
378 6294 703 6403 Δ

777 387 883 452 407

1892 388 2272 451 GARNERII
2309 389 2805 453 DISSERTATIO
2844 393 2955 453 III.

3935 396 4043 459 L08

780 506 1041 561 unionem
1076 503 1197 559 καθ’
1224 502 1521 557 ὑπόστασιν
1567 499 1819 559 conﬁteri
1841 500 2128 569 abnuerit;
2160 501 2352 559 abnuit
2382 509 2427 567 Α
2455 506 2943 575 reprehensionem
2995 504 3288 561 duodecim
3324 504 3701 576 Capitulorum
3736 504 3794 565 Β.
3823 507 4040 579 Cyrilti,

783 612 913 653 vero
943 595 1147 668 apertis
1171 592 1557 664 expressisque
1580 590 1767 649 verbis
1795 589 2193 647 Theodoretus.

1132 741 1323 790 QUIXTA
1339 738 1567 781 SYNODL’S
1588 738 1933 780 (ECUIENICA.

849 858 957 914 Vll.
994 858 1279 916 Conciliiv
1309 861 1518 923 Patres,
1555 867 1681 928 post
1731 858 1901 913 multa
1938 865 2053 912 tum
2082 870 2149 912 ex
2174 854 2352 921 libris,

782 960 896 1005 tum
926 966 993 1008 ex
1008 951 1255 1020 epistolis
1281 949 1612 1005 Theodoreti
1648 949 1904 1013 adducta,
1934 954 2097 1017 atque
2119 945 2189 1001 ad
2224 960 2355 1000 exa-

780 1057 908 1096 men
946 1049 1159 1103 vocata,
1195 1042 1310 1095 haec
1337 1040 1453 1111 ipsa
1480 1038 1699 1095 tandem
1734 1053 1943 1093 canone
1968 1053 2062 1092 xnr
2093 1036 2355 1091 condem-

783 1133 1061 1186 narunt“
1080 1172 1094 1186 .
1130 1149 1147 1182 ι
1170 1130 1227 1185 Si
1251 1131 1377 1200 quis
1402 1130 1649 1185 defendit
1674 1128 1841 1199 impia
1866 1128 2201 1183 Theodoreti
2227 1142 2357 1183 con—

782 1224 1006 1292 scripta,
1031 1239 1155 1292 quae
1177 1232 1371 1278 contra
1392 1222 1555 1277 ﬁdem
1585 1232 1792 1277 rectam
1821 1230 1879 1276 et
1907 1229 2097 1276 contra
2124 1220 2356 1290 primam

784 1313 1115 1381 Ephesinam
1140 1319 1383 1367 sanctam
1406 1311 1696 1382 synodum,
1712 1319 1768 1365 et
1802 1319 2051 1365 sanctum
2068 1310 2355 1382 Cyrillum,

782 1414 839 1458 ct
861 1404 1151 1457 duodecim
1184 1404 1304 1473 ejus
1340 1403 1581 1473 capitula
1624 1402 1898 1471 exposuit,
1928 1410 1984 1456 et
2020 1400 2206 1456 omnia
2238 1416 2359 1470 quae

785 1494 1109 1562 conscripsit
1147 1508 1247 1563 pro
1277 1493 1569 1548 Theodoro
1595 1502 1650 1547 et
1671 1491 1926 1547 Nestorio
1949 1492 2154 1561 impiis,
2179 1502 2235 1546 et
2258 1506 2361 1562 pro

783 1585 926 1648 aliis,
961 1585 1054 1654 qui
1096 1585 1290 1640 eadem
1327 1584 1604 1655 praedictis
1633 1584 1926 1639 Theodoro
1966 1587 1979 1603 '
2012 1593 2067 1638 et
2106 1583 2360 1639 Nestorio

784 1686 1106 1745 sapuerunt,
1150 1677 1449 1731 defendens
1483 1692 1582 1732 eos
1618 1687 1671 1731 et
1705 1692 1897 1731 eorum
1918 1676 2278 1746 impietatem,
2303 1682 2360 1729 et

784 1778 1008 1839 propter
1032 1768 1138 1821 hoc
1181 1766 1378 1835 impios
1403 1782 1609 1821 vocans
1650 1766 1905 1820 doctores
1937 1765 2215 1828 Ecclesiae,
2263 1764 2357 1833 qui

2456 596 2759 667 apologiam
2815 612 2917 669 pro
2960 595 3201 652 Diodoro
3248 606 3306 653 et
3354 596 3675 669 Theodoro,
3716 600 4040 655 concionem

2456 685 2956 743 Chalcedonensem
2974 697 3031 743 et
3051 688 3347 758 epistolas:
3376 688 3519 744 unde
3543 704 3799 760 magnum
3823 689 4042 761 pondus

2456 780 2802 836 auctoritatis
2827 780 3048 836 additur
3074 780 3348 851 excerptis
3374 780 3527 835 Marii
3551 781 3891 847 Mercatoris,
3927 798 4043 851 quo

2456 876 2695 943 primum
2732 872 3011 927 indicante
3039 914 3054 939 .
3111 872 3505 927 nonnullorum
3550 873 3821 945 ejusmodi
3867 873 4034 927 libro-

2458 984 2602 1033 rum,
2624 975 2719 1022 aut
2746 964 2998 1021 netitiam
3020 963 3309 1027 habemus,
3344 972 3439 1018 aut
3462 962 3783 1034 fragmenta.

2508 1062 2562 1116 4.
2581 1061 2740 1123 Eum,
2756 1057 2850 1128 qui
2868 1056 3289 1126 defenditimpia
3306 1055 3639 1112 Theodoreti
3655 1057 3881 1125 scripta,
3903 1065 4037 1119 etc.,

2459 1150 2802 1206 anathemate
2826 1163 2857 1201 a
2882 1156 2996 1202 tota
3023 1146 3268 1201 Ecclesia
3300 1146 3529 1215 percelli
3562 1163 3577 1200 :
3601 1145 3733 1215 quid
3760 1147 3910 1200 enim
3954 1155 4041 1201 est

2458 1240 2724 1312 synodum
2761 1237 3032 1306 recipere,
3086 1234 3233 1305 quod
3271 1236 3401 1290 fecit
3440 1236 3686 1290 Ecclesia
3724 1235 4033 1296 catholica,

2458 1331 2563 1385 nisi
2587 1329 2660 1394 ei,
2695 1342 2821 1383 cum
2852 1327 2907 1382 in
2932 1324 3246 1397 rejiciendis
3268 1340 3333 1380 ac
3353 1324 3806 1389 eondemnandis,
3833 1333 3954 1379 tum
3983 1324 4037 1378 in
4102 1360 4107 1363 ι

2458 1421 2790 1491 recipiendis
2821 1418 3139 1474 hominibus
3168 1431 3468 1485 eorumque
3498 1416 3657 1471 libris
3682 1416 4040 1471 consentire?

2459 1511 2713 1567 Defendit
2744 1518 2927 1565 autem
2954 1510 3155 1579 scripta
3181 1509 3296 1565 haec
3324 1509 3506 1578 impia,
3537 1506 3789 1577 quisquis
3808 1515 4042 1562 conten-

2458 1602 2540 1657 dit
2595 1601 2731 1655 nihil
2780 1615 2811 1655 a
2868 1599 3215 1654 Theodoreto
3269 1608 3459 1653 contra
3501 1595 3663 1651 fidem
3709 1594 4041 1651 catholicam

2458 1709 2580 1749 esse
2628 1692 2915 1761 scriptum.
2948 1689 3090 1756 Quid
3144 1705 3275 1758 ergo
3314 1688 3409 1743 ﬁet
3435 1685 3765 1742 Theodoreti
3800 1686 4041 1755 quihus-

2461 1786 2586 1839 dam
2610 1783 2765 1854 quasi
2783 1781 3127 1842 idololatris?
3154 1780 3286 1850 quid
3318 1793 3527 1849 nupero
3575 1776 3817 1831 historiae
3858 1776 4046 1831 eccle-

785 1858 1049 1913 unitatem
1066 1858 1370 1913 secundum
1395 1856 1827 1920 subsistentiam,
1856 1856 2051 1909 ἕνωσιν
2077 1854 2197 1907 καθ’
2224 1854 2358 1907 ὑπό·
2390 1851 2433 1905 Β
2461 1851 2693 1931 δίθειίίω
2710 1873 2998 1943 ίηωτρτθιί
3020 1871 3265 1926 Gallico?
3289 1870 3477 1939 Neque
3499 1868 3646 1923 enim
3670 1882 3849 1923 causa;
3877 1866 4046 1937 quid-

784 1965 993 2011 στασιν,
1028 1949 1126 2003 Dei
1152 1948 1315 2003 Verbi
1365 1947 1433 2001 ad
1481 1961 1704 2001 carnem
1762 1944 2117 2008 conﬁtentur,
2160 1951 2217 1998 et
2245 1958 2357 1998 non

782 2036 1206 2093 anathematizat
1232 2052 1318 2102 ea,
1352 2045 1408 2092 et
1434 2052 1530 2092 eos
1563 2037 1659 2107 qui
1709 2035 1911 2090 similia
1949 2033 2031 2088 eis
2056 2040 2357 2103 sapuerunt

783 2130 870 2184 vel
897 2130 1158 2199 sapiunt;
1192 2130 1417 2198 insuper
1452 2136 1638 2182 autem
1682 2135 1738 2182 et
1764 2140 1956 2181 omnes
1995 2124 2089 2194 qui
2121 2125 2356 2194 scripse-

785 2227 913 2272 runt
970 2228 1160 2273 contra
1196 2216 1392 2281 ﬁdem,
1441 2226 1497 2271 ct
1530 2225 1779 2271 sanctum
1825 2213 2111 2286 Cyrillum,
2140 2220 2195 2267 et
2223 2212 2359 2267 duo-

782 2310 962 2363 decim
997 2312 1116 2379 ejus
1155 2309 1416 2379 capitula,
1451 2318 1506 2363 et
1561 2323 1735 2377 usque
1770 2306 1839 2360 ad
1889 2313 2124 2361 mortem
2166 2305 2223 2359 in
2262 2304 2355 2359 tali

783 2402 1060 2470 impietate
1086 2408 1537 2470 permanserunt;
1586 2398 1709 2451 talis
1750 2396 2038 2450 anathema
2068 2395 2160 2451 sit.
2193 2414 2211 2445 ι

848 2492 916 2546 L't
948 2490 1289 2561 expendatur
1314 2489 1555 2560 gravitas
1576 2488 1804 2558 hujusce
1829 2485 2152 2549 testimonii,
2178 2499 2358 2555 opera:

781 2584 1018 2651 pretium
1043 2590 1125 2636 est
1155 2563 1450 2637 observare
1485 2599 1499 2635 :

858 2675 905 2729 1.
936 2674 1190 2740 Quintam
1236 2672 1502 2745 synodum
1538 2681 1690 2726 tanto
1730 2669 1983 2725 certioris
2017 2683 2137 2724 esse
2164 2676 2359 2724 aucto-

784 2764 981 2831 ritatis,
1010 2773 1219 2835 quanto
1246 2764 1551 2819 consultius
1596 2764 1666 2818 ab
1694 2762 1940 2818 Ecclesia
1970 2761 2242 2816 catholica
2269 2775 2360 2815 re-

782 2868 939 2927 cepta
964 2866 1069 2912 est.
1102 2857 1239 2912 Nam
1274 2866 1397 2925 post
1438 2854 1917 2910 schismaticorum
1952 2853 2271 2908 diuturnam
2304 2861 2360 2908 et

784 2950 1116 3004 obstinatam
1172 2948 1629 3018 repugnantiam,
1688 2946 2015 3001 examinatis
2069 2945 2361 3017 diligenter

783 3041 1041 3097 omnibus
1090 3055 1213 3110 quae
1262 3040 1657 3111 objicerentur,
1716 3038 2097 3093 annitentibus
2129 3038 2360 3093 summis

784 3131 1158 3203 pontiﬁcibus,
1183 3133 1409 3203 ipsoque
1446 3148 1558 3202 prae
1584 3131 1798 3187 caeteris
1816 3131 2198 3186 vehementius
2220 3131 2355 3187 Gre-

784 3222 939 3291 gorio
978 3221 1072 3285 M.,
1106 3223 1309 3291 ubique
1341 3231 1610 3276 terrarum
1654 3221 1954 3291 approbata
1980 3231 2083 3287 est,
2130 3231 2295 3291 atque
2330 3238 2360 3277 a

785 3312 1253 3381 consequentibus
1305 3312 1482 3366 tribus
1520 3312 1875 3367 oecumenicis
1905 3313 2155 3368 conciliis
2186 3313 2359 3383 pluri-

785 3399 999 3470 misque
1023 3400 1345 3455 nominatim
1376 3400 1729 3471 pontiﬁcibus
1748 3409 2024 3471 suscepta.

854 3492 910 3546 2.
959 3492 1239 3548 Canonem
1294 3510 1385 3548 xm
1432 3509 1611 3564 neque
1657 3492 1965 3549 adulatorie
2008 3493 2361 3565 desumptum

786 3598 907 3639 esse
946 3600 1015 3639 ex
1064 3585 1362 3639 Iustiniani
1394 3586 1600 3655 scripto
1641 3585 1906 3641 adversus
1960 3586 2065 3640 tria
2099 3586 2360 3656 capitula,

786 3677 933 3747 quod
972 3692 1083 3733 non
1118 3693 1279 3733 nemo
1306 3692 1474 3733 ausus
1518 3687 1604 3733 est
1658 3677 1903 3743 causari;
1939 3692 2117 3747 neque
2156 3686 2361 3733 temere

786 3768 1094 3834 conditum,
1128 3784 1293 3824 causa
1328 3770 1605 3826 incuriose
1643 3769 1892 3840 cognita,
1933 3769 2080 3838 quod
2106 3768 2252 3822 idem
2278 3776 2362 3824 te-

788 3874 939 3913 mere
972 3859 1223 3929 protulit.
1253 3859 1390 3913 Nam
1417 3860 1473 3914 in
1506 3858 1823 3929 praefatione
1846 3874 2119 3913 canonum
2150 3858 2360 3923 Patres,

796 3966 815 3999 ι
856 3948 935 4002 Ex
974 3949 1079 4014 his,
1120 3948 1395 4018 inquiunt,
1432 3965 1553 4019 quae
1591 3949 1755 4019 impie
1779 3964 1811 4003 a
1844 3948 2193 4003 Theodoreto
2226 3963 2359 4002 con-

787 4051 873 4095 tra
899 4050 1106 4094 rectam
1142 4040 1325 4105 ﬁdem,
1358 4050 1415 4094 et
1442 4040 1734 4095 duodecim
1783 4040 2019 4109 capitula
2045 4039 2101 4094 S.
2139 4039 2357 4111 Cyrilli,

786 4140 844 4187 et
885 4141 1077 4187 contra
1122 4133 1453 4202 Ephesinam
1489 4133 1719 4202 primam
1768 4130 2065 4203 synodum,
2106 4146 2208 4185 nec
2249 4147 2360 4186 non

788 4224 1036 4291 quaedam
1069 4223 1138 4278 ad
1188 4223 1564 4278 defensionem
1596 4222 1873 4276 Theodori
1901 4230 1959 4275 et
1997 4221 2233 4275 Nestorii
2263 4221 2362 4275 im-

788 4314 1005 4383 piorum
1035 4314 1103 4369 ab
1132 4328 1199 4369 eo
1252 4313 1561 4383 conscripta
1594 4313 1663 4368 ad
1713 4312 2138 4368 satisfactionem
2174 4313 2359 4384 legen-

789 4405 925 4459 tium
954 4406 1008 4459 in
1034 4405 1200 4475 gestis
1232 4404 1378 4475 apud
1430 4420 1531 4460 nos
1567 4404 1831 4460 confectis
1862 4405 2081 4459 recitari
2110 4414 2167 4459 et
2194 4406 2361 4460 inseri

2457 1985 2620 2041 quam
2651 1978 2755 2033 est,
2799 1983 2900 2023 cur
2934 1982 2992 2021 se
3037 1963 3398 2022 eruditissimi
3455 1961 3733 2017 Sirmondi
3780 1960 4045 2030 exemplo

2459 2067 2717 2114 tueantur
2749 2076 2762 2113 :
2794 2059 2997 2113 fatetur
3022 2056 3169 2112 enim
3197 2055 3289 2110 ille
3316 2062 3505 2124 aperte
3547 2067 3707 2123 opus,
3727 2066 3836 2122 quo
3856 2050 4049 2104 Theo-

2456 2155 2686 2209 doretus
2724 2152 2782 2206 S.
2816 2150 3005 2222 Cyrilli
3047 2148 3296 2218 Capitula
3338 2145 3716 2216 reprehendit,
3763 2142 4045 2215 ejusmodi

2456 2259 2599 2309 esse,
2634 2262 2651 2296 ι
2687 2253 2747 2297 ιιι
2775 2241 2919 2313 apud
2960 2241 3082 2294 illos
3112 2240 3277 2294 etiam
3333 2238 3429 2308 qui
3457 2244 3657 2291 caetera
3687 2235 4001 2306 probarent
4029 2274 4043 2295 ,

2457 2336 2762 2391 censoriam
2802 2342 2989 2388 nolam
3018 2330 3336 2386 sustineret.
3376 2348 3393 2381 ι
3433 2327 3553 2395 Quo
3584 2327 3753 2391 dicto,
3788 2325 4045 2381 ostendit

2459 2427 2541 2481 vir
2603 2423 3020 2481 cordatissimus
3063 2436 3142 2484 se,
3180 2420 3227 2475 si
3261 2435 3385 2489 qua:
3432 2419 3616 2487 priora
3650 2416 3831 2471 isthoc
3869 2428 4044 2483 Opere

2459 2528 2645 2588 postea
2676 2517 2823 2572 edita
2850 2523 3001 2579 sunt,
3023 2513 3272 2576 vidisset,
3313 2526 3378 2566 ea
3416 2509 3647 2580 perinde
3683 2507 4043 2577 improbatu-

2461 2625 2605 2673 rum,
2637 2623 2700 2663 ac
2740 2605 3226 2677 reprehensionem
3269 2601 3656 2672 capitulorum,
3687 2614 3849 2668 quam
3882 2597 4045 2652 velut

2459 2695 2887 2752 erubescendam
2911 2692 3204 2763 quamdam
3238 2689 3571 2746 luxuriantis
3612 2687 3820 2760 ingenii
3872 2686 4043 2742 abor-

2458 2789 2664 2843 tionem
2695 2788 2749 2843 in
2774 2784 3130 2856 appendicem
3154 2783 3363 2854 rejecit.

2758 2930 3007 2973 PELAGIUS
3035 2931 3071 2970 11
3094 2930 3158 2969 ET
3183 2926 3471 2969 GREGORIUS
3501 2926 3723 2966 NAGNUS.

2525 3050 2659 3105 Vlll.
2710 3048 2882 3106 [striae
2925 3045 3165 3117 episcopi
3216 3051 3560 3101 recesserant
3592 3059 3622 3097 a
3649 3039 4046 3098 communione

2463 3140 2721 3195 Ecclesiae
2752 3138 3053 3203 catholicae,
3078 3138 3150 3191 ob
3182 3136 3519 3206 pertinacem
3567 3133 3733 3187 trium
3762 3132 4046 3202 capitulo-

2464 3247 2585 3285 rum
2618 3231 2671 3285 in
2704 3232 2896 3301 quinta
2942 3228 3151 3300 synodo
3195 3228 3580 3282 damnatorum
3632 3223 4043 3278 defensionem.

2462 3324 2570 3377 Eos
2599 3338 2724 3377 cum
2754 3322 2923 3376 vellet
2944 3320 3193 3391 Pelagius
3213 3316 3457 3389 pontifex
3479 3316 3547 3370 ad
3575 3316 3845 3369 unitatem
3879 3328 4046 3369 revo-

2463 3428 2609 3478 care,
2629 3412 2887 3468 convenit
2906 3411 3159 3481 epistola,
3192 3425 3300 3480 qua
3333 3417 3389 3464 et
3413 3408 3604 3478 quinta
3631 3406 3879 3478 synodus
3900 3420 4047 3476 pura

2463 3504 2744 3577 injustitim
2775 3504 3268 3567 demonstraretur,
3301 3509 3357 3556 et
3392 3498 3729 3555 Theodoreti
3774 3498 4047 3553 aliorum-

2462 3611 2569 3666 que
2596 3595 2830 3650 duorum
2858 3610 3022 3650 causa
3044 3594 3365 3665 agitaretur.

2536 3687 2837 3757 Epistolam
2877 3686 3100 3740 nomine
3151 3683 3427 3754 pontiﬁcis
3481 3681 3702 3752 scripsit
3742 3680 4048 3751 Gregorius

2462 3780 2533 3835 Μ.
2568 3786 2698 3834 tunc
2725 3776 2948 3848 quidem
2976 3776 3262 3840 diaconus,
3292 3774 3389 3829 sed
3424 3775 3594 3829 totius
3631 3784 3813 3829 tamen
3842 3773 4045 3827 Eccle—

2464 3873 2559 3928 sia:
2588 3871 2961 3927 doctissimus.
2999 3868 3059 3923 ln
3084 3869 3188 3923 hac
3221 3882 3355 3923 vero
3400 3875 3688 3937 postquam
3719 3864 4045 3919 adduxisset

2463 3962 2736 4017 verbatim
2756 3970 3012 4029 excerpta
3041 3958 3196 4013 Marii
3225 3956 3542 4011 Mercatoris
3563 3954 3831 4009 adversus
3860 3952 4043 4007 Theo-

2464 4052 2736 4115 doretum,
2768 4048 3084 4120 subjungit:
3125 4067 3143 4098 ι
3162 4046 3295 4113 Quis
3322 4046 3459 4108 haec,
3483 4043 3679 4098 fratres
3703 4042 4040 4105 charissimi,

2464 4144 2624 4215 plena
2661 4142 2809 4197 omni
2840 4140 3119 4211 impietate
3148 4154 3260 4193 non
3296 4137 3517 4193 videat?
3551 4152 3581 4190 a
3609 4135 3811 4206 quibus
3853 4142 4041 4187 tamen

2463 4240 2678 4291 constat
2727 4232 2875 4303 quod
2913 4246 2971 4287 se
3004 4228 3353 4301 postmodum
3389 4228 3504 4298 ipse
3548 4224 3806 4289 correxit,
3856 4225 3953 4293 qui
3986 4222 4040 4277 in

2463 4336 2651 4382 sancta
2666 4322 3097 4382 Calchedonensi
3135 4321 3343 4394 synodo
3381 4319 3694 4376 Nestorium
3721 4319 4044 4372 anathema-

2466 4419 2635 4473 tizare
2688 4415 2984 4471 consensit.
3014 4412 3149 4479 Quis
3190 4429 3301 4467 non
3330 4411 3535 4476 videat,
3570 4418 3774 4480 quanta
3809 4410 4041 4465 temeri-

788 4497 1169 4566 perspeximus
1204 4513 1219 4550 :
1253 4505 1314 4550 ut
1342 4498 1519 4551 sciant
1559 4510 1771 4561 omnes,
1802 4495 1949 4565 quod
1968 4497 2114 4566 juste
2139 4496 2228 4551 isti
2260 4497 2361 4568 eji-
2394 4523 2438 4580 ι)

2394 4523 2438 4580 ι)
2469 4515 2578 4562 tate
2613 4507 2835 4575 plenum
2873 4505 2966 4571 sit,
3017 4502 3352 4559 Theodoreti
3409 4501 3612 4571 scripta
3662 4499 4042 4571 superbiendo

786 4586 1013 4641 ciuntur
1054 4596 1111 4642 et
1146 4587 1703 4642 anathematizantur.
1740 4605 1759 4637 ι
1799 4587 1869 4641 Et
1911 4602 2045 4641 vero
2094 4588 2277 4643 collat.
2304 4588 2357 4653 5,

788 4686 1075 4748 postquam
1130 4680 1270 4734 lecta
1323 4686 1453 4733 sunt
1506 4678 1812 4747 conscripta
1852 4678 1954 4732 ista
2009 4678 2359 4743 Theodoreti,

796 4789 815 4820 ι
850 4779 1038 4824 saneta
1079 4770 1321 4841 synodus
1361 4769 1537 4824 dixit:
1569 4770 1646 4824 Ex
1683 4770 1790 4835 his,
1830 4785 1954 4839 qua:
1977 4770 2141 4839 impie
2177 4772 2359 4825 Theo-

788 4857 1015 4914 doretus
1042 4859 1199 4931 46],
1235 4859 1581 4929 conscripsit,
1610 4858 1858 4913 miranda
1894 4868 1977 4914 est
2008 4860 2284 4916 subtilitas
2314 4861 2360 4893 "

790 4952 961 5006 sancti
999 4952 1464 5008 Chalcedonensis
1501 4951 1742 5006 concilii.
1794 4952 1987 5007 Sciens
2049 4954 2195 5009 enim
2244 4958 2362 5026 ejus

790 5042 1179 5112 blasphemias,
1220 5044 1376 5113 prius
1402 5043 1625 5113 quidem
1670 5044 1858 5098 multis
1884 5044 2084 5115 saepius
2129 5062 2226 5101 usa
2275 5058 2362 5101 est

790 5141 981 5187 contra
1018 5149 1145 5188 eum
1168 5133 1692 5199 exclamationibus;
1723 5142 1911 5202 postea
1954 5150 2085 5189 vero
2118 5152 2227 5191 non
2256 5137 2357 5192 ali-

789 5231 877 5278 ter
925 5239 1053 5278 eum
1107 5225 1459 5295 suscepisset,
1494 5225 1601 5279 nisi
1649 5224 1804 5293 prius
1842 5226 2360 5283 anathematizasset

789 5311 1127 5379 Nestorium,
1157 5317 1382 5385 ejusque
1408 5314 1796 5385 blasphemias,
1832 5330 1930 5383 pro
1961 5317 2163 5386 quibus
2200 5327 2361 5373 antea

791 5405 1035 5474 scripsit,
1062 5405 1366 5461 defendens
1397 5420 1511 5461 eas.
1529 5425 1545 5456 ι

856 5495 909 5549 5.
942 5496 1155 5561 Libros,
1186 5497 1278 5566 qui
1326 5496 1678 5551 nominantur
1706 5494 1773 5559 θ’,
1816 5511 1936 5551 esse
1958 5498 2358 5569 Pentaloginm,

2469 4598 2787 4660 defendere,
2838 4612 2959 4666 qua:
3002 4595 3257 4650 eumdem
3296 4595 3473 4665 ipsum
3498 4600 3713 4650 constat
3742 4602 3894 4647 recta
3918 4603 4045 4662 post

2469 4686 2777 4757 proﬁtendo
2803 4686 3093 4740 damnasse
3126 4683 3169 4714 ³⁸
3194 4684 3217 4736 ?

2466 4821 2627 4893 462
2658 4836 2711 4875 vr
2742 4833 2989 4883 srmonrs,
3014 4834 3079 4872 ετ
3101 4830 3499 4879 conssovesrss
3529 4830 3688 4871 suum
3717 4829 4040 4870 ron'nrtcss.

2540 4954 2629 5010 lX.
2688 4954 2849 5009 Sexta
2913 4953 3154 5026 synodus
3198 4951 3406 5021 recepit
3443 4950 3650 5021 quinta:
3689 4964 3951 5013 canones,
3986 4959 4042 5003 et

2468 5047 2669 5116 scripta
2688 5046 3025 5100 Theodoreti
3050 5044 3315 5099 adversus
3362 5042 3417 5098 S.
3458 5041 3645 5114 Cyrilli
3672 5041 3924 5110 Capitula
3948 5058 4042 5095 ex-

2465 5152 2655 5207 presse
2682 5137 2892 5207 rejecit.
2928 5136 3059 5190 Inde
3100 5142 3219 5190 orta
3279 5142 3363 5189 est
3411 5134 3630 5188 occasio
3670 5132 4039 5201 componendi

2466 5226 2838 5297 professiones
2879 5226 2999 5281 illas
3057 5225 3203 5288 ﬁdei,
3249 5226 3392 5280 libro
3428 5223 3629 5278 diurno
3662 5223 4039 5277 Romanorum

2468 5317 2788 5387 pontiﬁcum
2829 5325 3134 5379 contentas,
3183 5332 3319 5385 quas
3360 5315 3709 5384 postmodum
3762 5315 3780 5335 ⁸
3835 5314 4041 5368 summi

2469 5408 2756 5479 pontiﬁces
2780 5409 2834 5463 in
2864 5410 3209 5463 ordinatione
3247 5423 3342 5462 sua
3365 5408 3700 5461 emitterent.
3727 5404 3785 5458 In
3819 5404 3910 5460 his
3944 5421 4043 5459 au~

2470 5512 2578 5555 tem
2604 5500 3086 5569 damnantur,qua:
3108 5499 3487 5554 Theodoretns
3514 5498 3779 5552 adversus
3800 5496 3966 5551 ﬁdem
3985 5506 4043 5552 et

2114 5649 2428 5706 SCllULle
2467 5649 2676 5706 NOTAS

862 5798 927 5830 ’⁷⁸
956 5798 1079 5857 Vici.
1104 5818 1286 5875 supra,
1324 5820 1375 5875 p.
1401 5806 1523 5860 253.

978 5932 1015 5983 ι

1604 5808 1648 5838 ’⁸
1682 5807 1951 5879 ἀκρίϐεια.
2031 5809 2074 5839 ²⁴
2108 5806 2226 5863 Viri.
2257 5822 2439 5876 supra,
2475 5822 2528 5878 p.
2560 5808 2683 5862 213.

2773 5811 2813 5835 ³⁸
2841 5809 3063 5878 Reliqua
3098 5808 3215 5861 vide
3256 5824 3437 5878 supra,
3468 5824 3523 5878 p.
3556 5807 3678 5863 216.
