4224 6442
178 405 288 473 409

1393 398 1491 459 DE
1526 395 1704 458 FIDE
1737 395 2226 461 THEODORETI
2237 450 2247 462 .

3342 406 3449 471 410

176 522 518 595 Ephesium
552 520 825 595 synodum
868 535 932 578 ac
955 517 1245 589 utriusque
1286 512 1636 571 defensorem
1665 510 1769 585 Cy-
1794 515 1842 574 Δ
1874 513 2130 587 ipsosque
2168 527 2230 573 ut
2288 520 2600 591 magistros,
2662 520 2773 576 imo
2816 530 2876 576 ut
2937 528 3195 592 parentes
3224 519 3395 576 coluit
3427 538 3443 575 :

177 615 362 669 rillum
391 612 591 669 edidit.

239 706 570 760 Emiserunt
598 720 766 776 porro
788 704 1161 775 professiones
1187 700 1293 755 has
1324 695 1525 754 summi
1548 696 1767 767 pontitl-

175 781 296 860 ces,
329 811 477 866 quos
524 796 749 867 quidem
800 797 1060 857 sciamus,
1096 794 1214 849 fere
1249 792 1560 863 octoginta,
1626 804 1768 859 quos

174 886 411 941 totidem
475 887 814 942 Theodoreti
874 886 1230 941 damnatores
1290 896 1520 937 censere
1566 894 1764 950 possu-

175 991 298 1031 mus
329 977 408 1043 ⁸¹;
438 987 496 1032 et
530 992 630 1032 eos
672 977 897 1047 quidem
931 983 1085 1031 tanto
1128 974 1353 1045 majoris
1392 971 1761 1035 auctoritatis,

174 1080 387 1138 Quanto
415 1070 741 1133 solemnius,
777 1083 962 1123 coram
998 1066 1265 1129 Ecclesia,
1301 1065 1489 1137 iurati,
1528 1063 1765 1132 ﬁdeique

172 1178 286 1217 sua:
314 1162 594 1215 rationem
640 1160 951 1223 reddentes,
982 1158 1400 1229 proﬁterentur,
1432 1169 1607 1224 eaque
1641 1169 1769 1222 pro-

169 1253 440 1317 fessione,
490 1252 670 1308 secuti
716 1252 962 1315 Petrum,
1040 1250 1109 1305 ad
1158 1249 1344 1306 sedem
1409 1246 1762 1317 apostolicam

167 1341 568 1397 escenderent.

483 1468 753 1509 AUCTORES
783 1466 1175 1515 εοκεεοεειητιε
1190 1467 1311 1517 ΕΠ,
1342 1460 1450 1507 CIC.

234 1558 303 1614 Χ.
355 1560 571 1615 Omitto
618 1563 1076 1632 consequentium
1124 1570 1438 1629 temporum
1483 1568 1760 1623 auctores,

168 1665 409 1721 quorum
433 1652 531 1707 alii
567 1653 977 1708 Theodoretum
997 1663 1185 1722 aperte
1218 1652 1500 1715 damnant,
1535 1651 1626 1705 alii
1653 1666 1761 1705 non

170 1744 401 1797 meliore
432 1744 788 1798 excusatione
828 1744 905 1798 uti
940 1744 1044 1797 sibi
1072 1744 1242 1797 licere
1274 1752 1559 1811 putarunt,
1594 1757 1760 1811 quam

169 1834 254 1887 vel
296 1834 651 1905 ignorantiae,
688 1849 812 1889 cum
859 1835 1147 1889 veritatem
1188 1850 1284 1889 ore
1309 1833 1495 1904 Cyrilli
1538 1833 1764 1903 loquen-

170 1931 278 1979 tem
334 1926 725 1995 impugnaret,
788 1926 873 1981 vel
916 1925 1275 1995 pmnitcntise,
1344 1940 1469 1979 cum
1511 1922 1759 1978 eamdem

167 2016 462 2070 vexatione
490 2016 830 2070 intellectum
852 2016 1018 2071 dante
1050 2015 1291 2086 agnovit.

234 2106 380 2173 Quid
403 2108 428 2160 ἲ
480 2108 631 2177 quod
680 2107 994 2163 eﬂ'usissimi
1022 2108 1132 2162 duo
1159 2107 1490 2163 Theodoreti
1522 2106 1762 2162 laudato-

169 2212 282 2261 res,
314 2198 555 2253 Photius
593 2208 649 2254 et
683 2200 972 2265 Euehaita,
1021 2201 1295 2271 prteconia
1331 2215 1430 2255 sua
1462 2207 1555 2253 aut
1597 2214 1761 2253 accu-

168 2286 384 2341 satione
417 2286 683 2343 nonnulla
712 2290 920 2344 erroris
942 2297 1134 2345 contra
1157 2289 1320 2344 tidem
1346 2289 1757 2355 incarnationis,

170 2388 229 2431 ut
274 2378 517 2432 Photius
551 2396 566 2444 ;
609 2388 706 2433 aut
750 2382 1103 2435 excusatione
1143 2380 1537 2436 imbecillitatis
1568 2381 1760 2436 huma-

168 2485 274 2532 nae,
302 2478 367 2524 ut
409 2470 703 2536 Euchaita,
740 2480 1140 2542 temperarunt.

239 2563 363 2632 Ipse
413 2564 583 2619 etiam
638 2564 908 2619 Baronius
938 2606 951 2627 .
1010 2566 1361 2635 quantumvis
1409 2573 1640 2619 conatus
1690 2564 1762 2619 sit

168 2667 395 2706 omnem
424 2670 456 2707 a
488 2653 837 2709 Theodoreto
870 2654 1095 2709 haeresis
1129 2661 1312 2708 notam
1354 2654 1589 2717 amoliri,
1618 2654 1762 2709 veri-

170 2750 278 2797 tate
307 2752 496 2799 tamen
519 2755 771 2815 cogente,
799 2744 978 2799 fassus
1000 2753 1104 2809 est,
1151 2745 1329 2815 ipsum
1360 2746 1413 2799 in
1454 2754 1637 2815 partes
1657 2746 1762 2800 Ne-

170 2836 326 2889 storii
358 2836 806 2907 sententiamque
834 2836 1215 2907 propendisse,
1250 2845 1413 2907 atque
1445 2837 1608 2891 etiam
1632 2852 1762 2891 con-

167 2925 428 2990 cessisse,
479 2941 547 2980 eo
592 2927 786 2982 saltem
813 2936 1077 2996 tempore,
1112 2941 1225 2996 quo
1254 2926 1549 2981 concilium
1580 2926 1761 2996 Ephe-

170 3018 352 3074 sinum
386 3020 728 3075 celebratum
764 3030 849 3076 est
877 3020 947 3075 ".

689 3149 1060 3192 τιιεουοηετιιε
1100 3149 1212 3189 IPSE
1222 3174 1234 3187 .

238 3244 335 3302 XI.
363 3247 513 3314 Quin
552 3255 609 3302 et
649 3247 766 3316 ipse
792 3247 1175 3303 Theodoretus
1210 3247 1439 3316 perinde
1489 3263 1546 3302 se
1571 3246 1756 3318 gessit,

171 3352 233 3391 ac
280 3340 327 3392 si
382 3339 553 3393 vellet
582 3338 789 3393 nemini
836 3338 1147 3407 relinquere
1188 3339 1357 3393 ullum
1404 3338 1472 3392 de
1501 3354 1598 3391 sua
1632 3354 1760 3393 cum

170 3432 428 3487 Nestorio
458 3431 823 3485 consensione
860 3429 1149 3485 dubitandi
1177 3430 1381 3484 locum.
1432 3430 1567 3484 Nam
1593 3432 1761 3501 primo

171 3525 518 3595 Oppugnavit
543 3523 782 3593 capitula
816 3522 965 3577 velut
1000 3522 1277 3587 haeretica,
1300 3538 1422 3591 qum
1454 3537 1634 3585 nemo,
1667 3523 1762 3593 qui

172 3616 299 3671 ﬁdei
326 3617 531 3686 dogma
552 3614 773 3669 noverit
796 3614 865 3669 ab
882 3630 1069 3670 errore
1096 3614 1432 3681 discernere,
1453 3614 1763 3671 nescitesse

172 3709 469 3764 catholica.
512 3706 671 3774 Quod
706 3716 891 3761 autem
940 3722 1005 3761 ea
1042 3707 1231 3762 Patres
1265 3708 1528 3777 Ephesini
1564 3709 1764 3777 exponi

173 3800 551 3870 postularunt,
586 3798 640 3852 id
680 3798 826 3869 vulgi
866 3799 1201 3854 clamoribus
1233 3799 1422 3853 datum
1451 3807 1556 3864 est,
1598 3812 1763 3870 atque

174 3888 694 3960 importunitatibus
721 3888 1155 3955 adversantium,
1188 3889 1285 3960 qui
1333 3891 1765 3961 simplicioribus

174 3982 497 4037 illuderent.

242 4072 448 4127 Deinde
502 4070 758 4141 capitulis
810 4071 1161 4141 reprchensis
1191 4086 1303 4126 non
1340 4070 1571 4137 destitit,
1601 4073 1765 4129 etiam

175 4169 295 4230 post
315 4162 542 4216 tertiam
570 4160 760 4233 Cyrilli
786 4161 1210 4230 expositionem,
1246 4163 1410 4217 etiam
1444 4174 1567 4234 post
1594 4181 1768 4220 annos

175 4254 596 4323 septemdecim,
637 4253 881 4322 quandiu
914 4253 1004 4307 vix
1051 4253 1215 4309 duret
1246 4254 1351 4307 viri
1406 4256 1768 4323 intelligentia

177 4344 557 4413 praeditissimi
585 4343 975 4410 hallucinatio,
1009 4345 1119 4400 nisi
1159 4346 1398 4401 evaserit
1439 4345 1493 4400 in
1519 4346 1769 4401 obstina-

180 4446 285 4491 tam
313 4436 526 4491 mentis
556 4436 904 4491 sententiam.

243 4526 414 4597 463
448 4524 638 4578 Postea
678 4523 918 4579 Nestorii
962 4523 1269 4580 doctrinam
1315 4540 1535 4581 omnem
1575 4541 1763 4580 sanam
1799 4540 1840 4593 ι)
1872 4531 2037 4585 Maria
2090 4543 2309 4597 semper
2362 4526 2575 4597 virgine
2646 4526 3045 4594 prtedicabam,
3078 4528 3094 4545 ‘

178 4632 297 4673 esse
324 4616 637 4680 contendit,
663 4624 720 4671 et
754 4617 905 4671 velut
930 4617 1187 4686 pietatem
1209 4617 1405 4687 ipsam,
1436 4617 1491 4673 id
1523 4626 1629 4682 est,
1674 4633 1765 4672 re-

180 4718 322 4763 ctam
352 4709 543 4772 (idem,
576 4708 819 4763 laudavit
848 4726 861 4763 :
897 4708 1023 4779 quis
1059 4710 1208 4764 enim
1253 4710 1361 4764 nisi
1418 4710 1769 4780 impudenter

182 4801 495 4870 improbus,
554 4800 609 4855 in
663 4816 729 4855 ea
782 4809 941 4871 parte
1000 4816 1113 4855 non
1152 4801 1244 4866 sit,
1274 4803 1329 4856 in
1361 4817 1469 4872 qua
1506 4802 1767 4872 pietatem

181 4905 300 4945 esse
344 4890 604 4961 iudicet?

246 4982 487 5049 Quarto,
512 4979 711 5038 callida
726 4992 1059 5055 versutaque
1084 4994 1201 5041 arte
1222 4986 1490 5042 Eranistae
1525 4986 1771 5057 dialogos

182 5072 261 5127 sic
278 5074 601 5143 composuit
616 5075 683 5139 ⁸³,
712 5082 773 5128 ut
803 5090 957 5129 suam
974 5076 1078 5131 sibi
1108 5076 1176 5132 de
1198 5077 1403 5132 unione
1422 5084 1766 5142 naturarum,

185 5166 543 5237 inseparabili
587 5166 833 5237 quidem,
863 5166 959 5224 sed
1000 5184 1139 5239 pure
1173 5171 1418 5240 σχετικῇ,
1453 5167 1770 5237 opinionem

185 5257 600 5314 demonstrasse
624 5258 929 5314 videretur.

246 5350 483 5418 Quinto,
538 5350 816 5407 hareticis
854 5351 1093 5419 duobus,
1147 5353 1385 5410 Diodoro
1417 5355 1674 5415 Tarsensi
1716 5370 1773 5416 et

186 5440 488 5499 Theodoro
538 5443 952 5517 Mopsuesteno,
1002 5445 1317 5503 consentire
1349 5463 1408 5504 se
1437 5448 1615 5507 fassus
1667 5460 1771 5517 est,

1870 606 2223 663 Theodorum
2244 619 2396 666 certe
2420 612 2572 667 velut
2622 612 2882 668 Ecclesiae
2932 615 3278 685 magistrum,
3324 630 3445 668 om-

1868 699 2133 769 niumque
2162 700 2457 757 haeresemn
2487 703 2919 769 dominatorem,
2946 713 3002 760 et
3024 716 3298 775 pastorem
3325 706 3450 760 lau-

1868 792 2018 847 davit
2051 793 2226 862 “,qui
2246 794 2466 849 nonnisi
2506 794 2701 849 bonam
2742 796 2969 852 herbam
2996 797 3194 851 ovibus
3239 798 3442 852 Christi

1868 883 2201 952 porrexerit.

1935 972 2116 1038 Sexto,
2139 976 2453 1045 opinionem
2496 992 2651 1032 suam
2692 979 2758 1033 de
2784 981 3162 1034 incarnatione
3193 996 3295 1035 nec
3322 981 3446 1034 aliis

1866 1065 2051 1120 verbis
2110 1069 2382 1136 exposuit,
2450 1085 2552 1124 nec
2603 1070 2729 1123 aliis
2761 1071 3063 1140 Scriptura:
3116 1074 3444 1126 testimoniis

1867 1157 2153 1222 stabilivit,
2187 1174 2290 1213 nec
2319 1160 2441 1214 aliis
2461 1162 2883 1230 exceptionibus
2920 1164 3306 1232 propugnavit.
3344 1178 3443 1215 nec

1865 1249 1988 1302 aliis
2018 1258 2334 1303 naturarum
2356 1250 2795 1317 conjunctionem
2826 1251 3139 1305 nominibus
3197 1249 3442 1319 appella-

1867 1339 1964 1401 vit,
1995 1354 2160 1409 quam
2222 1340 2423 1409 quibus
2484 1339 2791 1403 Nestorius,
2852 1341 3146 1411 ἐνοίκησιν,
3206 1341 3441 1401 ἔνδυσιν,

1867 1432 2156 1501 ἀνάληψιν,
2189 1432 2624 1503 ἐνανθμῢπησιν,
2659 1434 2969 1500 συνάφειαν.
2997 1441 3103 1487 etc.

1941 1520 2159 1579 Verum.
2190 1521 2427 1589 excipiet
2457 1520 2676 1589 aliquis,
2703 1521 2841 1575 dixit
2881 1520 3160 1575 Christum
3187 1532 3296 1572 non
3319 1533 3439 1572 esse

1866 1622 2064 1677 purum
2082 1607 2494 1671 hominem,sed
2529 1609 2698 1663 Deum
2717 1608 2878 1664 simul
2908 1608 3280 1663 ethomincm.
3301 1607 3441 1662 illud

1868 1698 2044 1768 ipsum
2095 1699 2234 1752 dixit
2286 1698 2574 1753 Nestorius
2621 1699 2798 1754 Serm.
2850 1716 2920 1753 vn
2972 1718 2983 1753 :
3033 1718 3051 1751 ε
3089 1700 3208 1753 Non
3256 1699 3440 1754 nudus

1868 1789 2031 1844 homo
2057 1789 2329 1855 Christus,
2356 1804 2390 1843 ο
2410 1790 2792 1855 calumniator,
2841 1792 2936 1847 sed
2986 1792 3152 1845 homo
3182 1790 3343 1846 simul
3384 1799 3440 1845 et

1798 1856 1835 1909 Β
1863 1881 2030 1936 Deus.
2072 1900 2091 1932 i

1934 1974 2079 2028 Dixit
2108 1989 2273 2029 unam
2323 1988 2445 2028 esse
2468 1974 2675 2029 Christi
2697 1990 3006 2044 personam,
3034 1985 3259 2029 naturas
3279 1976 3436 2030 duas.

1863 2067 2010 2122 Dixit
2050 2067 2259 2138 pariter
2283 2065 2571 2121 Nestorius
2606 2065 2660 2119 in
2690 2065 2851 2135 epist.
2894 2068 2946 2130 4,
2973 2066 3039 2119 ad
3067 2074 3316 2120 sanctum
3340 2066 3443 2138 Cy-

1863 2161 2047 2215 rillum
2076 2178 2088 2214 :
2133 2178 2151 2210 ι
2187 2159 2434 2229 Utraque
2471 2167 2670 2211 natura
2706 2168 2929 2227 propter
2990 2158 3438 2229 conjunctionem

1863 2263 2156 2311 summam,
2185 2256 2244 2302 et
2266 2246 2703 2301 inconfusionem
2735 2246 2787 2299 in
2817 2261 2923 2300 una
2976 2262 3212 2315 persona
3244 2248 3441 2315 unige-

1862 2337 1964 2392 niti
2004 2337 2125 2392 Filii
2155 2336 2434 2391 adoratur.
2464 2354 2482 2387 ι
2512 2336 2580 2389 Ει
2603 2334 2764 2405 epist.
2794 2336 2848 2399 ἓ,
2887 2335 2954 2390 ad
2984 2343 3234 2389 sanctum
3266 2334 3445 2404 Cyril-

1864 2431 1975 2484 lum
2001 2446 2014 2483 :
2052 2448 2069 2481 ι
2102 2428 2291 2483 Laudo
2316 2436 2638 2482 naturarum
2679 2426 2877 2480 factam
2906 2426 3321 2487 discretionem,
3351 2440 3441 2480 se-

1863 2521 2106 2577 cundum
2130 2519 2436 2575 divinitatis
2463 2527 2519 2573 et
2547 2518 2908 2573 humanitatis
2936 2517 3227 2579 rationem,
3267 2526 3324 2570 et
3347 2530 3443 2569 ea-

1864 2629 1983 2667 rum
2016 2614 2072 2666 in
2119 2626 2226 2666 una
2258 2625 2491 2681 persona
2546 2610 3015 2680 coniunctionem.
3080 2628 3099 2659 ι
3167 2608 3237 2662 Et
3292 2608 3438 2677 apud

1861 2704 2125 2777 Cyrillum
2162 2704 2259 2758 lib.
2318 2702 2385 2758 de
2421 2712 2573 2757 recta
2612 2701 2719 2756 tlde
2749 2700 2817 2755 ad
2856 2700 3112 2772 reginas:
3160 2718 3179 2752 ι
3230 2698 3443 2753 Nomen

1863 2797 1989 2859 hoc,
2041 2795 2302 2859 Christus,
2353 2793 2465 2847 Deo
2512 2800 2563 2846 et
2613 2791 2825 2847 homini
2880 2790 3162 2854 convenit,
3223 2788 3439 2843 ratione

1863 2886 2271 2958 coniunctionis
2322 2886 2379 2941 in
2427 2899 2593 2939 unam
2647 2884 2770 2939 illos
2825 2897 3118 2954 personam
3186 2882 3443 2953 colligen-

1866 2978 1955 3032 tis.
2004 2996 2022 3029 ι

1934 3067 2100 3129 Dixit,
2131 3066 2412 3121 Christum
2436 3080 2545 3119 non
2578 3062 2749 3118 dividi
2780 3062 2835 3117 in
2862 3062 3002 3116 duos
3024 3061 3192 3116 Filios
3221 3060 3446 3115 autDo-

1865 3158 2065 3222 minos,
2094 3164 2430 3228 questusque
2468 3163 2556 3210 est
2579 3154 2913 3210 calumniam
2954 3153 3058 3208 sibi
3106 3150 3258 3216 ﬁeri,
3299 3151 3445 3220 quod

1864 3249 2153 3304 divideret.
2176 3248 2416 3318 ldipsum
2438 3246 2576 3300 dixit
2601 3244 2891 3301 Nestorius
2910 3242 3087 3298 Serm.
3116 3242 3213 3296 12:
3253 3259 3272 3293 ι
3295 3242 3448 3297 Unus

1866 3342 2056 3405 Filius,
2120 3339 2270 3409 quod
2328 3332 2548 3393 visibile
2605 3346 2663 3393 et
2716 3336 2863 3407 quod
2923 3334 3241 3397 invisibile;
3302 3348 3448 3387 unus

1862 3433 2137 3497 Christus,
2202 3440 2259 3488 et
2316 3432 2418 3486 iste
2470 3430 2567 3501 qui
2612 3430 2808 3494 utitur,
2862 3439 2918 3484 et
2960 3428 3012 3482 id
3062 3443 3173 3497 quo
3201 3426 3377 3480 utitur
3430 3442 3443 3479 :

1865 3531 2075 3578 naturae
2106 3522 2387 3592 duplices,
2420 3520 2516 3575 sed
2566 3520 2738 3574 Filius
2784 3517 3096 3588 singularis.
3146 3516 3287 3583 Quid
3332 3531 3450 3571 ser-

1866 3632 2084 3671 monem
2113 3616 2168 3668 in
2185 3613 2513 3668 calumniam
2536 3612 2737 3666 vocas?
2774 3629 2793 3663 ι

1934 3706 2229 3764 Confessus
2269 3713 2354 3760 est
2382 3703 2667 3773 Virginem
2698 3711 2945 3757 sanctam
2965 3716 3087 3757 esse
3132 3700 3447 3770 Deiparam.

1865 3799 2162 3856 Confessus
2208 3812 2427 3868 quoque
2479 3795 2772 3852 Nestorius
2807 3794 2988 3849 Serm.
3027 3794 3060 3847 6
3096 3812 3109 3847 :
3152 3813 3169 3845 ι
3200 3793 3450 3862 Dixijam

1867 3893 2085 3963 saepius,
2143 3890 2199 3946 Si
2274 3890 2400 3959 quis
2462 3888 2606 3942 inter
2632 3902 2732 3942 vos
2779 3886 3105 3957 simplicior,
3142 3885 3257 3939 sive
3305 3884 3451 3937 inter

1868 3998 2225 4055 quoscunque
2248 3982 2407 4045 alios,
2432 3994 2568 4035 voce
2599 3979 2705 4033 hac
2732 3978 2997 4035 Θεοτόκος
3048 3977 3270 4048 gaudet,
3303 3975 3451 4045 apud

1870 4092 1955 4130 me
1979 4074 2131 4129 nulla
2151 4081 2236 4129 est
2254 4072 2323 4126 de
2352 4086 2487 4126 voce
2519 4070 2746 4133 invidia,
2770 4069 2935 4123 modo
2956 4083 3027 4123 ne
3063 4069 3342 4139 Virginem
3375 4068 3453 4121 t'a-

1868 4170 1977 4224 ciat
2003 4168 2195 4221 Deum.
2230 4183 2247 4215 ι
2283 4164 2459 4219 Serm.
2482 4164 2582 4217 l2:
2616 4180 2633 4212 ι
2661 4160 2833 4215 Filius
2868 4162 2963 4215 Dei
2993 4168 3155 4215 natus
3183 4166 3288 4221 est,
3307 4160 3455 4214 Deus

1871 4261 2112 4317 Verbum
2136 4268 2193 4313 et
2230 4257 2394 4312 homo
2420 4274 2432 4309 :
2459 4270 2592 4325 ergo
2619 4270 2742 4323 quae
2768 4254 2986 4324 peperit
3032 4262 3258 4323 propter
3289 4251 3455 4305 unio-

1870 4368 2018 4415 nem,
2045 4351 2260 4405 dicatur
2286 4347 2577 4410 Θεοτὸκος,
2614 4365 2631 4397 ι
2667 4355 2773 4400 etc.
2814 4346 2995 4399 Serm.
3037 4346 3143 4397 l5:
3190 4364 3208 4395 ‹
3246 4342 3454 4397 Eadem

1872 4442 2035 4497 modo
2062 4439 2405 4501 deﬁnitione,
2442 4454 2549 4506 qua
2573 4436 2728 4505 prius
2767 4436 3012 4490 breviter
3042 4434 3111 4489 de
3171 4435 3263 4488 illa
3289 4434 3451 4488 beata

3149 4534 3454 4578 etiamnum

1867 4620 2210 4677 evidentiore
2246 4632 2520 4676 sermone.
2556 4630 2769 4669 sunnna
2810 4631 2941 4669 voce
2974 4615 3277 4685 proclamo,
3317 4629 3456 4684 quo-

1870 4716 2014 4769 niam
2044 4710 2209 4787 464.
2228 4720 2414 4766 sancta
2444 4710 2608 4779 Virgo
2636 4718 2692 4763 et
2721 4708 2813 4763 Dei
2842 4717 3000 4763 estet
3028 4708 3267 4762 hominis
3291 4706 3455 4762 Geni-

1872 4806 2000 4860 trix.
2049 4824 2065 4856 ι
2131 4802 2257 4857 llzec
2282 4803 2589 4857 Nesmrius.

1944 4896 2049 4952 Sed
2081 4895 2480 4957 'l'heodorctus,
2511 4894 2657 4962 quod
2696 4908 2803 4947 non
2838 4892 2970 4948 fecit
3000 4892 3307 4955 Nestorius,
3355 4906 3455 4945 ex-

1874 4987 2082 5059 pressis
2101 4986 2289 5041 verbis
2320 4985 2579 5039 unionem
2623 4984 3022 5054 hypostaticam
3061 4982 3272 5053 rejecit,
3305 4982 3451 5035 velut

1875 5095 2072 5135 novam
2110 5088 2167 5134 et
2189 5078 2423 5132 alienam
2460 5092 2489 5130 a
2515 5076 2720 5130 divinis
2750 5074 3052 5144 Scripturis
3079 5090 3142 5129 ac
3177 5073 3455 5138 Patribus,

1874 5173 1968 5243 qui
2018 5186 2115 5228 eas
2156 5168 2503 5240 interpretati
2541 5174 2713 5223 sunt:
2752 5166 2862 5238 Τὴν
2898 5168 2953 5219 δὲ
2988 5164 3110 5220 καθ’
3156 5165 3455 5219 ὑπόστασιν

1872 5267 2068 5320 ἕνωσιν
2094 5264 2437 5318 παντάπασιν
2469 5260 2796 5331 ἀγνοοῦμεν,
2826 5260 2903 5322 ὡς
2930 5259 3086 5329 ξένην
3152 5258 3249 5311 καὶ
3302 5255 3463 5310 ἁλλό-

1875 5359 2039 5429 φυλον
2077 5357 2184 5409 τῶν
2220 5354 2381 5408 θείων
2409 5353 2662 5425 Γραφῶν,
2694 5353 2788 5406 καὶ
2812 5350 2922 5404 τῶν
2951 5350 3159 5412 ταύτας
3180 5351 3449 5419 ἡρμηνευσ

1878 5452 2052 5509 γότωυ
2087 5447 2226 5503 Πατέ
2235 5464 2345 5519 ρων
2370 5446 2433 5498 ³⁵.

1531 5565 1846 5623 SCHULle
1877 5568 2102 5625 NOT/E.

256 5649 426 5729 "_Tot
479 5652 892 5709 accusatoribus
912 5669 1047 5729 sane
1070 5669 1182 5729 non
1210 5671 1348 5725 opus
1382 5658 1554 5729 est_ad
1588 5660 1955 5719 dirimendam
2006 5662 2178 5723 litem,
2204 5674 2367 5728 quam
2414 5659 2529 5729 ipse
2569 5650 3127 5729 Theodoret'ushpost
3164 5650 3456 5729 conrilium

188 5718 655 5804 Chalcedonense
678 5725 1051 5804 composuisse
1077 5718 1315 5779 videtur.
1365 5730 1437 5804 _”
1456 5727 1693 5786 Omnino
1722 5718 1989 5804 temporis
2011 5718 2262 5804 habenda
2286 5718 2557 5804 est4r_a_ti_o.
2585 5729 2704 5782 Non
2744 5736 2828 5781 est
2879 5718 3073 5804 melior
3115 5738 3183 5777 ex

191 5792 423 5853 tatibus,

192 5861 351 5926 eccl.,
384 5861 480 5915 lib.
523 5878 574 5915 v.
655 5863 698 5894 "
735 5863 857 5918 Vid.
881 5861 1065 5935 supra,
1100 5867 1266 5935 p.10,
1294 5875 1427 5936 etp.
1464 5869 1585 5922 459.

459 5807 597 5860 quas
616 5791 917 5867 Carnerius
948 5805 1147 5864 praeter
1168 5797 1550 5851 necessitatem
1607 5803 1779 5867 auxit,
1829 5791 2082 5859 elabendi
2131 5802 2239 5854 via.

2348 5802 2391 5833 ³³
2417 5800 2550 5854 Vide
2586 5813 2770 5868 supra,
2827 5812 2878 5866 p.
2910 5796 3012 5850 587
3044 5810 3159 5865 seq.
3241 5793 3285 5825 "
3314 5790 3456 5845 llist.
