4224 6442
727 409 822 474 Ill
1855 399 2208 460 GARNERII
2276 399 2770 462 DISSERTATlO
2805 405 2873 460 lll
2921 449 2933 460 .

3884 407 3993 470 ιη

800 523 981 590 Quid?
1013 521 1159 591 quod
1191 518 1550 591 pertinaciter
1576 514 1795 586 negavit
1821 529 2061 584 semper,
2093 514 2309 568 licitum
2341 520 2382 575 Α
2413 530 2540 569 reus
2571 530 2601 568 a
2631 530 2689 569 se
2723 524 2962 584 scriptos
2987 512 3274 580 fateretur,
3303 513 3611 571 exercitum
3636 515 3747 583 sit;
3779 526 3840 571 ut
3902 519 3996 574 de-

728 628 848 667 esse
882 613 1064 666 dicere
1127 611 1300 664 Deum
1327 622 1582 679 passum,
1629 613 1760 670 etc.,
1814 606 2029 674 aliaque
2069 606 2309 659 hominis

729 704 932 772 φυσικὰ
971 702 1239 770 ἰδιώματα
1293 700 1465 754 tribui
1507 713 1667 769 posse
1702 698 1886 753 Verbo
1946 697 2307 767 ἐνανθρωπήο

730 813 793 848 σα
811 813 901 851 m.
937 795 992 848 Id
1019 803 1198 847 autem
1229 791 1704 845 evidentissimum
1735 797 1820 842 est
1879 787 2118 841 hominis
2146 788 2307 841 unio-

731 903 856 944 nem
874 888 1106 956 φυσικὴν
1133 893 1187 938 et
1215 885 1334 936 καθ’
1359 884 1654 935 ὑπόστασιν
1671 880 1990 949 recipientis
2012 879 2304 933 indicium:

729 993 855 1030 nam
887 976 1285 1046 ejusdemmodi
1322 975 1630 1042 ἰδιωμάτων
1675 973 1733 1025 fit
1767 972 2195 1025 communicatio
2225 987 2310 1025 rc-

730 1079 969 1131 uproca,
1001 1064 1138 1118 duas
1173 1064 1318 1115 inter
1345 1071 1573 1115 naturas
1598 1061 1943 1130 conjunctas,
2000 1060 2310 1129 cujusmodi

731 1155 862 1206 unio
894 1163 995 1208 est.
1025 1154 1518 1207 Communicantur
1557 1153 1770 1207 scilicet
1803 1153 2045 1223 physica,
2082 1162 2144 1207 ut
2173 1152 2306 1222 pati,

730 1243 902 1306 nasci,
932 1243 1206 1307 laborare,
1233 1244 1393 1306 mori,
1441 1251 1572 1306 etc.,
1604 1242 1646 1294 si
1682 1243 1904 1313 physica
1936 1242 2102 1296 fuerit
2133 1243 2264 1296 unio
2294 1261 2306 1294 :

728 1334 843 1387 sola
878 1334 1205 1386 tribuuntur
1235 1333 1483 1398 moralia,
1518 1344 1578 1386 ut
1607 1334 1734 1399 coli,
1762 1335 2056 1400 dominari,
2087 1335 2178 1404 jus
2211 1334 2310 1386 ha-

728 1426 882 1489 bere,
919 1425 1114 1487 etc.,si
1138 1426 1362 1478 moralis
1394 1425 1658 1478 duntaxat
1697 1427 1828 1478 unio
1855 1426 2148 1479 exstiterit.
2185 1426 2311 1479 Haec

733 1533 862 1571 vero
892 1519 1210 1580 ἀντιδόσεως
1258 1519 1366 1581 lex,
1401 1533 1520 1586 quae
1559 1533 1588 1570 a
1616 1518 1835 1570 nemine
1877 1518 2132 1587 theologo
2161 1519 2312 1588 igno-

734 1618 906 1674 ratur,
945 1610 989 1662 si
1025 1609 1435 1662 Theodoretum
1478 1608 1636 1677 fugit,
1665 1624 1772 1676 qua
1805 1610 2020 1663 ratione
2073 1608 2312 1663 Orientis

731 1699 1084 1752 doctissimus
1108 1698 1366 1753 dicatur?
1391 1697 1434 1749 si
1458 1713 1569 1751 non
1598 1697 1756 1766 fugit,
1805 1697 2082 1765 quomodo
2120 1707 2312 1766 aperte

728 1790 1225 1845 Nestorianismum
1255 1791 1582 1858 praedicasse
1618 1791 1888 1858 negetur?
1912 1789 2120 1845 Viderit
2151 1805 2216 1844 ea
2242 1789 2312 1844 de

731 1897 790 1937 re
823 1882 1095 1950 interpres
1123 1881 1212 1934 ille
1251 1895 1412 1949 quem
1440 1879 1571 1932 dixi.

907 2015 1068 2070 ART.
1101 2015 1165 2069 ll.
1190 2044 1261 2055 ——
1286 2013 1416 2078 Qua:
1446 2031 1541 2083 pro
1565 2013 1881 2069 Theodoreta
1913 2016 2134 2085 faciant.

801 2145 917 2200 XII.
944 2146 1076 2211 Quae
1119 2145 1388 2199 adversus
1423 2146 1836 2201 Theodoretum
1884 2154 2149 2218 pugnant,
2186 2162 2310 2218 gra-

731 2256 751 2286 \
771 2239 952 2292 issima
972 2246 1101 2290 sunt
1125 2239 1370 2306 quidem,
1397 2237 1514 2290 sive
1548 2238 1848 2292 auctoritas
1908 2248 2311 2307 accusatorum,

731 2332 844 2384 sive
876 2330 1317 2383 testimoniorum
1346 2328 1622 2382 certitudo
1649 2337 1704 2381 et
1733 2329 1974 2394 claritas,
2020 2330 2136 2383 sive
2162 2339 2314 2384 utro-

732 2437 964 2492 rumque
994 2420 1325 2485 multitudo;
1364 2434 1472 2473 non
1504 2419 1806 2474 detrahunt
1853 2429 2036 2475 tamen
2067 2437 2312 2476 momen-

731 2524 869 2574 tum,
899 2513 1090 2566 saltem
1118 2519 1314 2577 totum,
1335 2511 1422 2578 iis,
1455 2525 1578 2579 quae
1601 2525 1704 2564 nec
1725 2525 1920 2580 pauca,
1951 2527 2054 2566 nec
2083 2512 2223 2566 levia
2257 2513 2313 2567 in

732 2603 1073 2657 contrarium
1097 2601 1324 2654 faciunt.

803 2693 1125 2746 Facitenim
1163 2693 1335 2760 primo
1381 2698 1566 2745 tantus
1631 2691 1722 2744 ille
1757 2690 1911 2745 favor
1964 2700 2020 2745 et
2065 2693 2311 2762 plausus,

733 2800 843 2852 quo
877 2782 1263 2837 Theodoretus
1312 2781 1618 2836 Antiochia:
1693 2780 2040 2846 audiebatur,
2092 2799 2217 2836 cum
2248 2783 2315 2838 de

734 2875 839 2929 fide
883 2887 1196 2928 sermonem
1247 2872 1499 2939 haberet,
1558 2872 1613 2925 in
1655 2875 1951 2927 multarum
2011 2877 2316 2945 myriadum

732 2969 997 3020 concione
1030 2965 1344 3033 :quomodo
1375 2966 1523 3017 enim
1554 2965 1610 3018 in
1640 2965 1884 3019 Ecclesia
1916 2975 2023 3020 tam
2074 2968 2313 3035 erudita,

731 3074 854 3127 qua:
883 3057 1217 3111 Theodoreti
1245 3057 1474 3111 verbum
1499 3066 1706 3112 temere
1740 3059 2015 3127 prolatum
2041 3059 2184 3115 ferre
2207 3076 2316 3115 non

733 3150 935 3219 potuit,
969 3164 1193 3203 errores
1219 3149 1510 3217 sparsisset
1533 3150 1651 3204 sine
1689 3151 2171 3220 reprehensione?
2223 3161 2317 3207 aut

733 3239 1011 3306 quomodo
1037 3255 1148 3292 non
1181 3239 1472 3308 sparsisset
1515 3255 1755 3305 errores,
1810 3241 1856 3296 si
1901 3258 2022 3311 quze
2074 3243 2312 3298 sensisse

733 3345 860 3384 mox
889 3331 1176 3385 dicebatur
1200 3334 1346 3384 circa
1382 3331 1814 3385 incarnationem
1874 3333 2060 3398 Verbi,
2121 3343 2312 3402 protu-

733 3424 924 3477 lisset?
950 3432 1045 3477 aut
1068 3423 1348 3493 quomodo
1387 3439 1416 3476 a
1450 3425 1724 3478 sententia
1754 3440 1852 3479 sua
1883 3425 2118 3480 dicenda
2138 3427 2310 3480 absti-

735 3521 965 3584 nuisset,
992 3535 1101 3587 quo
1130 3531 1375 3586 tempore
1401 3520 1614 3572 nullum
1650 3531 2055 3588 argumentum,
2083 3530 2178 3575 aut
2208 3522 2315 3577 fre-

733 3613 1013 3679 quentius,
1052 3619 1146 3662 aut
1177 3611 1578 3664 contentiosius
1619 3614 1928 3666 tractetur?

808 3702 1408 3773 Facitsecundo,quod,
1438 3719 1564 3757 cum
1587 3720 1715 3758 reus
1741 3704 1897 3759 ﬁeret
1921 3705 1988 3758 de
2017 3706 2238 3764 Christo
2261 3709 2315 3760 in

735 3795 874 3848 duos
913 3795 1080 3848 Filios
1109 3795 1305 3858 diviso,
1344 3796 1703 3864 detractoque
1747 3797 1920 3850 beata:
1954 3798 2164 3868 Virgini
2191 3799 2316 3853 Dei-

736 3901 882 3955 pnrze
922 3886 1169 3951 nomine,
1198 3886 1266 3940 de
1316 3887 1591 3940 calumnia
1650 3888 1755 3941 sibi
1790 3888 1930 3942 facta
1962 3889 2318 3944 vehementer

735 3985 966 4044 questus
994 3985 1117 4042 est;
1179 3992 1285 4031 nec
1338 3987 1568 4046 questus
1601 3985 1834 4046 tantum,
1869 3980 1962 4033 sed
2015 3982 2316 4035 confessio-

736 4084 860 4122 nem
889 4065 1014 4121 fidei
1042 4069 1348 4136 Oppositam
1379 4069 1813 4136 expressissimis
1857 4071 2044 4124 verbis
2091 4073 2265 4126 edidit
2302 4092 2314 4125 :

745 4179 760 4207 ε
798 4159 852 4210 Si
886 4159 1012 4226 quis
1040 4168 1284 4212 sanctam
1318 4160 1600 4228 Virginem
1648 4160 1938 4228 Deiparam
1993 4178 2104 4215 non
2156 4162 2312 4226 dicit,

736 4259 1052 4318 autpurum
1078 4250 1359 4304 hominem
1405 4259 1566 4304 vocat
1605 4253 1896 4305 Dominum
1933 4262 2182 4306 nostrum
2228 4254 2318 4308 Je-

737 4357 857 4393 sum
889 4341 1195 4404 Christum,
1241 4342 1327 4395 vel
1381 4343 1434 4395 in
1488 4342 1627 4396 duos
1678 4344 1846 4398 Filios
1889 4344 2090 4398 dividit
2149 4361 2319 4397 unum

737 4433 1089 4502 Unigenitum
1135 4448 1198 4487 ac
1247 4434 1672 4503 primogenitum
1729 4436 1912 4489 omnis
1957 4446 2243 4501 creaturae,
2289 4453 2318 4492 a

739 4539 833 4591 spe
861 4525 914 4576 in
947 4524 1230 4577 Christum
1251 4524 1488 4588 excidat,
1517 4533 1574 4579 et
1635 4525 1782 4580 dicet
1840 4529 2026 4582 omnis
2059 4531 2316 4599 p0pulus,
2353 4558 2395 4612 ο

740 4614 878 4677 Fiat,
910 4617 1030 4668 Fiat
1050 4617 1114 4669 ³⁸.
1153 4635 1169 4667 ι

809 4706 955 4758 Facit
985 4708 1159 4769 tertio,
1183 4707 1330 4775 quod
1363 4707 1431 4760 ab
1467 4708 1826 4778 Eutychianis
1851 4709 2146 4765 durissima
2170 4727 2319 4780 qua:-

738 4812 843 4864 quc
877 4813 1068 4864 passus
1099 4798 1203 4851 sit:
1244 4799 1546 4853 domestico
1605 4801 1868 4856 nimirum
1910 4801 2037 4874 Cyri
2100 4819 2320 4859 carcere

737 4887 899 4957 [.65
927 4888 1190 4950 inclusus,
1217 4890 1560 4944 Alexandrize
1607 4892 1742 4946 diris
1766 4894 2018 4959 devotus,
2046 4895 2100 4948 in
2149 4895 2320 4949 latro-

739 4977 901 5030 cinali
935 4977 1215 5046 Ephesino
1251 4981 1485 5035 concilio
1523 4982 1772 5052 dejectus
1800 4985 1868 5039 de
1892 4985 2041 5050 sede,
2092 4986 2318 5041 civitate

737 5067 861 5138 Cyri
896 5069 1178 5136 expulsus,
1216 5071 1333 5125 sine
1365 5073 1491 5125 ullis
1523 5073 1852 5142 adjumentis
1901 5077 2045 5140 vitae,
2095 5076 2219 5146 igne
2263 5087 2319 5132 et

737 5173 877 5228 aqua
916 5160 1262 5225 interdictus,
1291 5162 1449 5216 libris
1472 5162 1705 5219 flamma:
1759 5167 1976 5221 traditis
2034 5168 2319 5223 traductus

738 5260 999 5322 tanquam
1051 5255 1436 5311 hmresiarcha.
1480 5258 1679 5313 Annon
1736 5259 1805 5314 ab
1880 5261 2153 5316 hatreticis
2208 5263 2321 5332 pati

741 5345 1119 5398 testimonium
1163 5347 1441 5415 quoddam
1466 5359 1551 5404 est
1581 5353 1846 5422 Opposita;
1868 5353 2039 5408 fidei?

811 5437 963 5491 Facit
988 5450 1177 5507 quarto
1243 5442 1392 5496 sedis
1443 5445 1778 5512 apostolicae,
1831 5461 1994 5516 quam
2053 5446 2321 5503 adversus

736 5527 988 5583 Dioscori
1019 5532 1285 5600 synodum
1323 5533 1716 5602 appellaverat,
1745 5545 1852 5590 tam
1881 5544 2157 5590 maturum
2186 5546 2322 5591 tam-

743 5634 851 5689 que
886 5622 1128 5691 amplum
1155 5632 1213 5677 et
1235 5622 1424 5679 efﬁcax
1451 5625 1743 5696 judicium,
1780 5637 1839 5683 ut
1861 5645 1924 5684 ex
1959 5628 2134 5693 libris,
2185 5645 2323 5698 quos

2411 606 2700 676 positionis
2723 607 2995 661 sententia
3019 648 3032 671 ,
3066 621 3228 676 quam
3262 621 3458 677 magna
3482 607 3726 678 synodus
3765 608 3993 673 tulerat,

2411 713 2441 751 a
2463 711 2679 751 summo
2708 697 2967 766 pontifice
2990 697 3352 766 abrogaretur
3376 713 3390 762 ;
3420 705 3480 750 ut
3507 696 3812 766 Imperator
3845 696 3994 750 Mar-

2411 789 2621 854 cianus,
2653 790 2829 842 sancti
2852 789 3053 843 Leonis
3087 790 3417 842 sententiam
3449 797 3692 852 secutus,
3728 789 3898 841 latam
3936 788 3996 843 in

2411 880 2748 935 Theodoreti
2793 881 2966 934 libros
2997 895 3027 934 a
3089 880 3404 934 Theodosio
3448 881 3623 949 legem
3656 879 3992 944 resciderit;

2411 981 2472 1026 ut
2499 972 2950 1027 Chalcedonense
2973 972 3271 1026 cencilium
3324 971 3760 1034 Theodoretum,
3819 970 3992 1024 etiam

2412 1073 2536 1119 ante
2559 1079 2780 1118 causam
2829 1065 3084 1135 agitatam
3137 1063 3428 1134 receperit,
3492 1063 3888 1131 admiseritque
3924 1061 3995 1116 ad

2412 1166 2730 1206 CODSCSSUH]
2741 1193 2752 1204 .

2483 1243 2634 1297 Facit
2688 1245 2890 1312 quinto,
2951 1241 3098 1312 quod
3158 1243 3228 1297 de
3286 1242 3682 1298 incarnationis
3726 1242 3999 1313 mysterio

2413 1334 2698 1402 scripsisse
2723 1333 2978 1388 videatur
3009 1333 3224 1398 eadem,
3251 1351 3372 1404 qua;
3400 1343 3457 1388 et
3479 1333 3774 1388 Orientalis
3799 1333 3998 1388 Eccle-

2412 1426 2513 1489 sia,
2546 1435 2601 1480 ct
2628 1425 2854 1495 quidem
2885 1425 3286 1480 celebrioribus
3315 1426 3537 1490 litteris,
3563 1441 3697 1488 cum
3754 1441 3861 1494 pax
3894 1425 4000 1478 ini-

2414 1525 2602 1582 retur;
2628 1531 2750 1586 quae
2775 1525 2831 1570 et
2856 1516 3236 1570 sanctissimus
3279 1515 3488 1571 Christi
3540 1525 3750 1587 martyr
3780 1515 4000 1569 Flavia-

2415 1623 2541 1672 nus,
2571 1623 2695 1660 cum
2722 1606 2789 1660 de
2818 1607 2923 1660 fide
2950 1621 3050 1660 sua
3097 1606 3565 1676 interrogaretur;
3612 1622 3735 1674 quae
3771 1615 3826 1658 et
3885 1604 4000 1658 Leo

2415 1698 2660 1767 Magnus,
2687 1713 2811 1751 cum
2840 1697 2967 1751 ﬁdei
2998 1697 3287 1750 formulam
3323 1697 3380 1751 in
3406 1697 3639 1766 epistola
3669 1696 3736 1749 ad
3776 1695 4000 1749 Flavia-

2415 1805 2547 1842 num
2581 1789 2996 1858 praascriberet:
3031 1789 3075 1842 si
3127 1790 3276 1843 enim
3309 1798 3426 1844 tres
3463 1787 3568 1842 illa:
3620 1786 4003 1842 confessiones

2414 1880 2526 1933 sint
2558 1880 2861 1945 catholicae,
2925 1885 2986 1932 ut
3036 1893 3227 1933 revera
3278 1887 3428 1944 sunt,
3479 1892 3587 1946 qua
3645 1876 3865 1931 ratione
3888 1889 4004 1929 non

2415 1981 2707 2027 censeatur
2745 1970 3070 2033 catholicus,
3123 1969 3219 2038 qui
3266 1969 3348 2023 eis
3400 1967 3714 2022 consentit?
3755 1965 4006 2022 Consen-

2415 2063 2551 2118 sisse
2578 2078 2708 2116 vero
2737 2061 3150 2116 Theodoretum
3186 2060 3313 2114 inde
3339 2058 3561 2129 probari
3587 2065 3771 2128 potest
3801 2074 3817 2110 :

2488 2153 2846 2210 Orientalium
2877 2152 3038 2206 fidem
3063 2153 3119 2206 in
3147 2151 3538 2222 compendium
3589 2149 3831 2221 Cyrillus
3862 2164 4004 2203 con-

2415 2248 2602 2311 traxit,
2628 2246 3010 2316 probavitque,
3041 2245 3150 2298 imo
3185 2252 3242 2298 et
3297 2243 3543 2297 defendit
3575 2243 3631 2295 in
3672 2240 3908 2311 epistola
3935 2239 4003 2293 ad

2415 2339 2768 2394 Valerianum
2801 2355 2812 2390 :
2845 2357 2863 2388 ι
2899 2336 3133 2407 Scripta,
3161 2335 3361 2404 inquit,
3384 2334 3738 2404 dilucidaque
3778 2332 4004 2387 confes-

2417 2433 2570 2486 sione
2605 2429 2866 2483 omnibus
2898 2430 3077 2499 palam
3102 2428 3374 2492 fecerunt,
3411 2443 3469 2482 se
3496 2424 3812 2495 evangelica
3872 2440 4005 2493 apo-

2417 2523 2718 2592 stolicaque
2743 2521 2996 2590 dogmata
3028 2529 3248 2575 secutos
3273 2535 3415 2579 esse.
3440 2525 3873 2585 sanctorumque
3905 2515 4008 2570 Pa-

2417 2625 2564 2670 trum
2617 2612 2954 2668 confessioni
3008 2612 3162 2666 nullo
3189 2612 3354 2665 modo
3405 2609 3708 2664 adversari.
3760 2606 4007 2662 Professi

2419 2711 2548 2757 sunt
2577 2702 2748 2768 enim,
2781 2701 3012 2771 perinde
3048 2716 3111 2754 ac
3143 2717 3264 2764 nos,
3296 2708 3542 2754 sanctam
3569 2697 3851 2766 Virginem
3907 2694 4006 2750 Dei

2417 2791 2753 2845 Genitricem
2785 2805 2938 2854 esse;
2972 2804 3075 2843 nec
3100 2789 3445 2858 adjecerunt,
3482 2787 3628 2857 quod
3653 2785 3864 2840 Christi
3896 2783 4008 2838 Ge-

2418 2881 2588 2933 nitrix
2613 2881 2704 2946 sit,
2739 2886 2834 2933 aut
2858 2878 3102 2933 hominis
3118 2878 3376 2947 genitrix,
3414 2874 3887 2946 quemadmodum
3916 2871 4007 2927 di-

2417 2981 2569 3035 cunt,
2605 2972 2699 3040 qui
2723 2969 2971 3024 infelices
2994 2968 3468 3036 exsecrandasque
3512 2965 3755 3021 Nestorii
3784 2963 4010 3034 Opinio-

2419 3079 2518 3118 nes
2554 3072 2822 3118 tuentur:
2861 3066 3220 3116 asseruerunt
3269 3059 3473 3128 quippe
3522 3057 3743 3112 disertis
3795 3055 4008 3120 verbis,

2421 3173 2592 3214 unum
2628 3172 2748 3210 esse
2779 3155 3002 3218 Filium,
3051 3167 3226 3207 unum
3256 3152 3572 3214 Dominum,
3627 3163 3798 3204 unum
3838 3147 4010 3202 Chri-

2418 3259 2585 3313 stum,
2624 3247 2870 3317 quiante
2894 3261 3056 3299 omne
3083 3244 3344 3298 saaculum
3397 3241 3663 3296 ineffabili
3716 3239 3884 3294 modo
3943 3254 4013 3294 ex

2414 3340 2528 3393 Deo
2557 3340 2719 3393 Patre
2745 3337 2961 3406 genitus
2989 3343 3073 3388 est
3107 3335 3252 3387 Deus
3299 3333 3563 3395 Verbum,
3589 3340 3644 3385 et
3677 3330 3772 3399 qui
3817 3329 4011 3384 novis-

2417 3431 2572 3486 simis
2607 3429 2949 3500 tcmporibus
2970 3425 3275 3482 secundum
3309 3439 3529 3478 carnem
3560 3438 3627 3477 ex
3662 3430 3838 3476 matre
3907 3435 4011 3473 na-

2420 3532 2540 3588 tus;
2568 3523 2640 3576 ita
2669 3531 2729 3575 ut
2750 3522 2893 3575 idem
2929 3521 2999 3574 sit
3029 3521 3047 3541 ‘
3077 3520 3224 3572 Deus
3248 3523 3304 3572 et
3327 3516 3515 3582 homo,
3546 3515 3693 3568 idem
3725 3513 4013 3583 perfectus

2417 3614 2474 3668 in
2495 3614 2719 3677 deitate,
2763 3612 3040 3682 perfectus
3065 3611 3118 3664 in
3148 3611 3493 3666 humanitate
3526 3627 3538 3662 :
3573 3607 3808 3662 credunt
3851 3605 4014 3659 deni-

2417 3721 2524 3775 que
2551 3721 2714 3759 unam
2749 3705 2897 3758 illius
2927 3719 3047 3758 esse
3073 3720 3390 3773 personam,
3414 3715 3519 3755 nec
3565 3701 3678 3754 ulla
3705 3698 3923 3752 ratione
3952 3696 4010 3750 in

2420 3798 2560 3852 duos
2585 3798 2775 3862 Filios,
2803 3805 2899 3851 aut
2930 3797 3070 3850 duos
3111 3795 3386 3861 Christos,
3440 3803 3534 3848 aut
3566 3793 3707 3847 duos
3743 3791 4013 3844 Dominos

2420 3889 2840 3958 dispertiuntur.
2877 3907 2895 3939 ι

2492 3979 2737 4045 Quatuor
2773 3979 2941 4048 igitur
2989 3977 3078 4031 illa
3120 3977 3257 4031 ﬁdes
3291 3974 3771 4045 propositionibus
3823 3971 4012 4026 conti-

2419 4081 2602 4134 netur,
2629 4088 2765 4141 quas
2786 4071 2876 4140 qui
2907 4071 3226 4132 asseruerit,
3283 4069 3649 4130 orthodoxus,
3676 4067 3761 4120 vel
3813 4074 4012 4120 sancto

2420 4162 2624 4231 Cyrillo
2671 4161 2877 4231 judice,
2910 4161 3122 4214 censeri
3175 4160 3358 4213 debet.
3407 4160 3460 4212 1ο
3511 4158 3674 4211 Beata
3726 4155 3892 4224 Virgo
3923 4162 4015 4208 est

2423 4254 2673 4322 Deipara.
2699 4253 2756 4306 ’2ο
2785 4253 2939 4308 Unus
2974 4261 3057 4306 est
3105 4252 3298 4316 Filius,
3337 4265 3480 4304 unus
3511 4248 3799 4311 Dominus,
3860 4262 4014 4300 unus

2423 4342 2678 4396 Christus
2711 4342 2855 4395 Deus
2889 4341 3152 4394 Verbum.
3188 4340 3244 4392 5'
3303 4339 3432 4392 Dure
3461 4346 3591 4391 sunt
3613 4335 3783 4391 Verbi
3842 4348 4016 4403 gene-

2425 4434 2686 4496 rationes,
2737 4441 2941 4487 aeterna
2986 4447 3114 4495 una,
3148 4445 3214 4484 ex
3262 4431 3424 4484 Patre
3465 4430 3618 4492 Deo;
3685 4423 4012 4494 temporalis

2425 4523 2596 4576 altera
2623 4537 2691 4576 ex
2719 4531 2893 4575 matre
2928 4521 3160 4591 virgine.
3205 4521 3261 4574 4ο
3291 4519 3462 4574 Unica
3502 4526 3585 4572 est
3615 4515 3823 4572 Christi
3884 4529 4013 4584 per-

2427 4629 2580 4676 sona,
2605 4627 2708 4666 nec
2731 4616 2787 4665 in
2811 4612 2950 4665 duos
2982 4611 3121 4666 filios
3143 4611 3397 4666 Christus
3421 4609 3706 4664 dividitur.
3766 4605 3876 4659 Has
3908 4621 4013 4658 au-

2427 4714 2540 4761 tem
2575 4706 2980 4775 propositiones
3008 4714 3246 4774 quatuor
3279 4703 3445 4757 unico
3482 4699 3800 4756 testimonio
3828 4697 4016 4751 Theo-

2428 4796 2655 4850 doretus
2683 4795 2969 4849 confessus
2983 4805 3085 4849 est.
3111 4793 3277 4864 ﬁse
3299 4812 3316 4844 ‹
3344 4792 3672 4847 Sanctorum
3695 4791 3920 4844 Patrum
3941 4787 4012 4852 ³⁷,

2428 4888 2628 4958 inquit,
2650 4887 2880 4957 vestigia
2903 4887 3056 4956 sequi
3077 4885 3240 4955 cupio
3275 4893 3330 4940 et
3357 4893 3508 4954 opto,
3537 4890 3594 4937 et
3619 4878 4012 4950 Evangelicam

2425 4981 2756 5045 doctrinam,
2784 4996 2946 5049 quam
2972 4979 3300 5048 compendio
3328 4977 3489 5031 nobis
3512 4975 3882 5035 tradiderunt,
3915 4972 4013 5042 qui

2428 5077 2574 5146 apud
2594 5076 2828 5130 Nicaeam
2859 5090 3167 5130 convenere
3197 5072 3530 5128 sanctissimi
3557 5073 3770 5134 Patres,
3817 5069 4011 5126 illiba’

2426 5178 2537 5224 tam
2569 5173 2764 5224 studeo
2791 5183 3119 5224 conservare
3154 5186 3166 5221 :
3199 5176 3256 5222 et
3278 5167 3425 5221 sicut
3452 5179 3625 5219 unum
3679 5177 3801 5217 esse
3837 5164 4016 5219 credo

2423 5261 2594 5315 Deum
2625 5261 2864 5325 Patrem,
2893 5269 2950 5315 et
2975 5276 3145 5314 unum
3177 5259 3442 5328 Spiritum
3472 5265 3723 5312 sanctum
3752 5271 3820 5309 ex
3845 5256 4015 5312 Patre

2422 5351 2835 5421 procedentem,
2859 5352 2939 5407 sic
2969 5366 3141 5406 unum
3169 5350 3466 5405 Dominum
3508 5349 3698 5405 Jesum
3725 5347 4014 5403 Christum

2424 5446 2626 5501 Filium
2653 5444 2752 5500 Dei
2780 5445 3145 5515 unigenitum,
3176 5452 3303 5498 ante
3325 5441 3512 5498 omnia
3540 5440 3737 5496 saecula
3757 5439 4012 5510 genitum

2423 5551 2454 5589 a
2479 5535 2661 5600 Patre,
2687 5533 3036 5605 splendorem
3058 5533 3244 5605 gloriae
3271 5540 3329 5588 et
3361 5532 3742 5587 charaCterem
3761 5539 4014 5600 paterna

2425 5630 2765 5691 substantiae.
2794 5638 3018 5700 propter
3065 5628 3351 5686 hominum
3397 5626 3628 5685 salutem
3658 5624 4014 5681 incarnatum

2085 5765 2398 5824 SCl-lljllll
2434 5765 2658 5822 NOTJE.

821 5825 863 5854 ιο
882 5826 1053 5895 Epist.
1072 5827 1158 5886 εδ,
1316 5829 1453 5883 uim.
