4224 6442
197 387 303 454 613

1385 394 1481 455 DE
1530 394 1700 455 FIDE
1734 392 2240 453 TIIEODORETI.

3341 381 3448 450 414

196 515 251 559 et
285 503 569 560 hominem
596 509 825 572 factum,
881 516 938 562 et
971 504 1272 562 secundum
1318 518 1541 560 carnem
1582 511 1773 559 natum
1804 510 1849 568 Α
1881 511 2025 558 tuam
2058 503 2343 569 admirati',
2381 500 2621 571 Spiritus
2661 501 2833 556 sancti
2884 501 3137 572 gratiam,
3184 512 3306 569 qua
3347 512 3446 568 per

196 610 261 650 ex
289 595 462 649 Maria
500 595 723 668 Virgine
750 615 763 651 :
792 598 871 653 sic
893 598 1041 653 enim
1079 612 1182 653 nos
1215 596 1404 652 docuit
1431 596 1776 666 sapientissi-

195 704 316 743 mus
343 690 575 754 Paulus,
624 710 643 741 ι
681 700 789 746 etc.
816 690 883 744 Et
903 696 1026 760 post
1055 688 1290 743 adducta
1323 687 1477 742 Pauli
1530 687 1774 741 testimo-

195 781 285 834 nia
334 797 349 834 :
414 800 435 833 ‹
482 782 783 851 Propterea
835 782 1124 850 Deiparam
1170 780 1509 850 appellamus
1536 789 1778 835 sanctam

195 870 504 941 Virginem,
534 883 588 927 et
618 888 734 937 eos,
758 872 853 941 qui
882 887 1081 926 nomen
1106 871 1212 925 hoc
1233 872 1547 941 repudiant,
1572 872 1779 927 alienos

195 975 222 1013 a
257 960 468 1029 pietate
505 976 794 1015 censemus
827 977 841 1014 :
869 960 1121 1017 similiter
1153 969 1209 1015 et
1262 976 1388 1026 eos,
1416 961 1511 1030 qui
1558 960 1613 1015 in
1642 961 1779 1015 duas

193 1065 483 1119 personas,
514 1052 602 1105 vel
627 1051 768 1105 duos
789 1049 978 1114 Filios,
1006 1050 1092 1105 vel
1130 1050 1269 1104 duos
1310 1049 1594 1112 Dominos,
1635 1049 1777 1104 divi-

193 1141 330 1195 dunt
356 1158 537 1195 unum
564 1142 855 1196 Dominum
869 1151 1115 1196 nostrum
1138 1142 1325 1197 Iesum
1347 1141 1647 1206 Christum,
1667 1156 1776 1194 non

193 1232 447 1287 sineeros
470 1233 732 1297 dicimus,
765 1240 869 1287 eta
901 1232 1344 1287 Christianorum
1397 1239 1545 1286 catu
1593 1246 1778 1301 segre~

193 1334 409 1389 gamus.
437 1338 456 1371 ι
500 1321 570 1375 Et
598 1330 808 1391 postea,
836 1340 853 1372 ι
876 1319 1087 1375 Clamat
1104 1308 1347 1390 Baptista
1374 1320 1562 1375 dicens
1591 1338 1604 1373 :
1652 1320 1779 1373 Post

194 1427 275 1463 nte
297 1413 446 1464 venit
475 1413 578 1477 vir,
606 1413 694 1481 qui
726 1418 850 1464 ante
881 1427 962 1464 me
992 1412 1160 1479 factus
1194 1421 1290 1474 est,
1338 1412 1463 1481 quia
1502 1412 1648 1480 prior
1696 1427 1778 1464 me

193 1509 330 1555 erat.
392 1503 463 1556 Et
510 1517 635 1556 cum
682 1516 856 1555 unam
897 1502 1230 1556 ostendisset
1279 1515 1591 1570 personam,
1628 1509 1777 1555 utra-

193 1605 301 1659 que
344 1591 560 1659 posuit,
595 1591 782 1645 divina
823 1592 1032 1646 scilicet
1059 1600 1116 1647 et
1144 1592 1380 1645 humana
1410 1608 1422 1644 :
1474 1591 1775 1645 humanum

193 1697 434 1751 namque
467 1692 573 1746 est,
607 1693 663 1739 et
687 1685 784 1747 vir,
819 1692 876 1737 et
914 1685 1053 1737 venit
1084 1701 1103 1749 ,-
1136 1683 1379 1737 divinum
1424 1698 1584 1749 vero,
1630 1685 1777 1753 prior

195 1792 275 1829 me
305 1785 432 1831 erat
460 1794 479 1832 :
513 1788 755 1833 attamen
802 1795 914 1833 non
957 1778 1124 1832 alium
1147 1779 1299 1833 novit
1337 1792 1493 1842 eum,
1525 1777 1619 1845 qui
1654 1783 1777 1846 post

191 1866 363 1931 venit,
397 1876 455 1922 et
486 1868 676 1933 alium,
703 1869 795 1939 qui
839 1876 966 1923 ante
996 1867 1175 1937 ipsum
1214 1875 1360 1932 erat;
1397 1867 1492 1921 sed
1520 1867 1774 1921 eumdem
1807 1850 1846 1905 Β

191 1958 370 2021 novit,
402 1965 537 2013 ante
564 1961 760 2013 sacula
784 1960 1007 2029 quidem
1038 1968 1099 2013 ut
1121 1960 1295 2013 Deum
1321 1974 1336 2024 ;
1371 1958 1650 2013 hominem
1677 1974 1773 2013 ve-

191 2060 254 2100 ro
288 2055 415 2115 post
442 2047 624 2115 ipsum
650 2049 850 2103 factum
881 2063 949 2103 ex
971 2048 1214 2118 Virgine.
1240 2066 1259 2100 ι

257 2186 336 2241 De
367 2203 481 2242 una
524 2185 726 2242 Christi
760 2205 995 2258 persona
1029 2190 1372 2245 luculentum
1408 2198 1491 2244 est
1526 2189 1773 2243 testimo-

189 2278 341 2331 nium
399 2278 831 2347 interrogatione
872 2281 939 2353 l9
998 2281 1055 2336 in
1104 2281 1374 2337 Genesin:
1415 2300 1434 2331 ι
1470 2280 1615 2334 Deus
1645 2320 1659 2343 ,
1692 2279 1773 2333 in-

188 2370 530 2439 quit",qui
590 2372 880 2440 pranoscit
926 2372 1130 2437 omnia,
1162 2388 1283 2440 qua
1339 2371 1581 2426 nondum
1631 2369 1769 2424 facta

188 2472 340 2527 sunt,
379 2471 643 2531 tauquam
663 2465 773 2533 jam
800 2463 972 2529 facta;
1014 2462 1107 2533 qui
1138 2461 1769 2533 pravidebatUnigeniti

182 2553 633 2608 incarnationem
657 2561 712 2608 et
742 2554 1271 2617 inbumanationem,
1287 2553 1543 2623 quodque
1563 2568 1629 2606 ex
1647 2551 1770 2605 Vir-

186 2646 313 2714 gine
336 2645 594 2699 eamdem
619 2652 870 2700 naturam
910 2654 1230 2716 sumpturus
1261 2656 1426 2705 esset,
1460 2659 1623 2714 quam
1664 2642 1769 2697 sibi

189 2744 497 2805 coaptarct,
528 2746 583 2789 et
610 2737 813 2801 uniret,
841 2738 920 2791 sic
950 2744 1011 2791 ut
1039 2753 1144 2791 una
1176 2752 1409 2807 persona
1438 2736 1535 2791 Dei
1572 2744 1626 2790 et
1672 2735 1770 2789 ho-

188 2825 357 2880 minis
384 2826 745 2896 intelligatur,
778 2836 834 2882 et
866 2844 974 2882 una
995 2827 1295 2897 eademque
1334 2827 1412 2881 illi
1431 2825 1677 2881 adoratio
1702 2826 1771 2881 ab

190 2918 453 2971 universa
486 2926 739 2971 creatura
764 2917 1065 2983 deferatur,
1102 2927 1211 2972 etc.
1250 2937 1267 2968 ι

254 3047 739 3114 Quemadmodum
767 3048 1009 3103 Flaviani
1044 3049 1300 3120 martyris
1328 3048 1464 3105 ﬁdes
1486 3049 1555 3104 ab
1578 3049 1771 3105 Orien-

188 3138 387 3191 talium
422 3137 770 3192 confessione
801 3152 908 3191 non
943 3136 1147 3201 differt,
1175 3137 1276 3195 nisi
1301 3136 1448 3206 quod
1482 3137 1644 3206 paulo
1676 3153 1770 3192 cx-

187 3228 440 3296 pressior
482 3227 540 3280 in
588 3242 652 3281 ea
687 3227 745 3280 ﬁt
788 3228 993 3282 mentio
1018 3228 1254 3282 duarum
1295 3236 1612 3282 naturarum
1647 3235 1770 3297 post

190 3318 528 3378 unitionem,
566 3315 831 3372 adversus
858 3317 1161 3387 Eutychen,
1194 3325 1250 3372 et
1288 3318 1455 3372 unius
1501 3332 1766 3387 persona,

188 3416 384 3462 contra
424 3406 779 3471 Nestorium;
809 3408 883 3461 ita
934 3423 1055 3477 qua
1088 3408 1233 3463 dicta
1270 3418 1398 3463 sunt
1434 3408 1501 3461 de
1539 3423 1771 3463 consen-

187 3498 343 3551 sione
369 3496 707 3550 Theodoreti
740 3512 865 3550 cum
891 3495 1285 3563 Orientalibus,
1316 3498 1545 3567 perinde
1583 3497 1770 3553 valent

187 3588 252 3641 ad
292 3588 788 3642 demonstrandam
832 3604 957 3642 cum
996 3588 1255 3643 Flaviano
1304 3590 1764 3644 convenientiam.

186 3679 304 3734 Jam
335 3695 475 3733 vero
520 3678 842 3749 dogmatica
876 3678 931 3733 S.
961 3679 1162 3735 Leonis
1203 3681 1447 3749 epistola
1473 3681 1770 3735 conformi-

187 3779 271 3824 tcr
300 3787 361 3824 se
399 3769 608 3823 sentire
646 3770 852 3838 scripto
887 3772 1164 3839 verboque
1197 3772 1579 3827 Theodoretus
1617 3781 1769 3842 pate-

185 3862 337 3916 fecit.
375 3861 516 3915 Nam
549 3862 603 3914 in
633 3860 832 3915 litteris
855 3861 921 3915 ad
964 3862 1020 3916 S.
1046 3862 1281 3918 Leonem
1325 3882 1339 3917 :
1388 3883 1405 3915 ι
1449 3864 1765 3929 Incidimus,

187 3954 370 4024 inquit
400 3953 469 4017 ³⁵,
508 3952 563 4005 in
628 3951 736 4016 illa,
772 3968 893 4022 qua
915 3952 982 4007 de
1009 3954 1102 4008 Dei
1151 3953 1553 4025 Salvatorisque
1594 3955 1767 4011 nostri

185 4043 575 4099 incarnatione
600 4041 873 4097 Sanctitas
916 4054 1096 4098 vestra
1138 4046 1391 4115 scripsit,
1420 4056 1475 4100 et
1515 4046 1765 4101 admirati

183 4152 381 4190 sumus
422 4143 673 4189 exactam
724 4135 906 4203 operis
948 4136 1326 4203 diligentiam:
1361 4147 1589 4207 utraque
1619 4140 1765 4192 enim

186 4225 239 4278 in
271 4225 475 4279 eodem
524 4224 858 4288 declarabat,
888 4232 1147 4279 aternam
1193 4227 1403 4282 scilicet
1454 4244 1519 4282 ex
1559 4238 1767 4285 aterno

182 4316 345 4372 Patre
381 4314 658 4385 Unigeniti
691 4315 1054 4383 divinitatem,
1087 4325 1141 4371 et
1166 4318 1411 4388 ejusdem
1437 4336 1503 4374 ex
1535 4321 1768 4377 Abraba

182 4419 238 4465 et
276 4408 510 4463 Davidis
560 4407 769 4462 semine
808 4407 1229 4474 humanitatem,
1276 4426 1340 4465 ac
1398 4411 1635 4466 similem
1669 4428 1769 4483 per

184 4497 376 4553 omnia
402 4494 569 4550 nobis
608 4494 777 4550 fuisse
816 4504 1150 4565 assumptam
1198 4506 1473 4563 naturam,
1513 4500 1617 4555 hoc
1654 4517 1765 4555 uno

185 4587 541 4651 dissimilem,
571 4586 716 4655 quod
741 4585 949 4655 peccati
988 4602 1186 4656 expers
1230 4588 1521 4655 manserit,
1561 4590 1764 4660 quippe

183 4679 331 4748 quod
360 4692 475 4731 non
503 4692 570 4730 ex
591 4685 808 4739 natura,
836 4676 931 4731 sed
954 4692 1021 4731 ex
1058 4678 1233 4732 libera
1262 4680 1543 4733 voluntate
1574 4680 1758 4734 nasci-

185 4777 291 4823 tur.
310 4768 482 4840 467
503 4767 570 4821 Ει
585 4767 687 4821 hoc
707 4774 965 4835 praterea
984 4769 1179 4823 littera
1195 4770 1571 4836 continebant,
1592 4787 1763 4825 unum

182 4873 304 4913 esse
340 4859 692 4928 unigenitum
715 4857 812 4912 Dei
832 4857 1053 4923 Filium,
1080 4860 1509 4929 etimpatibilem
1538 4864 1655 4931 ejus
1677 4862 1765 4917 di-

182 4951 503 5013 vinitatem,
543 4964 665 5018 qua
696 4963 800 5003 nec
828 4949 967 5002 verti
997 4960 1182 5019 queat,
1210 4966 1311 5005 nec
1356 4952 1579 5017 mutari,
1620 4953 1764 5007 sicut

184 5050 241 5097 et
284 5040 387 5111 qui
427 5041 609 5109 ipsum
656 5039 845 5110 genuit
892 5040 1054 5095 Pater
1102 5050 1158 5095 et
1204 5041 1443 5111 Spiritus
1500 5055 1761 5112 sanctus;

186 5132 431 5200 ideoque
455 5127 742 5198 patibilem
783 5136 1034 5183 naturam
1080 5131 1399 5200 sumpsisse,
1420 5133 1548 5202 quia
1580 5132 1765 5189 divina

184 5233 383 5280 natura
397 5219 713 5291 passionem
730 5234 841 5274 non
856 5218 1127 5290 capiebat,
1143 5228 1203 5275 ut
1228 5237 1324 5291 per
1338 5224 1516 5279 carnis
1530 5225 1765 5295 prepria

185 5312 506 5381 passionem
537 5309 1035 5379 impassibilitatem
1066 5311 1135 5366 iis
1159 5312 1254 5380 qui
1276 5312 1331 5367 in
1365 5312 1543 5382 ipsum
1566 5314 1762 5370 crede-

187 5407 332 5463 rent,
369 5398 705 5469 largiretur;
742 5412 845 5453 nos
880 5414 1011 5455 vero
1056 5400 1394 5469 spiritualem
1444 5404 1763 5474 sapientiam

1796 3174 1838 3232 C

1880 611 1978 652 vos
2001 596 2183 650 locuta
2206 602 2310 657 est,
2342 594 2599 650 laudibus
2626 593 2940 649 extulimus.
2973 613 2993 646 ι

1950 689 2137 758 Neque
2166 686 2408 742 laudavit
2438 696 2667 749 tantum,
2695 684 2791 739 sed
2817 700 2885 740 ex
2905 699 2969 737 ea
3008 684 3237 739 formam
3280 684 3420 757 ﬁdei,

1880 794 2043 848 quam
2070 779 2276 831 llenato
2302 776 2557 829 Ecclesia
2586 775 2841 829 Romana
2878 773 3200 842 presbytero
3225 772 3443 836 direxit,

1880 860 2183 923 confecisse
2215 865 2435 919 videtur
2476 864 2554 917 ’⁵ος
2596 884 2613 914 ι
2636 866 2740 919 Per
2764 864 3063 933 apostolica
3104 863 3330 931 vestigia
3357 863 3443 916 in-

1880 960 2042 1022 cessi,
2078 973 2246 1012 unum
2278 956 2626 1027 pradicando
2680 956 2899 1020 Filium,
2954 956 3099 1009 sicut
3152 968 3321 1006 unum
3348 953 3446 1006 Pa-

1856 1057 2021 1102 .trem
2059 1057 2114 1103 et
2145 1063 2313 1102 unum
2365 1046 2628 1117 Spiritum
2659 1056 2927 1109 sanctum,
2963 1060 3126 1098 unam
3162 1044 3446 1098 Trinitatis

1882 1140 2248 1201 divinitatem,
2280 1154 2447 1192 unum
2478 1152 2726 1207 regnum,
2755 1152 2916 1190 unam
2942 1139 3262 1205 potentiam,
3282 1144 3445 1190 ater-

1880 1231 2130 1291 nitatem,
2159 1230 2676 1293 iiumutabilitatem,
2718 1228 3233 1296 impassibilitatem,
3275 1242 3440 1280 unam

1879 1324 2238 1385 voluntatem,
2283 1322 2578 1390 perfectam
2609 1322 2825 1375 Domini
2858 1321 3032 1373 nostri
3064 1320 3194 1374 Jesu
3237 1319 3443 1374 Christi

1880 1417 2244 1477 divinitatem,
2270 1412 2567 1483 perfectam
2596 1412 3018 1475 humanitatem,
3072 1426 3193 1479 qua
3222 1420 3445 1479 propter

1878 1516 2119 1559 nostram
2175 1503 2408 1556 salutem
2460 1510 2737 1570 assumpta
2793 1509 2909 1555 est.
2970 1508 3026 1554 et
3070 1509 3295 1569 propter
3344 1514 3445 1553 nos

1879 1594 2041 1646 morti
2066 1592 2285 1646 tradita.
2314 1591 2430 1644 Non
2464 1590 2629 1644 alium
2677 1589 2803 1642 novi
2826 1588 3021 1642 Filium
3077 1587 3336 1649 hominis,
3391 1594 3447 1641 et

1879 1685 2045 1740 alium
2084 1685 2281 1739 Filium
2334 1682 2461 1746 Dei;
2520 1680 2615 1736 sed
2662 1680 2940 1743 eumdem,
2991 1680 3187 1733 Filium
3218 1678 3441 1747 quidem

1881 1777 1998 1839 Dei,
2025 1785 2080 1831 ct
2117 1777 2288 1830 Deum
2316 1790 2382 1830 ex
2402 1776 2514 1828 Deo
2542 1773 2783 1843 genitum
2807 1788 2821 1836 ;
2848 1772 3047 1824 Filium
3098 1784 3227 1824 vero
3261 1769 3441 1821 homi-

1875 1868 1982 1929 nis,
2007 1877 2231 1936 propter
2254 1877 2586 1934 assumptam
2624 1879 2693 1917 ex
2717 1861 2924 1917 semine
2953 1859 3184 1914 Abraha
3226 1868 3281 1913 et
3334 1859 3443 1913 Da-

1875 1956 2017 2011 vidis
2046 1956 2187 2010 servi
2217 1956 2465 2009 formam.
2492 1973 2509 2004 ι

1945 2048 2057 2102 lmo
2084 2047 2331 2101 eamdem
2357 2047 2506 2099 velut
2534 2054 2740 2100 certam
2765 2044 2890 2099 ﬁdei
2922 2044 3164 2112 regulam
3218 2043 3272 2097 in
3312 2055 3441 2095 cou-

1874 2140 2001 2195 cilio
2035 2138 2488 2197 Chalcedonensi,
2514 2136 2837 2205 lllyricianis
2861 2144 2916 2189 et
2954 2134 3257 2188 Palastims
3297 2146 3438 2185 non-

1874 2230 2081 2285 nullam
2102 2229 2442 2299 patientibus
2463 2227 2857 2290 difﬁcultatem,
2879 2226 3151 2295 exposuit,
3177 2223 3440 2278 adducto-

1874 2337 1981 2392 que
2044 2321 2232 2392 Cyrilli
2266 2320 2581 2375 testimonio
2623 2319 2987 2373 conﬁrmavit.
3037 2316 3436 2371 Testimonium

1872 2425 2058 2481 porro,
2089 2410 2234 2478 quod
2285 2411 2487 2474 attulit,
2530 2424 2704 2463 unum
2735 2417 2820 2462 est
2873 2421 3086 2470 eorum,
3140 2420 3259 2474 qua
3302 2406 3439 2473 jam—

1872 2500 2077 2555 dudum
2103 2501 2159 2554 in
2188 2500 2439 2556 Eranista
2472 2500 2795 2570 protulerat,
2827 2512 3057 2567 quaque
3079 2496 3163 2550 vel
3202 2497 3435 2566 subjun—

1872 2593 1950 2645 xit
1996 2594 2111 2661 ipse
2173 2592 2373 2648 Leonis
2426 2593 2700 2662 epistola,
2755 2592 2841 2646 vel
2888 2589 3266 2660 subjungenda
3318 2588 3443 2643 aliis

1871 2684 2261 2753 suppeditavit.

1941 2777 1957 2794 ‘
1982 2775 2257 2844 lnterprcs
2272 2774 2513 2829 Gallicus
2542 2773 2787 2828 historia
2808 2771 3190 2828 ecclesiastica
3218 2770 3444 2827 adducit

1871 2866 2247 2929 manifestum,
2288 2875 2349 2919 ut
2402 2867 2518 2935 ipse
2572 2867 2795 2934 quidem
2840 2875 3017 2935 putat,
3064 2865 3439 2919 testimonium

1872 2973 1970 3027 pro
2000 2956 2105 3011 ﬁde
2133 2958 2461 3011 Theodoreti
2498 2958 2564 3012 de
2596 2958 3005 3021 incarnatione;
3045 2971 3239 3024 nempe
3271 2963 3439 3024 caput

1872 3036 2368 3129 undecimumﬁbri
2386 3049 2567 3116 quarti
2587 3048 2964 3102 hareticarum
2996 3046 3323 3107 fabularum,
3342 3045 3443 3099 ubi

1873 3137 2253 3193 Theodoretds
2269 3137 2579 3191 Nestorium
2594 3152 2702 3190 non
2723 3144 2933 3190 tantum
2952 3134 3156 3189 diaboli
3175 3149 3436 3203 organum

1874 3240 2052 3295 vocat,
2085 3238 2249 3298 atque
2274 3228 2341 3282 ab
2367 3228 2659 3297 Ephesinis
2688 3226 2966 3291 Patribus,
3015 3225 3279 3279 instinctu
3312 3224 3433 3295 Spi-

1878 3326 2019 3379 ritus
2043 3322 2237 3387 sancti,
2265 3322 2461 3377 merito
2492 3321 2829 3384 damnatum,
2878 3334 3090 3373 necnon
3117 3334 3146 3371 a
3199 3319 3308 3371 Deo
3336 3333 3436 3386 pro

1877 3415 2155 3484 impietate
2203 3413 2455 3483 punitum
2506 3419 2714 3475 narrat,
2766 3410 2861 3464 sed
2912 3410 3077 3464 etiam
3128 3409 3439 3462 vehementi

1875 3506 2125 3561 oratione
2157 3504 2392 3559 refellit:
2419 3502 2565 3572 quod
2591 3510 2757 3571 caput
2784 3500 2877 3554 ubi
2910 3500 3181 3569 integrum
3222 3497 3336 3551 fere
3357 3498 3442 3550 in-

1876 3606 2087 3666 terpres
2119 3597 2364 3665 protulit,
2398 3609 2578 3663 opera
2616 3594 2853 3662 pretium
2887 3592 3107 3660 negavit
3148 3605 3269 3644 esse
3303 3587 3434 3641 iilud

1874 3687 2265 3743 commentario
2294 3687 2594 3751 illustrare,
2630 3700 2755 3739 cum
2778 3682 2988 3747 lectori,
3024 3682 3189 3735 etiam
3234 3680 3433 3733 medio.

1874 3781 2038 3835 criter
2067 3786 2294 3842 attento,
2328 3775 2672 3846 persuadeat,
2718 3773 2916 3842 capitis
2966 3772 3192 3843 hujusce
3247 3778 3443 3823 aucto-

1874 3885 1986 3925 rem
2014 3868 2240 3922 sincera
2260 3882 2379 3921 esse
2431 3866 2557 3920 ﬁdei
2588 3873 2642 3919 et
2669 3864 2865 3919 eximie
2896 3863 3224 3917 catholicum
3245 3860 3309 3914 ιι.

1940 3959 2143 4014 Verum
2184 3958 2437 4026 excipere
2503 3962 2687 4026 posset
2751 3953 3019 4023 quispiam
3070 3952 3137 4006 de
3194 3960 3439 4020 tempore

1872 4050 2094 4113 horum,
2125 4066 2245 4119 qua
2266 4064 2366 4118 pro
2397 4047 2750 4101 Theodoreto
2783 4045 3018 4099 adducta
3046 4052 3194 4107 sunt,
3238 4058 3435 4096 causa-

1874 4149 1961 4194 tus
1992 4141 2194 4209 scripta
2222 4154 2341 4193 esse
2383 4146 2439 4192 et
2484 4137 2553 4190 ab
2593 4135 2813 4189 homine
2844 4135 3031 4188 attrito
3067 4133 3245 4197 malis,
3275 4140 3331 4185 et
3380 4131 3437 4185 in

1872 4230 2135 4300 patientia
2187 4229 2559 4285 calamitatum
2604 4227 2830 4284 invitam
2891 4225 3289 4280 confessionem
3338 4239 3433 4278 ex~

1874 4331 2185 4391 torquente.
2246 4320 2408 4375 Dedit
2454 4321 2601 4375 enim
2664 4320 2895 4383 litteras,
2956 4317 3102 4372 unde
3176 4322 3436 4384 excerpta

1874 4424 1998 4469 sunt
2030 4411 2344 4467 testimonia
2389 4418 2514 4480 post
2567 4427 2771 4465 annum
2797 4410 2898 4463 447
2941 4407 3009 4473 δ’,
3041 4422 3149 4477 quo
3193 4416 3434 4475 tempore

1804 4526 1843 4578 ι’)
1874 4505 2195 4573 resipiscere
2215 4501 2543 4572 incipiebat:
2576 4500 2846 4570 siquidem
2871 4499 2938 4552 ad
2965 4498 3282 4552 Dioscorum
3303 4494 3435 4549 scri—

1869 4594 1998 4664 psit,
2064 4602 2352 4663 postquam
2414 4592 2469 4645 in
2524 4605 2646 4656 suo,
2700 4605 2864 4660 quem
2910 4598 3090 4652 vocat,
3132 4588 3435 4641 domestico

1869 4700 2086 4739 carcere
2132 4692 2245 4738 tres
2294 4698 2467 4737 annos
2507 4682 2764 4736 detentus
2809 4688 2976 4743 esset,
3027 4687 3082 4733 et
3110 4678 3175 4732 de
3206 4677 3309 4731 ﬁde
3365 4675 3434 4730 ab

1871 4773 2123 4829 Armenis
2170 4772 2453 4826 monachis
2496 4771 2837 4841 postulatus,
2882 4768 3048 4839 468
3096 4765 3435 4821 Alexandria

1874 4864 2193 4920 solemniter
2215 4863 2269 4916 in
2299 4861 2535 4916 ecclesia
2556 4861 2694 4915 diris
2720 4861 2948 4915 devotus
2969 4858 3180 4911 fuisset.
3207 4856 3440 4925 Scripsit

1873 4955 2048 5010 serius
2079 4954 2241 5009 etiam
2270 4954 2336 5008 ad
2363 4962 2607 5008 sanetum
2648 4952 2907 5015 Leonem,
2932 4964 3128 5018 nempe
3151 4957 3435 5017 postquam

1872 5046 2079 5115 Ephesi
2108 5045 2391 5115 depositus
2420 5053 2520 5107 est,
2547 5058 2696 5097 anno
2716 5043 2820 5097 M9
2849 5041 2915 5094 "'.
2963 5039 3281 5110 Composuit
3305 5053 3436 5093 vero

1872 5136 2044 5191 libros
2074 5136 2451 5191 hareticarum
2500 5134 2811 5188 fabularum
2840 5132 3019 5187 adhuc
3055 5130 3285 5195 tardius,
3334 5146 3436 5185 an-

1872 5242 1944 5282 no
1974 5227 2078 5283 452
2100 5228 2166 5281 “.
2189 5227 2367 5293 Quare
2392 5240 2533 5295 opus
2562 5234 2649 5279 est
2673 5222 2985 5288 ostendere,
3033 5237 3197 5292 quam
3230 5222 3436 5291 priori-

1873 5318 1976 5374 bus
2001 5318 2341 5388 temporibus
2366 5316 2694 5372 sententiam
2733 5314 2803 5369 de
2843 5329 2923 5377 re,
2976 5328 3082 5382 qua
3127 5312 3194 5367 de
3230 5312 3432 5381 agitur,

1873 5416 2065 5479 sponte
2087 5424 2181 5465 sua
2213 5406 2431 5463 dixerit.

1530 5556 1841 5616 SCHULZH
1872 5559 2096 5620 ΝΟΤᾹΞ.

260 5648 306 5679 ⁸³
336 5645 529 5732 Vid.t.
564 5644 810 5732 Lp.
890 5649 932 5680 "
957 5647 1090 5732 Vid.‘
1120 5650 1302 5732 θρίειι.⁸
1338 5651 1454 5717 illi,
1487 5655 1653 5732 t:_lV,
1687 5672 1754 5732 _p.

1847 5659 2108 5732 l8_8_seq.r
2144 5657 2295 5732 _‘°_V.
2332 5656 2491 5732 epist.
2539 5655 2655 5720 llG,
2692 5665 2727 5709 ι.
2757 5655 2915 5732 _V_,}i.
2954 5652 3108 5732 l_i9_8.

1186 5721 1430 5797 Oltsinus.
1488 5723 1607 5779 Vid.
1672 5721 1854 5790 A'rt.v.
1892 5730 1993 5797 $9.
2050 5721 2113 5761 ’θ’
2140 5727 2244 5783 Sed
2309 5721 2431 5782 vide
2460 5743 2643 5797 supra,
2672 5742 2723 5795 p.
2757 5721 2877 5790 530,
2910 5723 3081 5779 schol.
3114 5721 3163 5777 Ι.

733 5732 780 5771 IS
827 5732 957 5772 usus
1014 5729 1099 5773 εει
1141 5729 1373 5774 υοιιείηυ

731 5786 772 5817 ιι
800 5786 919 5842 Vid.
946 5802 998 5858 p.
1036 5787 1140 5842 eoo
1174 5796 1224 5841 ρι
1249 5790 1373 5845 ρει.

579 5717 780 5772 mentis
827 5732 957 5772 usus

189 5731 413 5786 quoque
438 5730 502 5769 ar

540 5784 610 5841 ιο

191 5800 383 5856 supra,
418 5800 473 5855 p.

3191 5651 3233 5684 “
3302 5651 3435 5713 Aijis

3246 5721 3289 5753 "
3315 5722 3430 5774 \‘id.
