4224 6442
754 381 858 447 415

1885 382 2264 445 GARNERII
2304 379 2809 442 DISSERTATIO
2848 381 2941 442 ΙΙΙ

3924 380 4031 446 {16

826 498 986 553 Anno
1032 497 1171 563 £30,
1223 498 1280 552 in
1338 496 1569 568 epistola
1626 496 1853 553 Joannis
1895 495 1962 551 ad
1998 496 2336 561 Nestorium,
2368 500 2415 557 Α
2514 493 2597 549 Ad
2630 493 2748 549 haec
2778 491 3048 550 accedant
3070 491 3449 550 eﬁicacissima
3497 493 3815 551 testimonia
3854 497 4033 550 sancti

752 602 920 658 quam
943 588 1296 657 conscripsit,
1330 595 1425 642 aut
1449 587 1643 643 saltem
1667 587 2029 642 consensione
2062 586 2336 657 probavit,

754 688 1043 750 postquam
1069 678 1138 732 de
1160 694 1293 734 voce
1316 679 1561 746 Deiparw
1585 678 1794 734 dictum
1859 690 1963 744 est,
2009 680 2259 751 pergitur
2282 680 2340 734 in

757 769 871 823 hinc
900 768 1069 823 verba
1104 770 1182 823 ⁸⁸ε
1216 788 1234 820 ‹
1260 769 1315 823 Si
1348 768 1425 835 id,
1472 768 1621 839 quod
1657 771 1899 827 nominis
1939 771 2340 842 signiﬁcatione

756 861 1006 927 olfertur,
1038 877 1148 915 non
1174 863 1492 933 recipimus,
1524 872 1695 919 restat
1759 874 1818 919 ut
1843 866 1899 919 in
1948 864 2339 936 gravissimum

756 968 999 1007 errorem
1028 954 1418 1022 prolabamur;
1458 956 1570 1010 imo
1598 972 1728 1011 vero
1780 966 1841 1011 ut
1892 957 2339 1026 inexplicabilem

758 1044 904 1096 illam
926 1045 1192 1113 unigeniti
1226 1045 1345 1099 Filii
1391 1047 1488 1100 Dei
1550 1047 1912 1101 meonomiam
1969 1047 2337 1116 abnegcmus:

754 1133 1223 1203 quandoquidem,
1256 1137 1358 1190 hoc
1389 1138 1613 1191 nomine
1656 1138 1894 1202 sublato,
1924 1139 2010 1193 vel
2046 1138 2212 1209 hujus
2245 1154 2344 1208 po-

758 1226 867 1280 tius
896 1229 1135 1283 nominis
1191 1231 1419 1285 notione
1452 1231 1760 1301 repudiata,
1827 1233 2078 1302 sequitur
2117 1248 2243 1287 mox
2276 1234 2341 1287 il-

756 1318 869 1373 ium
905 1335 1014 1372 non
1049 1336 1169 1374 esse
1200 1321 1399 1385 Deum,
1423 1324 1516 1393 qui
1550 1324 1933 1379 admirabilem
1976 1326 2341 1394 dispensatio-

755 1426 881 1463 nem
928 1412 1121 1467 salutis
1190 1425 1389 1469 nostra:
1443 1432 1608 1470 causa
1653 1417 1898 1486 suscepit
1944 1435 1956 1469 :
2021 1424 2137 1469 tum
2169 1417 2341 1471 Deum

762 1500 1005 1555 Verbum
1054 1518 1234 1572 neque
1296 1519 1355 1557 se
1404 1506 1799 1570 cxinanivisse,
1858 1522 2039 1576 neque
2091 1508 2147 1561 in
2197 1509 2341 1564 servi

756 1591 989 1646 formam
1028 1608 1085 1647 se
1115 1593 1437 1659 demittens,
1476 1596 1809 1652 ineﬁ‘abilem
1853 1600 2147 1668 quamdam
2187 1600 2344 1654 beni-

757 1684 992 1752 gnitatis
1023 1686 1462 1755 magnitudinem
1490 1689 1731 1742 humano
1745 1690 1929 1759 generi
1954 1691 2270 1746 exhibuisse
2290 1709 2335 1757 ς»

755 1783 864 1828 etc.
897 1775 1051 1829 Hanc
1071 1792 1235 1846 porro
1264 1778 1576 1847 epistolam,
1616 1788 1674 1833 ut
1702 1780 1837 1844 dixi,
1868 1782 1953 1835 vel
1985 1783 2205 1852 scripsit
2229 1784 2341 1853 ipse

758 1864 1159 1933 Theodoretus,
1195 1869 1343 1937 quod
1369 1870 1695 1927 credibilius
1731 1872 1809 1925 “z
1842 1874 1928 1927 vel
1982 1874 2175 1928 saltem
2207 1890 2341 1931 con-

755 1955 883 2008 silio
916 1958 1253 2014 scribentem
1283 1961 1447 2031 juvit,
1480 1962 1628 2031 quod
1680 1978 1844 2019 nemo
1882 1966 2166 2039 negaverit
2216 1983 2341 2023 cum

756 2046 812 2101 id
848 2048 966 2117 ipsa
996 2050 1229 2118 epistola
1267 2059 1521 2106 testetur.

825 2140 986 2193 Anno
1017 2142 1141 2207 451,
1176 2152 1423 2197 sanctam
1459 2143 1742 2214 Virginem
1786 2145 2073 2202 confessus
2110 2156 2194 2202 est
2233 2148 2339 2204 dici

758 2231 960 2284 merito
1000 2232 1329 2303 Deiparam:
1366 2250 1494 2289 nam
1526 2236 1571 2266 ⁸⁷
1605 2236 1658 2289 iu
1697 2239 2129 2307 reprehensione
2178 2240 2341 2310 primi

755 2323 983 2391 capituli
1007 2322 1316 2395 Cyrilliani,
1359 2341 1485 2381 cum
1521 2326 1755 2383 dixisset
1786 2328 2027 2385 Verbum
2064 2331 2171 2386 sibi
2202 2341 2341 2387 tem—

756 2412 906 2481 plum
954 2414 1217 2471 formasse
1285 2417 1341 2471 in
1402 2427 1561 2473 utero
1608 2419 1869 2489 Virginis,
1924 2422 2086 2492 eique
2137 2424 2342 2493 templo

755 2503 1072 2569 adlimsisse,
1104 2509 1383 2563 concludit
1411 2528 1422 2563 :
1462 2509 1582 2575 Qua
1614 2510 1678 2564 de
1698 2528 1860 2566 causa
1889 2515 2050 2568 etiam
2079 2513 2342 2584 Virginem

758 2592 1021 2648 Θεοτῦκον
1052 2613 1299 2651 vocemus
1341 2596 1407 2661 ⁸⁸,
1441 2608 1549 2653 etc.

828 2685 987 2740 Auno
1032 2688 1156 2752 455,
1205 2698 1394 2759 aperte
1458 2690 1757 2746 conﬁtetur
1818 2692 2099 2747 Christum
2159 2694 2345 2749 Domi—

757 2790 892 2829 num
923 2792 1047 2833 esse
1090 2780 1253 2834 simul
1290 2782 1462 2835 Deum
1484 2790 1540 2835 et
1562 2782 1865 2839 hominem.
1910 2783 1971 2839 In
2008 2796 2346 2841 commenta-

758 2867 858 2921 riis
892 2869 1148 2939 Epistolre
1187 2872 1255 2927 ad
1284 2874 1564 2928 Romanos
1627 2890 1804 2944 cap.v
1842 2876 1907 2929 δ’.
1964 2878 2171 2931 Iterum
2222 2893 2345 2947 ergo

756 2958 955 3015 Filium
978 2974 1127 3019 vocat
1159 2964 1429 3021 Christum
1461 2964 1770 3032 Dominum,
1816 2968 1909 3038 qui
1947 2969 2176 3022 estidem
2204 2968 2343 3024 Deus

758 3065 810 3109 et
851 3060 1027 3112 homo.

832 3150 1039 3205 Eodem
1089 3148 1202 3204 fere
1260 3150 1305 3182 °°
1350 3158 1599 3220 tempore
1644 3150 1782 3205 duas
1813 3152 1979 3207 Verbi
2024 3152 2345 3209 nativxtates
2373 3187 2418 3250 ϐ

756 3242 947 3296 docuit
969 3242 1024 3295 in
1054 3242 1399 3311 expositione
1446 3242 1647 3296 Psalmi
1679 3258 1798 3297 val
1828 3243 1895 3297 ".
1952 3263 1970 3296 ι
1998 3245 2346 3301 Erubescant

758 3334 1002 3393 limretici
1076 3334 1244 3403 impie
1301 3342 1548 3403 agentes,
1606 3344 1662 3389 et
1727 3334 1955 3390 minime
2016 3336 2344 3393 conﬁtentes

757 3425 938 3496 ipsum
992 3424 1165 3479 Deum
1216 3440 1285 3479 ex
1343 3426 1456 3479 Deo
1512 3425 1856 3495 unigenitum
1918 3426 2100 3480 Patris
2143 3426 2343 3481 Filium

756 3526 883 3572 ante
915 3517 1132 3581 saecula,
1171 3516 1265 3585 qui
1308 3516 1631 3571 novissimis
1684 3516 1885 3572 diebus
1942 3515 2058 3587 ipse
2100 3517 2345 3574 hominis

756 3609 932 3663 Filius
992 3609 1171 3663 factus
1219 3617 1305 3664 est
1358 3610 1798 3675 immutabiiitcr,
1858 3619 1921 3664 ut
1970 3610 2228 3679 dicimus,
2274 3613 2345 3669 ob

756 3701 1047 3756 hominum
1082 3702 1340 3755 salutem.
1383 3720 1401 3752 ι

835 3793 910 3847 De
939 3809 1045 3847 una
1070 3794 1396 3847 nominatim
1433 3809 1667 3864 persona
1693 3793 1899 3851 Christi
1945 3797 2132 3851 nescio
2155 3811 2224 3851 an
2253 3811 2344 3851 re-

755 3884 927 3953 periri
951 3893 1117 3954 queat
1142 3884 1290 3939 ullus
1334 3884 1489 3940 locus
1535 3885 1590 3939 in
1621 3885 1780 3940 libris
1828 3892 1955 3940 ante
2004 3901 2207 3940 annum
2240 3885 2346 3941 445

754 3976 1079 4046 Compositis
1128 3977 1174 4008 ⁸¹
1217 4017 1231 4043 ,
1287 3992 1399 4046 quo
1460 3984 1709 4046 tempore
1762 3976 2146 4031 Theodoretus
2200 3976 2345 4047 Cyro

749 4068 1050 4122 conclusus
1073 4068 1343 4123 Eranistze
1377 4068 1622 4139 dialogos
1644 4070 1998 4139 conscripsit.
2043 4070 2346 4140 Reperitur

752 4168 937 4213 autem
955 4174 1211 4228 expressa
1236 4160 1443 4214 mentio
1461 4160 1677 4232 dialogo
1700 4161 1755 4226 5,
1790 4162 1882 4216 ubi
1918 4162 2100 4233 agitur
2114 4160 2182 4216 de
2202 4161 2348 4217 Isaa-

754 4265 822 4303 co
845 4258 902 4303 et
935 4250 1107 4304 ariete
1151 4260 1198 4313 ο,
1223 4251 1317 4319 qui
1347 4250 1575 4321 ﬁguram
1619 4250 1815 4306 mortis
1837 4260 1891 4306 et
1924 4250 2348 4306 resurrectionis

764 4340 973 4396 Christi
1000 4341 1339 4396 exhibebant
1365 4360 1377 4395 :
1406 4342 1454 4373 ⁸³
1487 4361 1504 4394 i
1526 4342 1861 4415 Isaacm
1887 4353 1943 4399 et
1990 4345 2160 4407 aries,
2197 4344 2347 4415 quod

754 4431 827 4485 ad
850 4441 1179 4487 naturarum
1227 4433 1453 4503 quidem
1507 4433 1876 4490 diﬁerentiam
1936 4436 2154 4503 attinet,
2212 4453 2349 4493 con-

2443 588 2648 644 Leonis
2688 587 2890 643 summi
2920 585 3223 658 pontiﬁcis,
3250 585 3515 643 Marciani
3565 587 3930 658 imperatoris
3976 596 4037 642 et

2444 681 2751 737 Pulcheria:
2795 680 3077 752 Augustae,
3120 686 3334 751 quarta
3390 680 3585 752 synodi
3637 680 4031 745 mcumenicaa,

2444 771 2662 827 Maximi
2701 770 3034 826 Antiocheni
3063 770 3355 837 antistitis,
3390 769 3636 825 Facundi
3658 768 4035 823 Hermianen—

2445 865 2524 920 sis
2545 864 2815 935 episcopi,
2858 864 3042 919 Photii
3070 862 3680 934 Constantinopolitani
3724 863 3991 932 praesulis
4020 903 4031 925 ,

2442 956 2670 1012 Joannis
2696 957 2978 1011 Euchaitte
2999 954 3361 1010 eruditissimi
3380 953 3684 1024 scriptoris.

2517 1049 2751 1104 Sanctus
2788 1048 2985 1102 Leode
3035 1047 3387 1102 Thcodorcto
3412 1062 3479 1101 ex
3533 1045 3695 1101 libris
3754 1043 4034 1115 judicium

2444 1142 2715 1206 exercuit,
2737 1140 3159 1212 judicatumque
3208 1155 3321 1193 suae
3364 1136 3797 1201 communionis,
3831 1133 4034 1203 utique

2444 1233 2750 1297 catholicae,
2806 1232 3155 1302 participem,
3186 1230 3411 1297 eﬁ‘ecit;
3457 1230 3589 1295 imo,
3640 1228 3783 1284 datis
3826 1226 4035 1282 litteris

2444 1323 2823 1393 amplissimis,
2857 1332 3087 1392 propter
3128 1322 3293 1377 ﬁdem
3342 1321 3614 1386 laudavit,
3658 1328 3823 1389 atque
3861 1319 4032 1373 etiam

2445 1415 2517 1469 ob
2548 1430 2701 1469 suam
2736 1414 3047 1484 epistolam,
3075 1428 3197 1482 qua:
3233 1421 3385 1467 certa
3425 1412 3552 1467 ﬁdei
3596 1411 3805 1481 regula,
3838 1409 4035 1465 defen-

2448 1521 2584 1570 sam,
2621 1506 2823 1576 gratias
2880 1505 3011 1575 egit,
3059 1505 3250 1573 reique
3299 1503 3585 1559 catholicze
3636 1500 4033 1573 promovenda:

2447 1594 2703 1649 mandata
2727 1603 2986 1664 tanquam
3019 1594 3279 1664 episcopo
3310 1593 3585 1648 catholico
3608 1592 3780 1647 dedit.

2518 1684 2822 1754 Imperator
2871 1684 3213 1748 Marcianus,
3278 1682 3547 1738 suadente
3601 1681 3846 1751 Augusta
3898 1679 4034 1734 Pul-

2447 1773 2654 1839 cheria,
2679 1773 2907 1829 rescidit
2956 1772 3136 1829 edicta
3176 1773 3476 1828 Theodosii
3529 1772 3799 1828 adversus
3844 1770 4034 1825 Thec-

2448 1866 2724 1931 doretum,
2757 1874 2814 1920 et
2848 1866 2916 1920 iis
2956 1865 3149 1920 verbis
3176 1865 3422 1929 rescidit,
3466 1880 3591 1935 qua:
3621 1880 3823 1935 purum
3858 1865 4034 1919 haire-

2447 1956 2543 2022 sis,
2574 1958 2739 2012 etiam
2763 1957 3042 2028 prioribus
3062 1957 3428 2027 temporibus,
3458 1956 3628 2012 fuisse
3645 1956 4030 2012 ostenderent.

2453 2050 2727 2105 (Cessent
2785 2051 2841 2104 in
2882 2059 3058 2105 totum
3116 2066 3201 2115 ea,
3251 2066 3488 2120 quorum
3525 2051 3745 2105 initium
3784 2050 3891 2105 fuit
3922 2051 4032 2106 iui-

2444 2158 2651 2212 quum;
2693 2151 2749 2195 et
2771 2142 2971 2211 injusta
3007 2144 3284 2197 sententia
3315 2143 3454 2196 nihil
3482 2143 3823 2212 obsitneque
3854 2142 4034 2198 Euse-

2445 2236 2559 2298 bio,
2604 2250 2781 2304 neque
2810 2234 3186 2299 Theodoreto,
3239 2235 3512 2305 religiosis
3566 2235 3865 2306 episcopis,
3896 2251 4037 2309 quo-

2444 2327 2591 2380 niam
2620 2342 2729 2381 non
2757 2334 2991 2395 possunt
3039 2328 3357 2382 sacerdotes
3396 2328 3412 2348 ‘
3450 2327 3850 2382 constitutione
3873 2327 4034 2383 dam-

2444 2418 2590 2483 nari,
2651 2433 2792 2488 quos
2835 2416 3159 2489 synodicum
3203 2426 3365 2475 ornat
3413 2419 3483 2476 de
3519 2431 3845 2477 conservata
3900 2424 4034 2478 reli-

2449 2510 2611 2580 gione
2640 2508 2947 2564 decretum.
2973 2528 2992 2561 ι

2516 2600 2769 2671 Synodus
2802 2599 3267 2657 Chalcedonensis
3293 2602 3568 2673 judicium
3602 2605 3751 2661 sedis
3801 2616 4032 2678 aposto-

2445 2692 2563 2747 lica:
2597 2700 2787 2746 secuta
2822 2702 2939 2759 est;
2968 2693 3025 2747 in
3051 2708 3115 2749 ea
3145 2694 3292 2749 enim
3344 2695 3746 2763 Theodoretus,
3785 2699 4036 2755 nondum

2447 2784 2663 2855 cognita
2688 2799 2873 2849 causa,
2891 2793 3144 2855 receptus
3166 2794 3285 2852 est;
3311 2786 3561 2842 consedit
3580 2801 3707 2841 cum
3732 2789 4030 2858 Patribus;

2446 2874 2824 2930 deﬁnitionem
2886 2875 3012 2931 ﬁdei
3066 2876 3432 2947 Subscripsit,
3496 2879 3788 2948 epistolam
3853 2884 4038 2937 sancti

2446 2966 2647 3022 Leonis
2666 2967 2953 3037 exposuit:
2980 2967 3220 3037 denique
3277 2985 3466 3024 coram
3497 2970 3761 3027 immensa
3792 2972 3886 3027 illa
3925 2974 4039 3044 epi-

2446 3071 2738 3127 scoporum
2767 3057 3123 3111 multitudine
3142 3059 3209 3125 “,
3233 3079 3249 3111 ι
3270 3061 3563 3117 anathema
3588 3063 3726 3117 dixit
3753 3063 4036 3129 Nestorio,

2447 3150 2606 3215 etei,
2632 3149 2726 3219 qui
2752 3165 2861 3203 non
2890 3149 3023 3204 dicit
3057 3151 3154 3205 Dei
3178 3150 3516 3208 Genitricem
3548 3154 3837 3224 Virginem
3874 3172 4038 3212 sanc-

2452 3247 2583 3307 tam,
2615 3250 2671 3295 et
2724 3241 2818 3311 qui
2859 3241 2916 3295 in
2948 3242 3089 3297 duos
3140 3242 3283 3299 ﬁlios
3331 3245 3571 3315 partitur
3604 3262 3777 3301 unum
3832 3247 4040 3303 Filium

2450 3332 2853 3402 unigenitum.»

2514 3422 2783 3478 Maximus
2804 3423 3184 3481 Antiochenus
3204 3466 3218 3491 ,
3250 3440 3375 3480 cum
3406 3426 3474 3482 de
3504 3427 3880 3494 Theodoreto,
3916 3435 4045 3500 post

2446 3515 2738 3569 anathema
2788 3514 2998 3569 dictum
3056 3515 3336 3581 Nestorio,
3384 3519 3715 3573 sententiam
3778 3519 4038 3576 diceret:

2453 3625 2470 3657 α
2502 3604 2742 3671 Dudum,
2800 3605 3001 3677 inquit,
3048 3616 3105 3663 et
3133 3609 3464 3680 aprincipio
3512 3611 4043 3668 reverendissimum

2446 3698 2771 3770 episc0pum
2793 3698 3207 3755 Theodoretum
3237 3702 3366 3757 novi
3396 3703 3751 3773 catholicum,
3806 3706 4044 3761 audiens

2445 3788 2729 3844 doctrinas
2761 3791 2882 3861 ejus
2909 3791 2966 3844 in
2998 3792 3345 3849 sanctissima
3391 3794 3669 3849 ecclesia:
3716 3797 3894 3851 multo
3944 3813 4043 3852 au-

2448 3888 2558 3935 tem
2585 3879 2760 3951 magis
2788 3896 2936 3936 nunc
2956 3882 3077 3953 ejus
3111 3882 3319 3953 recipio
3345 3886 3717 3949 sanctitatem,
3749 3904 3768 3936 ι
3798 3892 3913 3940 etc.

2518 3977 2599 4032 Eo
2621 3976 2842 4048 gravius
2870 3984 2955 4031 est
2981 3975 3200 4030 Maximi
3241 3975 3645 4041 testimonium,
3665 3976 3814 4046 quod
3844 3977 3903 4031 in
3939 3978 4045 4033 Ec-

2446 4069 2614 4125 clesia
2638 4067 2981 4123 Antiochcna
3018 4067 3348 4133 innutritus,
3383 4067 3797 4123 Theodoretum
3830 4067 4046 4124 docen-

2448 4171 2557 4218 tem
2579 4162 2782 4232 szepius
2817 4160 3076 4226 audierit,
3124 4160 3273 4232 quod
3306 4177 3336 4215 a
3385 4160 3653 4216 Dioscoro
3695 4160 4045 4218 Theodoreti

2451 4255 2677 4310 inimico
2703 4254 3056 4325 praisulatum
3084 4253 3382 4324 acceperit,
3405 4253 3553 4324 quod
3571 4262 3628 4309 et
3648 4254 3763 4325 ipse
3788 4255 4051 4312 Theodo-

2452 4356 2573 4403 reto
2597 4348 2754 4417 prius
2783 4347 3030 4401 infensus
3073 4345 3261 4410 fuerit,
3295 4355 3458 4417 atque
3510 4347 3587 4401 ita
3620 4349 3734 4401 sola
3788 4349 4052 4405 veritatis

2450 4442 2504 4493 vi
2531 4439 2801 4509 impulsus
2843 4454 2993 4493 nunc
3033 4437 3287 4492 videatur
3313 4437 3379 4492 ad
3426 4440 3759 4494 sententiam
3816 4441 4050 4511 publice

755 4532 963 4593 gruunt
992 4540 1117 4578 cum
1144 4524 1417 4594 imagine:
1445 4525 1752 4580 secundum
1776 4526 2108 4584 divisionem
2157 4538 2340 4585 autem
2375 4534 2420 4590 D
2450 4530 2774 4595 dicendam;
2801 4528 2948 4599 quod
2980 4527 3220 4598 denique
3252 4527 3319 4583 de
3363 4529 3728 4585 concionibus
3754 4530 3864 4585 illis
3885 4532 4047 4587 loeu-

754 4621 1137 4681 separatarum
1188 4612 1569 4683 hypostasewn
1619 4630 1730 4669 non
1790 4617 2155 4673 conveniunt.
2227 4618 2340 4675 Nos

754 4703 907 4757 enim
942 4702 1253 4759 divinitatis
1282 4712 1338 4759 et
1362 4703 1723 4761 humanitatis
1754 4707 1918 4761 talem
1974 4709 2342 4779 praedicamus

756 4795 1040 4859 unionem,
1059 4804 1115 4850 et
1133 4812 1294 4849 unam
1314 4811 1607 4865 personam
1628 4797 1919 4853 indivisam
1941 4800 2335 4873 intelligamus,

754 4886 1126 4956 eumdemque
1161 4888 1335 4942 Deum
1364 4896 1423 4943 et
1452 4889 1731 4945 hominem
1782 4906 2168 4961 agnoscamus,
2196 4894 2338 4951 visi-

757 4976 924 5031 bilem
950 4987 1006 5032 et
1035 4978 1392 5043 invisibilem,
1418 4979 1902 5051 circumscriptum
1937 4993 1994 5039 et
2042 4984 2344 5042 incircum-

752 5070 1042 5140 SCriptum,
1069 5079 1131 5124 ut
1160 5072 1267 5125 alia
1305 5072 1512 5139 omnia,
1562 5088 1685 5143 qua:
1744 5074 2094 5133 divinitatem
2142 5088 2199 5134 et
2237 5080 2341 5135 hu-

756 5162 1079 5216 manitatem
1130 5163 1442 5231 desianant,
1494 5164 1591 5219 uni
1652 5181 1903 5236 persona:
1951 5173 2341 5229 accommoda-

756 5267 879 5308 mus
926 5272 943 5305 1

832 5394 858 5425 ο
892 5384 1027 5439 Cen.
1065 5403 1197 5455 xxii,
1234 5389 1256 5443 1
1304 5405 1457 5465 seqq.

2453 4630 2541 4677 tus
2568 4622 2660 4688 sit,
2688 4637 2810 4693 qua:
2860 4630 2988 4676 ante
3042 4636 3249 4675 annum
3312 4621 3419 4675 444
3464 4621 3667 4676 habita:
3707 4622 3838 4687 sint,
3875 4632 4047 4693 atque

2451 4715 2589 4771 adeo
2611 4728 2723 4768 non
2751 4722 2965 4767 tantum
2992 4712 3354 4780 calamitates,
3385 4712 3587 4782 quibus
3614 4712 3778 4785 470
3797 4712 4041 4770 aiﬁictus

2449 4816 2554 4872 est,
2593 4804 2996 4876 pmcesserint,
3030 4803 3126 4859 sed
3168 4803 3235 4857 ad
3263 4819 3328 4859 ea
3354 4812 3603 4875 tempora
3641 4804 4044 4875 pertinuerint,

2452 4898 2658 4970 quibus
2683 4897 2931 4952 irritatus
2971 4895 3189 4951 animus
3229 4896 3463 4952 liberius
3494 4896 3551 4950 in
3577 4894 3745 4951 verba
3778 4910 4047 4967 erumpe-

2451 4992 2564 5047 bat.

2521 5083 2642 5139 Huc
2668 5080 2833 5137 etiam
2862 5078 3061 5134 adduci
3085 5083 3311 5149 possent
3340 5075 3673 5147 posterioris
3725 5075 3909 5131 aetatis
3941 5076 4044 5133 bo-

2451 5172 2763 5244 mines,qui
2800 5170 3213 5227 Theodoretum
3243 5168 3331 5223 vel
3356 5182 3615 5238 expresse
3645 5167 4041 5236 defenderunt,

2456 5278 2515 5324 ut
2542 5264 2873 5332 Facundus;
2927 5262 3015 5318 vel
3065 5259 3277 5331 magnis
3303 5258 3564 5314 laudibus
3611 5258 3953 5326 extulerunt,
3983 5273 4041 5319 ut

2096 5511 2410 5570 SCIIULZII
2439 5513 2674 5572 NOTE.

820 5614 869 5648 δ·
899 5616 1025 5673 vid.
1048 5626 1089 5672 t.
1125 5618 1214 5681 ιν,
1247 5635 1301 5690 ρ.
1338 5621 1492 5675 i286.

756 5756 804 5787 ⁸⁸
835 5754 958 5828 Vidi.
979 5773 1035 5828 p.
1064 5759 1099 5813 ἓ

758 5841 816 5896 p.
853 5826 974 5883 198.

1595 5623 1640 5655 “
1676 5622 1826 5688 Quod
1848 5628 2040 5681 rredib.
2071 5626 2178 5681 Sed
2200 5628 2325 5685 vide
2356 5645 2417 5685 su

2462 5645 2542 5693 ra,
2578 5644 2633 5699 p.
2668 5626 3001 5699 152,_schol.
3034 5627 3101 5699 4,
3123 5634 3269 5699 et_p.
3292 5626 3416 5699 36L

828 5645 864 5648 “
914 5645 1025 5673 nu.
1052 5645 1089 5672 ι.
1129 5645 1214 5681 Iv,
1249 5645 1301 5690 p.
1338 5645 1492 5675 1200.
1596 5645 1640 5655 "
1676 5645 1822 5688 uuoa
1848 5645 2040 5681 creato.
2071 5645 2178 5681 aea
2200 5645 2325 5685 Vlae
2356 5645 2417 5685 80

754 5685 958 5768 librum
992 5693 1363 5815 comgiosuisse
1385 5692 1597 5772 dicitur
1642 5709 1770 5749 ann.
1799 5695 1921 5776 ῥόι.
1951 5697 2293 5778 Vidvsupra,
2330 5716 2384 5771 p.
2419 5645 2457 5754 ἓ

756 5756 804 5787 ⁵⁸
835 5754 1035 5815 Vld-D.
1064 5759 1099 5813 ἓ
1142 5762 1189 5815 ί.
1266 5763 1307 5793 ⁸⁸
1338 5762 1457 5815 Viti.
1490 5771 1527 5815 ι.
1559 5762 1601 5815 Ι.
1638 5779 1692 5815 D.
1728 5765 1884 5815 1055.
1963 5768 2006 5799 ⁸³
2028 5768 2149 5815 Vid.
2190 5784 2372 5815 sunra-
2409 5785 2457 5815 η.

3521 5626 3568 5659 ⁵⁷
3619 5624 3777 5680 Hune
3828 5624 4045 5681 scilicet

2457 5700 2543 5754 76.
2580 5694 2597 5699 “
2648 5697 2692 5731 ⁸⁸
2720 5696 2844 5752 Vid.
2878 5713 2931 5767 p.
2960 5698 3030 5768 4.7
3074 5697 3139 5768 _“
3164 5694 3325 5768 Cani.
3345 5712 3403 5768 p.
3429 5695 3556 5763 276,
3582 5707 3641 5768 et
3667 5694 3833 5768 t._gl_ll,
3864 5710 3924 5765 p.
3950 5695 4041 5752 55.

1142 5762 1189 5815 γι.
1266 5763 1307 5793 ιι
1338 5762 1457 5817 vm.
1490 5771 1527 5818 t.
1559 5762 1601 5829 ι,
1638 5779 1692 5835 ρ.
1728 5765 1884 5819 1053.
1963 5762 2150 5822 "Vi'd.
2177 5762 2374 5839 supra,
2409 5770 2593 5841 p.206
2620 5777 2673 5824 et
2714 5768 2837 5823 390.
2879 5762 2961 5800 ἰι
2990 5765 3111 5823 vsa.
3138 5766 3289 5835 LIV,
3327 5762 3382 5839 ιῑ.
3409 5762 3547 5823 203.
3607 5765 3797 5822 “Vid.
3838 5762 4034 5838 supra,
