4224 6442
195 363 297 427 U7

1408 372 1503 432 DE
1542 370 1719 431 FIDE
1757 371 2244 439 THEODORETI

3368 387 3474 458 418

196 478 466 542 Photius;
501 478 648 535 inter
667 478 956 549 magistros
980 482 1223 550 optimos
1247 482 1485 554 fideique
1508 485 1793 539 columnas
1822 487 1869 543 Α
1897 486 2061 542 etiam
2092 502 2211 559 post
2236 494 2547 549 absolutum
2609 500 2902 554 concilium
2961 500 3344 555 Alexandriam
3388 518 3472 557 re-

197 569 517 625 immobilcs
553 581 979 634 recensuerunt,
1014 582 1074 627 ut
1104 573 1393 630 Eucltaita.

262 658 504 713 Possem
551 660 719 714 etiam
775 670 978 716 nostra:
1035 673 1132 717 aut
1180 664 1401 719 Patrum
1452 666 1629 721 artatis
1684 667 1789 722 viri

192 749 506 804 doctissimi
542 750 796 819 produci,
856 753 1007 807 velut
1064 753 1370 821 llcrvetus,
1432 757 1786 826 Espencaeus,

189 839 488 903 Batonius,
532 841 915 907 Bellarminus,
943 852 997 899 et
1022 833 1482 917 Sirmondus,qui
1514 849 1630 903 suis
1651 864 1791 918 prte-

187 931 368 986 coniis
392 932 661 987 videntur
688 934 996 992 detersisse
1015 953 1236 992 omnem
1282 941 1652 996 accusationis
1698 942 1786 995 fu-

188 1024 418 1094 liginem
445 1040 459 1076 :
493 1024 765 1080 Baronius
787 1036 937 1081 certe
967 1036 1023 1082 et
1053 1028 1381 1084 Sirtnondus
1406 1030 1532 1084 fidei
1566 1047 1787 1102 quoque

188 1116 566 1184 patrocinium
592 1126 959 1187 susceperunt
978 1120 1045 1172 ".

187 1232 505 1304 Annccu's
530 1232 621 1286 Ill.
644 1263 715 1271 —
759 1230 902 1297 Quid
929 1235 1196 1304 excipiant
1262 1235 1567 1290 Theodoreti
1607 1238 1785 1302 defen—

250 1317 401 1353 sores
434 1303 687 1356 adversus
720 1303 1107 1358 accusationem
1140 1308 1312 1359 sancti
1339 1307 1542 1374 Cyrilh',
1568 1308 1787 1361 Μηναγ-

252 1374 479 1433 εαιοτὶε,
518 1382 631 1427 etc.

254 1484 402 1539 Xlll.
430 1486 535 1551 Qui
560 1485 849 1539 historiam
884 1487 1315 1541 ecclesiasticam
1358 1489 1693 1544 Theodoreti
1729 1492 1782 1545 in

183 1577 456 1632 Gallicam
490 1578 735 1648 linguam
781 1580 1080 1641 transtulit,
1105 1580 1158 1632 in
1190 1580 1421 1648 prolixa,
1447 1597 1609 1650 quam
1632 1583 1785 1651 operi

188 1669 525 1739 preposuit,
585 1670 836 1740 apologia
889 1686 991 1739 pro
1036 1670 1366 1727 Theodoreti
1402 1674 1528 1737 fide,
1573 1672 1780 1744 Cyrilli,

186 1761 280 1828 qui
318 1769 509 1813 tamen
559 1776 703 1813 unus
728 1769 813 1815 est
836 1763 1081 1815 omnium
1138 1763 1330 1827 instar,
1379 1766 1780 1821 accusationem

185 1850 415 1904 silentio
433 1850 719 1916 obruit",
770 1852 1098 1920 prohibente
1141 1857 1331 1923 utique
1368 1859 1780 1925 responsionem

185 1958 295 1996 non
330 1951 555 1996 tantum
590 1942 844 2005 veritate,
890 1944 984 1997 sed
1015 1945 1180 1998 etiam
1212 1948 1385 1999 sancti
1422 1947 1664 2003 doctoris
1690 1966 1780 2006 re-

181 2035 672 2090 verentia.Verum
703 2036 846 2105 apud
892 2036 1148 2091 homines
1197 2038 1568 2109 intelligentes
1601 2043 1778 2099 videri

182 2135 365 2196 poteSt
396 2126 509 2181 hoc
535 2127 757 2181 silentio
787 2143 894 2181 non
916 2128 1148 2183 obscure
1172 2146 1391 2184 causam
1414 2132 1689 2197 deserere,
1725 2146 1782 2189 ct

181 2218 442 2275 confiteri
497 2218 631 2274 duo.
684 2220 955 2284 Alterum,
1017 2221 1431 2277 Theodoretnm
1484 2226 1661 2278 teneri
1711 2226 1780 2280 de

178 2312 439 2376 crimine,
478 2312 549 2365 de
574 2327 685 2381 quo
718 2312 1105 2381 postulabatur
1135 2330 1148 2366 :
1201 2314 1458 2377 alterum,
1508 2317 1778 2385 prolixam

183 2405 329 2459 hanc
356 2404 674 2474 apologiam
707 2418 775 2457 co
806 2403 924 2457 solo
945 2406 1178 2460 consilio
1206 2407 1484 2475 scriptam,
1523 2416 1582 2461 ut
1618 2409 1778 2463 Marii

178 2496 517 2551 llercatoris
544 2497 844 2551 auctoritas
880 2498 1225 2553 minueretur
1248 2542 1261 2564 ,
1293 2509 1351 2554 et
1396 2501 1780 2557 Theodoretus

180 2591 327 2661 apud
360 2591 586 2660 vulgus,
611 2589 995 2645 reconditioris
1017 2591 1342 2646 litteratura.-
1364 2592 1668 2663 negligens,
1694 2594 1775 2649 fa-

179 2697 328 2737 mam
350 2682 645 2744 retineret,
673 2694 837 2750 quam
870 2680 1012 2751 apud
1039 2682 1288 2737 eruditos
1318 2685 1503 2740 amisit
1527 2686 1592 2739 ⁸⁷.

250 2773 633 2828 Nihilominus
658 2772 1148 2844 possetquispiam,
1173 2776 1265 2844 qui
1294 2775 1595 2841 Socratem,
1617 2778 1777 2833 Libe-

180 2873 390 2928 ratum,
415 2863 671 2932 duosque
706 2874 871 2917 seem
904 2864 1239 2920 Calviniante
1269 2867 1552 2923 ministros
1583 2870 1776 2926 audire

180 2956 397 3020 mallet,
440 2970 611 3024 quam
665 2953 1002 3020 Catholicos,
1036 2955 1301 3025 Cyrillum
1354 2959 1657 3025 criminari,
1715 2968 1778 3015 ut

176 3049 271 3118 qui
314 3046 554 3118 perinde
601 3046 834 3099 affectus
879 3045 1081 3109 fuerit,
1133 3063 1302 3116 seque
1363 3050 1595 3117 gesserit
1647 3066 1774 3121 erga

177 3140 598 3195 Theodoretum
624 3137 864 3193 Nestorii
888 3138 1125 3193 amicum
1149 3139 1591 3205 acdefensorem,
1612 3149 1791 3211 atque.

178 3248 306 3303 erga
370 3232 676 3301 ipsummet
725 3229 1073 3295 Nestorium;
1128 3245 1255 3284 cum
1290 3247 1399 3300 quo
1456 3232 1774 3287 inimicitias

179 3326 372 3396 gessit,
414 3333 475 3377 ut
521 3324 781 3376 Socrates
815 3338 879 3376 ac
912 3322 1203 3377 Liberatus
1244 3324 1501 3378 scribunt
1530 3345 1540 3378 :
1573 3326 1658 3377 cui
1684 3341 1776 3394 ap-

177 3419 357 3487 prime
391 3415 689 3476 catholico,
723 3414 949 3469 hmresis
994 3415 1224 3478 crimen,
1256 3416 1340 3468 vel
1380 3430 1478 3485 per
1520 3416 1777 3486 ignoran-

180 3512 335 3574 tiam,
368 3510 457 3563 vel
494 3508 729 3579 maligne
761 3508 1106 3577 imposuerit,
1140 3516 1202 3561 ut
1220 3507 1538 3563 Alhertinus
1563 3510 1772 3574 innuit;

178 3617 343 3670 quem
377 3599 759 3670 Eutychianus
791 3599 907 3668 ipse
930 3613 1054 3653 cum
1109 3608 1277 3662 esset,
1323 3600 1608 3655 catholicae
1650 3600 1776 3655 fidei

176 3692 559 3754 defensorem,
583 3701 947 3760 sanctumque
967 3689 1173 3744 Christi
1200 3700 1525 3762 martyrem,
1551 3694 1776 3746 insecu-

180 3794 269 3840 tus
302 3786 403 3850 sit,
433 3792 494 3838 ut
518 3785 658 3838 alter
687 3782 1021 3839 Calviniana:
1058 3790 1221 3836 sectae
1260 3783 1515 3837 minister
1558 3783 1777 3838 eﬂutire

180 3892 286 3930 non
320 3876 574 3930 erubuit.

248 3968 490 4030 Verum,
532 3981 697 4035 quam
728 3964 894 4019 faciat
939 3962 1104 4018 fidem
1141 3962 1397 4018 Socrates
1444 3964 1779 4019 Novatianus

182 4058 511 4121 haereticus,
567 4058 785 4112 aulicus
833 4056 1091 4127 scriptor,
1140 4057 1429 4127 theologia:
1466 4057 1776 4126 imperitus,

177 4168 362 4222 coque
390 4149 610 4205 amatus
630 4164 866 4213 veneno,
898 4149 1045 4218 quod
1091 4149 1145 4202 in
1181 4150 1303 4202 aula
1358 4149 1629 4203 theodosii
1672 4149 1779 4203 Ne-

180 4243 360 4299 storio
424 4240 652 4295 addicta
686 4238 1035 4292 invaluerat?
1079 4253 1243 4307 quam
1266 4237 1584 4300 Liberatus,
1615 4237 1779 4291 trium

180 4331 563 4402 capitulorum
596 4330 974 4399 impotens,ut
996 4327 1145 4391 Afer,
1166 4327 1571 4381 schismaticam
1609 4344 1780 4397 usque

181 4424 649 4484 obstinationem,
685 4421 845 4492 471
894 4420 1198 4488 patronus?
1238 4436 1400 4488 quam
1462 4421 1645 4485 homo,
1686 4424 1781 4490 qui

1893 576 2171 642 vertisset,
2205 570 2462 651 pacisque
2488 586 2834 642 conditiones
2862 589 2929 643 ad
2959 605 3188 660 examen
3228 604 3470 657 vocaret,

1892 664 2104 722 litteras
2131 685 2252 724 esse
2274 675 2523 744 scriptas,
2547 678 2752 747 quibus
2779 689 3096 735 moneretur
3129 682 3195 737 de
3223 684 3339 739 suis
3386 700 3474 739 rc-

1893 755 1999 812 bus
2020 775 2130 813 non
2162 761 2236 815 ita
2271 764 2506 821 sollicite
2559 770 2844 835 curandis,
2893 780 2954 825 ut
3011 773 3201 826 turbas
3240 774 3469 836 foveret,

1892 865 2190 922 pacemque
2245 858 2576 925 repelleret;
2646 862 2741 915 sed
2790 862 2877 917 vir
2938 871 3105 918 tanta;
3168 866 3473 920 sanctitatis

1893 951 2113 1013 tamque
2146 947 2352 1003 incensi
2394 952 2493 1005 zeli
2536 953 2729 1007 Illusus
2767 956 2943 1011 fuerat
2973 957 3041 1011 ab
3092 958 3471 1013 Alexandrinis

1890 1034 2220 1101 quibusdam
2242 1040 2860 1104 clericis,0rientalium
2884 1032 3179 1103 calliditate
3205 1050 3468 1108 seductis.

1892 1124 2016 1179 Haec
2032 1129 2314 1197 excipiunt
2336 1133 2604 1189 adversus
2632 1146 2883 1191 sanctum
2910 1139 3197 1208 Cyrillum.

1958 1217 2162 1272 Contra
2194 1220 2551 1278 Mercatorem
2584 1229 2770 1283 attulit
2792 1229 2961 1283 multa
2990 1246 3166 1299 nuper
3199 1232 3473 1302 interpres

1891 1307 1983 1361 ille
2022 1309 2287 1377 Gallicus,
2323 1315 2415 1382 qui
2455 1331 2579 1370 mox
2609 1320 2816 1383 dictus;
2850 1321 3095 1375 revocari
3134 1330 3311 1376 tamen
3344 1339 3468 1392 pos~

1889 1411 2018 1456 sunt
2038 1404 2105 1457 ad
2138 1406 2263 1471 tria,
2300 1411 2365 1462 tle
2395 1410 2616 1478 quibus,
2642 1413 2767 1481 quia
2797 1415 3097 1482 prolixiore
3145 1416 3467 1468 tractatione

1888 1510 2026 1563 opus
2053 1506 2155 1563 est,
2206 1498 2570 1555 diﬂerendum
2601 1514 2686 1557 est
2718 1521 2877 1575 agere
2909 1507 2963 1559 in
2994 1522 3153 1560 suum
3183 1508 3467 1576 proprium

1887 1583 2069 1638 locum
2097 1603 2110 1639 :
2137 1602 2286 1642 nunc
2338 1588 2570 1644 sufficiat
2601 1592 2867 1647 adversus
2898 1594 3075 1662 ipsum
3107 1596 3362 1664 excipere
3398 1596 3468 1648 de

1887 1674 2045 1739 falso,
2078 1685 2134 1731 et
2164 1680 2301 1733 mala
2336 1680 2460 1735 fide.
2520 1683 2653 1737 Nam
2696 1685 2874 1753 primo
2914 1688 3095 1739 omnia
3132 1687 3247 1741 fere
3309 1687 3465 1740 Marii

1889 1765 2208 1823 Mercatoris
2261 1774 2573 1827 testimonia
2622 1777 2900 1845 corrupit;
2957 1777 3155 1830 deinde
3202 1793 3333 1831 usus
3383 1787 3469 1831 est

1815 1841 1855 1895 Β
1890 1858 2144 1921 testibus,
2177 1876 2316 1927 quos
2351 1863 2493 1917 scire
2537 1865 2718 1933 potuit
2771 1841 2891 1920 esse
2919 1867 3337 1932 schismatieos;
3372 1868 3468 1921 de-

1889 1945 2057 2013 nique
2104 1948 2273 2001 verba
2314 1948 2444 2003 fecit
2476 1968 2585 2006 non
2634 1953 2802 2007 semel
2848 1953 2914 2007 ad
2971 1970 3087 2007 rem
3140 1970 3248 2008 non
3296 1954 3466 2025 perti-

1888 2034 2090 2091 neralia.

1956 2130 2235 2185 Adversus
2280 2132 2533 2202 Vigilium
2581 2136 2720 2189 nihil
2772 2138 2977 2207 excipit
3008 2138 3342 2194 Theodoreti
3367 2140 3467 2194 de-

1888 2218 2110 2284 fensor;
2141 2222 2252 2276 imo
2278 2238 2379 2291 pro
2409 2240 2509 2279 sua
2542 2225 2718 2295 ipsum
2752 2242 2917 2282 causa
2940 2229 3120 2283 facere
3146 2231 3467 2296 contendit,

1886 2313 2040 2380 quasi
2068 2313 2382 2369 Constituto
2408 2332 2506 2371 suo
2556 2319 2759 2387 scripta
2809 2319 3083 2373 Theodori
3136 2321 3465 2377 defenderit.

1888 2403 2088 2457 Verum
2137 2405 2189 2459 id
2229 2408 2435 2476 majore
2470 2408 2801 2463 confidentia
2833 2411 2963 2474 dici,
2997 2430 3160 2481 quam
3192 2415 3468 2470 verisimi-

1884 2495 2137 2560 litudine,
2158 2497 2448 2567 judicahit,
2474 2500 2691 2567 opinor,
2718 2502 2969 2571 quisquis
3016 2505 3205 2560 oculos
3234 2509 3319 2561 vel
3343 2508 3466 2563 obi-

1886 2596 1969 2641 ter
1985 2589 2304 2659 conjecerit,
2324 2592 2522 2660 partim
2548 2592 2603 2645 in
2625 2591 2953 2649 Theodoreti
2982 2598 3465 2667 reprehensiones,

1883 2682 2082 2750 partim
2115 2681 2162 2712 ⁹¹¹
2213 2682 2267 2735 in
2299 2684 2543 2753 quinque
2572 2684 2755 2753 Vigilii
2789 2686 3278 2744 anathematismos
3305 2706 3467 2746 occa-

1885 2774 2039 2829 sione
2062 2775 2395 2829 Theodoreti
2427 2776 2684 2844 scriptos,
2736 2776 2936 2845 partim
2978 2778 3217 2849 denique
3254 2780 3306 2835 in
3349 2780 3468 2838 ltazc

1884 2864 2179 2920 Constituti
2202 2866 2409 2921 verba:
2451 2884 2468 2916 ι
2505 2864 2791 2922 Custodita
2833 2868 2886 2921 in
2921 2870 3181 2925 omnibus
3212 2888 3465 2941 personae

1883 2958 2003 3028 ejus
2036 2959 2341 3012 reverentia
2372 2999 2385 3023 ,
2434 2973 2775 3027 quaacunque
2808 2960 3009 3029 scripta
3048 2962 3303 3033 dogmata
3346 2966 3468 3035 ejus

1882 3049 2178 3120 cujuslibet
2214 3049 2436 3102 nomine
2487 3050 2720 3117 prolata,
2778 3052 3169 3108 sceleratorum
3226 3056 3467 3111 Nestorii

1882 3152 1937 3195 et
1991 3141 2315 3212 Eutychetis
2348 3140 2771 3195 manifestantur
2802 3145 3089 3198 erroribus
3136 3160 3463 3215 consonare,

1879 3233 2411 3287 anathematizamus
2437 3242 2601 3300 atque
2626 3231 2968 3285 damnamus.
3015 3251 3031 3283 ι

1951 3325 2225 3379 Henricus
2270 3323 2426 3377 Naris
2469 3323 2869 3392 orpositionem
2924 3324 3085 3377 aliam
3128 3326 3462 3395 suppeditat.

1880 3418 2073 3485 Arguit
2096 3417 2242 3472 enim
2270 3432 2543 3472 summum
2599 3417 2911 3486 pontificem
2962 3419 3325 3475 inconstantis
3347 3421 3471 3476 ani-

1879 3506 1999 3570 mi,
2065 3507 2222 3575 quasi
2277 3506 2494 3574 primo,
2556 3515 2615 3558 ut
2676 3521 2928 3560 summus
2991 3508 3238 3576 pontifex
3285 3511 3462 3574 fieret,

1882 3596 2187 3650 Theodora:
2203 3595 2460 3665 Augustae
2473 3595 2812 3664 promiserit,
2834 3611 2891 3649 se
2914 3596 3014 3649 tria
3035 3599 3274 3666 capitula
3302 3599 3463 3652 dam-

1882 3676 2175 3752 naturum';
2209 3687 2408 3761 deinde
2443 3695 2621 3740 tamen
2674 3685 2729 3740 in
2779 3686 2966 3742 Sicilia
3026 3697 3191 3759 atque
3218 3690 3459 3762 Illyrico,

1881 3799 2006 3837 cum
2058 3780 2573 3849 Constantinopolin
2624 3789 2858 3849 peteret,
2918 3782 3259 3835 contrarium
3315 3784 3463 3839 Afris

1882 3874 2310 3946 lllyricianisque
2327 3871 2772 3941 efﬂagitantibus,
2796 3881 2984 3939 postea
3002 3871 3465 3944 Constantinopo-

1881 3968 1959 4019 lin
1989 3966 2269 4035 ingrcssus
2318 3964 2569 4018 Mennam
2615 3964 2785 4018 sacris
2823 3964 3192 4030 interdixerit,
3235 3976 3463 4035 propter

1882 4058 2136 4112 damnata
2179 4055 2437 4125 capitula,
2463 4070 2583 4123 quas
2610 4063 2790 4108 tamen
2819 4056 3204 4112 reconciliatus
3233 4057 3463 4121 Menum,

1884 4150 2091 4219 scripto
2114 4147 2259 4217 quod
2284 4146 2596 4202 Judicatum
2647 4146 2869 4209 dicitur,
2901 4147 3015 4216 ipse
3039 4149 3422 4217 proscripserit
3448 4166 3464 4213 ;

1886 4249 2000 4295 tum
2036 4238 2345 4294 Judicatum
2382 4244 2710 4300 retractans,
2739 4238 2948 4306 scripto
2977 4237 3107 4300 alio,
3140 4239 3226 4292 cui
3252 4239 3467 4293 Consti-

1886 4332 1988 4386 tuti
2022 4345 2221 4384 nomen
2250 4329 2400 4393 fecit,
2430 4329 2669 4397 capitula
2692 4344 2850 4397 posse
2875 4329 3123 4383 damnari
3156 4333 3462 4400 negaverit,

1885 4433 1941 4477 ct
1981 4423 2157 4492 ipsum
2205 4420 2384 4474 adhuc
2440 4428 2618 4473 tamen
2647 4420 3019 4474 Constitutum
3059 4424 3462 4484 retractaverit,

180 4529 296 4570 non
317 4522 541 4569 tantum
564 4511 979 4565 inimicitiarum
1008 4525 1187 4575 reum,
1216 4509 1308 4563 sed
1342 4512 1506 4564 etiam
1556 4513 1780 4568 seditio‘
1814 4528 1856 4583 ῃ
1885 4516 2009 4570 data
2056 4514 2122 4568 ad
2154 4512 2481 4582 Eutychiuni
2513 4511 2746 4579 epistola
2781 4513 2987 4580 quintm
3037 4513 3228 4583 synodi
3268 4530 3465 4583 appro-

183 4606 268 4662 nis
290 4614 607 4668 auctorem,
637 4602 895 4656 vindicta:
918 4601 1203 4671 cupidum,
1258 4608 1314 4655 et
1354 4602 1645 4671 palinodize
1695 4620 1783 4658 rc-

182 4709 557 4760 cantatorem,
592 4694 809 4749 innuit?

250 4793 377 4847 Jam
400 4804 542 4844 vero
568 4787 713 4857 quod
741 4786 809 4841 de
837 4785 1092 4841 Nestorio
1121 4785 1348 4841 haeresis
1382 4802 1520 4855 puro
1543 4787 1785 4841 Alberti-

183 4901 312 4949 nus,
341 4881 611 4953 quodque
636 4881 942 4934 sceleratus
972 4880 1064 4935 ille
1125 4878 1447 4950 Symmistcs
1481 4879 1547 4933 de
1576 4879 1782 4951 Cyrillo

184 4973 528 5047 Eutychiani
586 4970 796 5027 erroris
827 4970 1140 5035 defensore,
1185 4968 1431 5025 scribere
1484 4984 1650 5024 ausus
1676 4979 1781 5037 est,

183 5068 323 5125 adeo
349 5064 697 5121 horrendum
729 5069 898 5117 estut
938 5059 1372 5116 exsecrationem
1399 5059 1572 5124 magis
1614 5076 1779 5129 quam

184 5159 610 5230 responsionem
643 5163 948 5235 mereatur.

251 5253 378 5307 Non
406 5265 500 5304 me
533 5248 673 5319 fugit
719 5248 788 5302 ab
818 5247 1033 5302 Isidoro
1081 5246 1381 5309 Pelusiota,
1432 5255 1782 5301 sanctissmo

185 5343 484 5408 monacho,
516 5339 587 5396 ad
622 5338 911 5411 Cyrillum,
936 5351 1062 5393 cum
1091 5337 1294 5408 Ephesi
1325 5343 1658 5405 versaretur,
1688 5346 1784 5391 aut

1885 4606 2112 4662 batricc.
2158 4605 2314 4667 Nam,
2346 4618 2466 4672 qua:
2489 4602 2706 4655 tandem
2736 4601 2899 4673 472
2926 4603 3099 4672 possit
3129 4620 3249 4658 esse
3278 4614 3471 4659 aucto-

1884 4700 2015 4752 ritas
2049 4694 2369 4757 Constituti,
2402 4693 2545 4762 quod
2575 4700 2766 4746 auctor
2791 4695 2903 4762 ipse
2926 4710 3024 4762 per
3052 4707 3297 4748 errorem
3332 4694 3466 4748 scri—

1886 4792 2058 4861 psisse
2135 4804 2191 4843 se
2255 4784 2483 4841 solemni
2561 4785 2783 4839 decreto
2857 4786 3149 4840 testetur?
3212 4786 3465 4841 Attamen

1886 4881 2079 4953 agendi
2107 4888 2269 4943 ratio,
2301 4896 2464 4949 quam
2491 4879 2723 4949 Vigilius
2760 4879 2814 4932 in
2847 4878 2949 4931 hac
2972 4894 3029 4931 re
3081 4878 3278 4942 tenuit,
3314 4880 3464 4949 quod

1887 4974 2059 5029 sensit
2095 4971 2476 5040 imprudenter
2498 4970 2675 5034 Naris,
2710 4969 3079 5022 inconstantia
3122 4984 3230 5022 non
3259 4969 3364 5022 fuit
3392 4971 3463 5035 δ’,

1888 5066 1984 5121 sed
2011 5063 2255 5134 prudens
2309 5061 2670 5131 dispensatio,
2719 5070 3140 5129 temporumque
3195 5070 3250 5115 et
3278 5077 3462 5115 rerum

1885 5154 2232 5212 considerata
2309 5149 2606 5219 cxpensio,
2656 5155 2718 5201 ut
2794 5157 2980 5202 monet
3058 5146 3465 5200 illustrissimus

1886 5245 2108 5300 Marca:
2146 5240 2343 5297 deinde
2384 5239 2733 5311 supposititia
2787 5245 2872 5292 est
2906 5237 3137 5306 epistola
3181 5237 3249 5291 ad
3293 5236 3464 5307 Euty-

1886 5337 2097 5400 cbium,
2159 5348 2265 5403 qua
2305 5339 2636 5387 retractatur
2663 5329 3060 5395 Constitutum,
3114 5328 3278 5396 idque
3325 5326 3463 5384 alias

1550 5497 1863 5557 SCIIULZII
1893 5494 2122 5556 ΝΟΤᾸΞ.

278 5622 329 5654 ⁸⁸
359 5621 489 5677 llaec
541 5634 747 5692 omnia
772 5627 1116 5692 argumenta,
1182 5633 1304 5692 quae
1347 5633 1450 5688 pro
1499 5618 1847 5692 Theodoreto
1894 5616 2438 5692 faciunt,_sequer_i_te
2491 5603 3058 5692 εςιίοιξιοίίίυειζξορηδξ
3105 5601 3464 5692 ῇςςξλιξνεξςξι

188 5702 443 5749 evertere
477 5691 693 5746 studuit
714 5689 1034 5755 Garricrius,
1067 5689 1502 5750 cum'damnare
1555 5690 1742 5745 mallet

1800 5702 1964 5757 quam
2015 5682 2297 5757 absolvere
2335 5682 2777 5757 _Theodoretqm.

2874 5675 2923 5707 "
2947 5674 3063 5727 Non
3097 5671 3317 5726 silentio
3342 5683 3465 5724 eam

190 5736 1190 5831 Biihiil'séé'ﬁﬁsst';iiiﬁ'aigén'd'é"
1214 5736 1779 5831 réiti‘iigiiti'iiﬁiiéc
1803 5736 2307 5831 "ﬁéjifgés'gi‘qmé’qt
2335 5736 2402 5808 iis
2436 5767 2556 5823 quae
2588 5750 2642 5804 in
2680 5747 2785 5800 fine
2824 5742 3184 5815 praecedentis
3226 5736 3465 5796 Articuli

194 5831 339 5889 dicta
363 5839 546 5888 erant.
592 5830 651 5863 ""
679 5830 813 5885 Vide
860 5830 1044 5901 supra,
1080 5846 1132 5900 p.
1166 5830 1289 5885 2H.

1371 5829 1415 5859 ³³
1438 5828 1569 5886 \‘idc
1599 5846 1783 5899 supra,
1812 5844 1865 5899 p.
1892 5827 2014 5882 2i6.
2049 5825 2231 5880 Schol.
2259 5825 2312 5877 ‘2.
