4224 6442
751 380 857 444 419

1876 386 2248 445 GARNERII
2290 388 2784 448 DISSERTATIO
2820 388 2928 446 lli.

3905 379 4015 444 ΩΟ

752 494 1272 551 demonstravimus.
1312 496 1505 551 Postea
1528 496 1823 565 promissio
1852 496 1994 550 facta
2016 496 2321 552 Theodorze
2350 506 2395 559 Α
2484 496 2799 566 Assumpsit
2816 496 3023 566 pariter
3044 492 3382 549 secundum:
3412 506 3538 547 nam
3563 490 3788 547 damnat
3826 489 4015 544 Theo-

750 584 822 640 de
848 584 1177 640 damnandis
1209 585 1485 654 capitulis,
1529 586 1674 655 apud
1714 586 1993 640 neminem
2024 586 2321 655 reperitur,

750 683 1117 745 praeterquam
1145 674 1290 745 apud
1348 676 1728 731 schisinaticos
1767 677 1948 740 Afros,
2005 676 2326 731 Facundum

2425 584 2699 651 doretum,
2733 587 2880 656 quod
2913 584 3264 640 Theodorum
3300 592 3357 638 et
3383 582 3794 647 Nestorium,et
3818 595 4017 636 eorum

2427 678 2764 747 impietatem
2816 676 3152 741 defendens,
3188 675 3389 745 impios
3434 673 3712 729 vocaverit
3759 672 4020 727 doetores

754 768 899 831 dico,
942 767 1219 822 Victorem
1257 768 1671 837 Tunonensem,
1705 777 1763 823 et
1801 768 2328 833 Liberatum,trium

2448 767 2703 834 Ecclesia,
2738 769 2862 831 τοὺς
2888 767 3009 821 καθ’
3046 765 3343 819 ὑπόστασιν
3383 765 3481 836 τὴν
3521 765 3712 819 ἕνωσιν
3755 762 3851 816 τοῦ
3878 761 4019 816 Θεοῦ

753 856 1122 926 capitulorum
1180 855 1536 911 immodestos
1591 856 1929 912 defensores.
1989 858 2234 926 Denique
2272 856 2329 911 in

751 945 1006 1002 Judieato
1030 961 1094 999 ac
1120 945 1435 1000 Constituto
1453 947 1723 1015 parcitum
1740 962 1859 1001 esse
1882 946 2151 1014 personis,
2184 946 2330 1001 solos

754 1038 813 1092 in
833 1052 1053 1093 errores
1082 1038 1546 1103 animadversum,
1579 1054 1717 1107 quos
1737 1039 1831 1107 qui
1857 1039 2039 1093 nullos
2068 1039 2126 1092 in
2152 1038 2331 1092 Theo-

756 1128 877 1184 dori
901 1128 1348 1197 Theodoretique
1374 1128 1533 1183 libris
1554 1144 1675 1183 esse
1719 1128 2088 1194 contenderit,
2119 1144 2205 1182 nae
2237 1128 2331 1181 ille

755 1235 955 1290 parum
981 1220 1155 1282 abest,
1191 1218 1321 1288 quin
1350 1235 1409 1273 se
1431 1231 1487 1273 et
1518 1218 1723 1289 Cyrillo
1753 1227 1809 1273 et
1836 1218 2100 1288 Gregorio
2156 1219 2252 1285 M.,
2277 1227 2334 1273 et

758 1312 972 1366 cunctis
1018 1312 1224 1381 quintae
1284 1311 1474 1382 synodi
1523 1311 1802 1377 Patribus,
1837 1319 1895 1365 et
1931 1312 2161 1364 summis
2194 1325 2334 1380 pon-

758 1402 1022 1469 tiﬁcibus,
1052 1412 1109 1458 et
1143 1403 1389 1457 Ecclesia
1432 1403 1687 1455 universa
1728 1401 2209 1472 intelligentiorem
2244 1400 2325 1455 fa—

758 1493 886 1547 ciat.

829 1585 1019 1649 Multa,
1051 1585 1253 1655 quibus
1300 1584 1439 1640 fides
1489 1585 1695 1655 quintae
1742 1583 1948 1653 synodo
1989 1583 2333 1649 detrahatur,

761 1685 1157 1745 congesserunt
1179 1675 1280 1729 viri
1301 1675 1410 1729 duo
1430 1672 1652 1738 eruditi,
1678 1673 1902 1742 Pighius
1923 1679 1979 1726 et
2000 1672 2333 1738 Halloisius;

761 1767 853 1821 ille
882 1777 941 1820 ut
968 1765 1292 1830 Honorium,
1324 1765 1428 1819 iste
1479 1772 1539 1819 ut
1565 1763 1852 1835 Origenem
1890 1763 2335 1818 eondemnationi

2428 862 2599 930 Λόγου
2641 862 2970 934 φρονοῦντας
3010 861 3100 915 καὶ
3154 858 3573 931 ὁμολογοῦντας.
3630 857 3841 929 Rejecit
3881 868 4022 910 vero

2430 951 2808 1007 Theodoretus
2834 951 3094 1006 unionem
3135 950 3259 1003 καθῖ
3299 949 3598 1003 ὑπόστασιν
3629 948 3686 1002 in
3716 945 4023 1016 reprehen-

2431 1044 2584 1097 sione
2608 1043 2653 1074 “
2685 1041 2912 1097 secundi
2938 1039 3382 1096 anathematismi
3402 1038 3684 1110 Cyrilliani
3712 1054 3724 1089 :
3758 1037 3873 1106 Τὴν
3900 1034 4023 1088 καθ’

2434 1132 2729 1185 ὑπόστασιν
2758 1132 2947 1184 ἕνωσιν
2998 1129 3345 1184 παντάπασιν
3380 1128 3702 1198 ἀγνοοῦμεν,
3737 1126 3813 1189 ὡς
3863 1125 4024 1194 ξένην

2433 1224 2527 1276 καὶ
2556 1221 2853 1291 ἀλλόφυλον
2883 1222 3005 1275 τῶν
3030 1222 3190 1277 Θείων
3232 1221 3488 1292 Γραφῶν,
3538 1221 3629 1275 καὶ
3674 1218 3783 1270 τῶν
3816 1215 4022 1278 ταύτας

2438 1314 2860 1386 ὴρμηνευκότων
2889 1314 3034 1366 Πατέ
3042 1331 3174 1384 ρων.

2505 1403 2845 1458 Justinianus
2874 1418 2982 1457 non
3015 1402 3267 1456 meminit
3292 1403 3566 1456 ullatenus
3595 1401 3980 1473 episcoporum
4007 1444 4021 1469 ,

2436 1504 2600 1563 atque
2630 1494 2766 1548 adeo
2801 1510 2903 1547 nec
2937 1501 3275 1548 sanctorum.
3310 1492 3543 1561 Scripsit
3575 1492 3629 1545 in
3661 1491 3778 1547 haec
3800 1493 3972 1547 verba
4006 1512 4020 1550 ξ

2438 1584 2536 1637 Διὰ
2552 1584 2752 1647 ταύτας
2772 1584 2880 1654 γὰρ
2896 1585 2991 1647 τὰς
3012 1583 3222 1654 βλασφη
3232 1583 3354 1653 μίας
3376 1583 3474 1651 τῆς
3489 1584 3789 1653 ἐπισκοπῆς
3803 1583 4030 1650 essm,

2442 1676 2532 1745 θη.
2561 1695 2577 1726 ι
2601 1676 2747 1741 Quas
2769 1675 2840 1728 ob
2867 1674 3238 1743 blasphemias
3257 1677 3574 1743 episcopatu
3590 1672 3834 1743 dejectus
3858 1682 3964 1729 est.
4004 1693 4022 1725 ι

2441 1766 2664 1822 Adeone
2696 1766 2984 1837 desperata
3011 1773 3096 1819 est
3129 1765 3457 1821 Theodoreti
3490 1780 3674 1830 causa,
3711 1774 3768 1819 ut
3796 1780 3907 1819 non
3931 1765 4035 1819 ali-

761 1857 1025 1925 eriperet.
1059 1854 1183 1909 Haec
1222 1854 1278 1908 in
1327 1853 1712 1909 dissertatione
1742 1852 2034 1922 subjuncta
2081 1851 2337 1905 Liberato
2370 1872 2412 1927 B
2443 1866 2526 1913 ter
2563 1858 2901 1928 propugnari
2933 1856 3142 1927 queat?
3180 1857 3425 1911 Tertium
3459 1856 3732 1926 afﬁngitur
3759 1857 4034 1911 Justinia-

762 1942 1094 2011 depulimus.

832 2032 1097 2087 Eam-1cm
1156 2033 1427 2104 synodum
1478 2033 1743 2087 defensor
1796 2031 2149 2097 Theodoreti,
2212 2046 2337 2085 cum

762 2125 1056 2194 praesidem
1082 2125 1341 2180 habuisse
1406 2125 1671 2195 Spiritum
1718 2125 1814 2178 Dei
1877 2123 2126 2188 dixisset,
2153 2133 2339 2193 aperte

762 2217 1045 2271 criminari
1074 2217 1297 2271 erubuit
1323 2235 1334 2268 :
1379 2216 1552 2271 sensit
1596 2217 1765 2282 enim,
1790 2225 2054 2285 quantum
2086 2215 2141 2269 id
2172 2216 2342 2270 habe-

763 2316 849 2362 ret
878 2308 1118 2361 invidiae.
1154 2307 1262 2361 Sed
1286 2307 1413 2377 quia
1440 2323 1613 2362 canon
1636 2308 1885 2361 decimus
1920 2308 2115 2362 tertius
2147 2309 2340 2380 synodi

764 2415 794 2454 a
819 2399 1174 2454 Justinianteo
1202 2399 1530 2454 duodecimo
1552 2416 1746 2470 parum
1771 2400 2063 2455 admodum
2087 2398 2339 2469 differt“,

764 2492 1119 2546 Justinianmo
1156 2492 1351 2547 callide
1372 2491 1535 2563 473
1564 2492 1823 2547 defensor
1857 2494 2070 2564 objicit,
2100 2494 2248 2562 quod
2286 2494 2342 2548 in

767 2584 1082 2655 synodaletn
1131 2584 1337 2638 cadere
1363 2585 1549 2638 vellet.
1581 2584 1671 2638 Ait
1708 2585 1876 2654 igitur
1902 2585 2203 2663 ‘Justiniani
2250 2602 2343 2642 ca-

766 2694 970 2733 nonem
995 2678 1157 2733 inniti
1186 2677 1328 2732 ﬁctis
1346 2687 1586 2746 quatuor
1613 2677 1789 2731 factis.
1814 2679 1867 2730 1°
1894 2678 2050 2743 Quod
2085 2678 2342 2733 Theodo-

768 2779 922 2824 retus
956 2784 1057 2839 pro
1106 2768 1362 2823 Nestorio
1406 2767 1707 2837 scripserit,
1753 2779 1810 2822 et
1876 2768 2037 2823 ﬁdem
2086 2770 2347 2824 Ecclesiae

769 2860 1191 2930 impugnaverit.
1224 2858 1284 2912 2°
1303 2857 1460 2924 Quod
1486 2859 1749 2913 unionem
1783 2859 2183 2930 hypostaticam
2208 2861 2348 2931 reje-

769 2951 928 3014 cerit,
969 2950 1227 3019 quodque
1256 2957 1376 3004 erat
1420 2965 1767 3019 consequens
1797 2951 2006 3021 Virgini
2034 2952 2216 3006 Mariae
2248 2951 2347 3006 de-

771 3042 1271 3111 .raxeritDeiparze
1299 3042 1597 3096 nomen.'5°
1624 3040 1781 3107 Quod
1833 3059 1953 3096 eam
2001 3043 2072 3098 ob
2126 3059 2347 3098 causam

770 3132 1020 3204 dejectus
1050 3133 1121 3187 sit
1143 3132 1210 3187 de
1250 3132 1380 3187 sede
1409 3149 1440 3187 a
1472 3133 1677 3187 sanctis
1702 3134 1996 3203 episcopis.
2025 3134 2080 3187 4°
2112 3132 2265 3199 Quod
2292 3135 2348 3188 in

772 3222 1027 3299 concilio,
1068 3220 1507 3277 Calehedonensi
1562 3233 1787 3277 coaetus
1847 3224 1917 3277 sit
1947 3239 2132 3278 veram
2186 3224 2347 3278 ﬁdem
2379 3206 2420 3264 ο

772 3328 1090 3382 agnoscere,
1120 3323 1175 3367 et
1202 3315 1540 3367 contrarium
1578 3313 1780 3379 facere,
1811 3330 1977 3383 quam
2004 3315 2062 3369 in
2084 3315 2351 3385 operibus

780 3391 1047 3469 adversus
1074 3413 1325 3458 sanctum
1346 3403 1609 3475 Cyrillum
1641 3412 1847 3474 egerat.

850 3495 927 3549 Ex
965 3494 1053 3548 his
1076 3504 1314 3563 quatuor
1336 3510 1509 3549 unum
1546 3503 1733 3562 aperte
1768 3493 2067 3562 imponitur
2093 3494 2357 3551 Iustinia-

778 3600 867 3649 no,
906 3585 1126 3638 tertium
1152 3584 1395 3651 scilicet;
1444 3584 1658 3653 reliqua
1691 3582 1794 3636 tria
1828 3592 2084 3653 tanquam
2122 3593 2272 3639 certa
2303 3594 2359 3640 et

776 3678 1085 3733 indubitata
1113 3676 1384 3747 principia
1411 3684 1598 3731 sancta
1645 3674 1889 3745 synodus
1922 3676 2248 3745 assumpsit;
2306 3687 2363 3733 et

775 3768 902 3824 inde
931 3784 1093 3822 suum
1121 3782 1385 3821 canonem
1416 3768 1538 3838 jure
1576 3767 1775 3821 merito
1792 3766 2061 3832 confecit;
2098 3782 2220 3836 quae
2250 3783 2361 3822 ma-

776 3858 977 3912 nifeste
1010 3858 1462 3913 demonstranda.

838 3950 1104 4014 Primum,
1137 3953 1383 4019 inquam,
1427 3951 1723 4020 assumpsit
1774 3958 1962 4005 sancta
2002 3951 2242 4022 synodus
2270 3952 2313 3983 ”
2348 3969 2361 4006 :

786 4058 804 4092 ι
841 4040 898 4095 Si
927 4042 1053 4111 quis
1072 4040 1316 4094 defendit
1340 4040 1505 4109 impia
1536 4041 1864 4095 Theodoreti
1893 4042 2221 4111 conscripta,
2241 4059 2361 4113 qua:

779 4142 971 4189 contra
1022 4143 1227 4187 rectam
1252 4132 1436 4197 ﬁdem,
1468 4143 1523 4186 et
1548 4141 1739 4185 contra
1767 4132 1997 4201 primam
2030 4133 2362 4201 Ephesinam

779 4234 1021 4279 sanctam
1045 4224 1333 4294 Synodnm,
1370 4232 1425 4277 et
1463 4232 1711 4276 sanctum
1741 4223 2025 4294 Cyrillum,
2078 4231 2134 4277 et
2158 4224 2367 4279 duode-

781 4316 887 4370 cim
918 4317 1038 4386 ejus
1067 4315 1306 4384 capitula
1331 4314 1616 4384 exposuit,
1650 4325 1706 4369 et
1753 4315 1935 4369 omnia
1974 4330 2096 4384 quae
2123 4316 2367 4372 conscri-

779 4405 889 4475 psit
914 4420 1015 4475 pro
1051 4403 1344 4459 Theodoro
1374 4412 1430 4458 et
1457 4404 1712 4459 Nestorio
1742 4404 1948 4474 impiis,
1984 4422 2001 4455 ι
2039 4412 2147 4459 etc.

2442 1965 2535 2014 no,
2566 1948 2680 2003 sive
2719 1948 3097 2019 incogitantia,
3128 1956 3183 2003 ct
3224 1947 3491 2017 ρι’ωείρὶιί
3518 1948 3753 2003 lectione
3778 1948 4033 2011 canonis,

2440 2039 2554 2094 sive
2576 2054 2685 2108 quo
2714 2038 2823 2092 alio
2852 2037 3105 2094 consilio.

2511 2130 2655 2197 Quin
2685 2140 2946 2201 quartum
2987 2140 3177 2200 aperte
3210 2147 3269 2186 se
3297 2132 3532 2201 probare
3571 2138 3759 2186 saneta
3786 2143 4039 2201 synoaus

2442 2221 2702 2287 ostendit,
2732 2238 2857 2276 eum
2892 2222 2948 2275 in
2974 2220 3291 2291 prmfatione
3321 2221 3391 2275 ad
3423 2236 3688 2283 canones,
3725 2220 3819 2274 ubi
3849 2233 4039 2273 sermo

2445 2315 2613 2369 estde
2638 2314 2750 2378 lba,
2783 2330 2813 2368 a
2839 2329 2970 2383 quo,
3000 2313 3322 2383 priusquam
3365 2312 3762 2381 susciperetur,
3788 2310 4042 2381 exegisse

2444 2405 2703 2460 dicuntur
2738 2405 2926 2460 Patres
2955 2403 3430 2460 Cbalcedonenses
3462 2403 3869 2457 damnationem
3929 2402 4044 2457 Ne-

2446 2494 2601 2550 storii
2658 2503 2717 2549 et
2741 2493 3099 2564 dogmatum:
3141 2513 3158 2546 ‹
3195 2495 3311 2550 lloc
3340 2503 3393 2549 et
3440 2495 3493 2547 it.
3526 2493 3894 2557 Theodoreto,
3938 2494 4040 2556 ait,

2446 2589 2879 2643 observaverunt
2906 2595 2962 2641 et
2986 2594 3290 2657 exegerunt
3316 2602 3444 2641 eum
3473 2585 3935 2641 anathematizare
3952 2600 4043 2650 ea,

2447 2696 2546 2751 pro
2580 2680 2785 2750 quibus
2835 2679 3218 2734 accusabatur.
3260 2696 3278 2730 ι
3323 2678 3555 2747 Exigere
3587 2678 3859 2745 interpres
3886 2674 4045 2730 Lati-

2449 2787 2554 2825 nus
2586 2771 2728 2825 dixit
2757 2786 2861 2841 pro
2891 2769 3204 2841 compellere
3227 2785 3245 2826 :
3266 2769 3452 2824 nullus
3475 2769 3623 2823 enim
3653 2768 3876 2831 dubito,
3907 2766 4047 2835 quin

2450 2861 2638 2916 Patres
2679 2861 2885 2930 quintae
2929 2860 3123 2932 synodi
3149 2857 3343 2914 eodem
3374 2857 3579 2926 verbo,
3624 2872 3736 2927 quo
3772 2855 4046 2911 Justinia-

2451 2967 2578 3015 nus,
2622 2950 2879 3004 συνωθεῖν
2911 2951 2994 3004 usi
3020 2948 3150 3004 sint.

2502 3041 2684 3096 Finxit
2697 3056 2828 3111 ergo
2843 3040 3097 3094 defensor
3112 3038 3204 3094 ille
3220 3036 3551 3093 Theoaorctt
3599 3052 3658 3092 se
3674 3034 4049 3096 Justinianum

2454 3130 2912 3202 insectari,h7a
2934 3147 3057 3185 eum
3089 3130 3269 3200 reipsa
3298 3145 3550 3200 magnam
3570 3126 3724 3182 illam
3756 3129 4045 3199 synodum,

2455 3223 2545 3278 cui
2593 3223 2795 3278 fatetur
2824 3222 3083 3293 Spiritum
3136 3221 3228 3276 Dei
3266 3220 3601 3293 prwscdisse,
3632 3219 4046 3274 criminaretur.

2454 3316 2656 3370 Verum
2687 3317 2761 3369 ita
2786 3330 3006 3368 causam
3035 3312 3368 3368 Theodoreti
3397 3327 3557 3382 agere
3597 3310 3722 3382 quis
3749 3311 3916 3376 ausit,
3938 3309 4047 3365 nisi

2458 3408 2616 3478 cujus
2673 3406 2890 3461 intersit
2940 3404 3161 3476 infringi
3195 3406 3582 3460 auctoritatem
3637 3402 3920 3467 Ecclesiae,
3979 3416 4047 3457 ex

2459 3499 2573 3554 suis
2596 3500 2907 3568 quempiam
2935 3497 3198 3567 operibus
3229 3496 3500 3551 damnatis
3522 3498 3547 3550 ?

2533 3590 2779 3645 Mirabile
2809 3606 2974 3659 porro
2993 3599 3098 3653 est,
3122 3588 3217 3659 qui
3239 3589 3482 3659 potuerit
3510 3588 3698 3643 venire
3730 3591 3782 3645 in
3805 3595 4049 3641 mentem

2459 3683 2557 3737 ulli
2586 3683 2900 3737 mortalium
2929 3721 2944 3748 ,
3004 3682 3212 3751 quintae
3257 3681 3451 3752 synodi
3479 3680 3793 3735 testimonio
3838 3680 4049 3749 scripta

2462 3771 2817 3837 Theodoreti,
2870 3779 2995 3841 post
3027 3779 3135 3824 tam
3175 3770 3446 3824 celebrem
3478 3778 3698 3840 tamque
3727 3785 4049 3839 expressae:

2461 3863 2944 3934 proscriptionem,
2980 3862 3199 3916 defendi
3256 3876 3415 3932 posse
3453 3880 3465 3915 :
3510 3876 3675 3915 ausus
3725 3869 3810 3915 est
3862 3869 4050 3915 tamen

2463 3952 2720 4008 defensor
2759 3953 3101 4007 confidenter
3156 3967 3401 4007 asserere
3451 3951 3589 4005 ltlllil
3630 3950 3688 4004 in
3736 3966 3799 4005 ea
3834 3952 4049 4014 Patres,

2466 4053 2755 4114 postquam
2788 4045 3025 4115 perlecta
3055 4053 3205 4108 sunt,
3225 4044 3385 4109 nihil,
3421 4043 3796 4113 inquam,quo
3823 4042 4058 4097 damna-

2468 4146 2679 4200 rentur,
2707 4136 2963 4201 edixisse,
2994 4136 3090 4191 sed
3122 4135 3374 4191 laudasse
3400 4143 3609 4190 tantum
3638 4134 4056 4191 Chalcedonen-

2469 4226 2545 4282 sis
2574 4228 2792 4281 coneilii
2838 4226 3065 4283 factum.
3107 4228 3166 4282 Id
3200 4235 3261 4281 ut
3302 4228 3530 4298 probet,
3581 4243 3693 4283 non
3734 4227 3945 4282 veritus
3970 4234 4056 4281 est

2469 4318 2744 4373 adducere
2774 4320 2957 4375 locum
3008 4320 3157 4374 hunc
3208 4320 3518 4374 collationis
3556 4320 3601 4374 γ
3623 4318 3688 4375 ⁸³.
3717 4319 3796 4374 Ex
3825 4333 3939 4388 quo
3968 4326 4055 4370 ta-

2472 4421 2598 4461 men
2630 4407 2817 4477 priora
2843 4408 3014 4464 verba
3039 4408 3280 4463 detraxit
3321 4425 3336 4462 :
3370 4428 3387 4460 ‹
3422 4408 3619 4465 Sancta
3649 4408 3893 4480 synodus
3916 4407 4060 4461 dixit

2124 4558 2442 4615 SCllULle
2470 4560 2698 4617 NOTAE.

856 4693 916 4774 ‘°_
935 4692 1029 4774 Sic
1074 4694 1223 4774 enim
1272 4693 1676 4774 Iustinianaeus
1702 4708 1759 4748 se
1803 4694 2019 4774 habet:
2068 4693 2125 4774 Si
2162 4698 2279 4774 quis
2338 4697 2570 4774 defendit
2624 4701 2920 4770 conscripta
2970 4699 3291 4774 Theodoreti,
3331 4715 3484 4774 σειωᾷ
3510 4703 3748 4774 exposuit
3791 4720 3888 4774 pro
3946 4706 4061 4761 Ne-

784 4764 1972 4841 storio‘hazreticotaduersus__rectam_ﬁdem,
2008 4774 2054 4817 et
2080 4764 2413 4841 Ephesinam
2435 4770 2661 4841 primum
2694 4764 2935 4841 sanciam
2966 4771 3244 4841 synodum,
3280 4764 3409 4825 et'S.
3444 4764 3722 4841 Cyrillum,
3761 4764 3811 4827 e't
3861 4776 4063 4830 duode-

759 4834 765 4842 .
916 4834 1030 4920 ejus
1064 4831 1318 4927 cgpitula\,
1352 4834 1635 4927 inquii)?
1680 4828 1949 4927 gc‘eleratis
1995 4828 2486 4927 conscriptis'idein
2536 4838 2884 4927 Theodpretus
2940 4828 3276 4927 aﬂiectuqlem
3322 4842 3447 4927 dicit
3478 4828 3740 4896 unitatem
3777 4828 4063 4927 (exeam-ip:

784 4902 947 4982 λέγει
966 4904 1064 4971 τὴν
1092 4902 1439 4982 ἕνωσινὶΔΒρὶ
1470 4902 1617 4982 Verbi
1641 4904 1711 4955 ad
1734 4907 2018 4982 hominem,
2046 4905 2109 4957 de
2138 4902 2239 4975 quo
2274 4906 2643 4982 blasphemans
2687 4902 3040 4982 dixit,_quod
3064 4911 3306 4982 palpavit
3327 4910 3565 4965 Thomas
3594 4927 3720 4966 eum
3751 4902 4063 4982 q‘ui'resuf-

788 4974 1059 5050 rexi-thet-
1084 4973 1335 5050 adoravit
1363 4972 1610 5050 eum_qui
1643 4974 1990 5050 resuscitavit
2016 4992 2029 5026 :
2052 4984 2116 5050 εί
2129 4972 2408 5050 propterea
2436 4978 2623 5050 impios
2658 4988 2807 5032 vocat
2842 4972 3090 5050 Ecclesia}
3123 4972 3383 5043 doctores,
3415 4981 3507 5050 qui
3537 4972 3797 5050 unitatem
3838 4983 4062 5050 (ἕνωσιν

786 5042 911 5120 καθ’
958 5042 1275 5109 ὑπόστασιν)
1315 5043 1602 5120 secundum
1639 5042 2031 5120 subsistentiam
2071 5042 2172 5120 per
2217 5042 2382 5120 verbi
2415 5047 2483 5098 ad
2513 5042 2729 5120 carnem
2773 5048 3089 5120 conﬁtentur
3120 5065 3136 5102 :
3169 5057 3218 5102 et
3249 5042 3406 5120 super
3428 5042 3542 5103 'ha'c
3582 5049 3689 5120 Dei
3738 5042 4062 5107 Genitricem

789 5113 1016 5189 abnegat
1038 5119 1279 5165 sanctam
1301 5120 1348 5163 et
1383 5110 1670 5189 gloriosam
1716 5128 1923 5189 semper
1950 5115 2205 5189 virginem
2244 5114 2492 5189 Mariam.
2532 5113 2589 5169 Si
2623 5118 2747 5189 quis
2772 5110 2935 5187 igitur
2966 5129 3259 5189 memorata
3290 5110 3587 5189 conscripta
3620 5119 3930 5175 Theodoreti
3966 5124 4062 5176 de-

790 5181 978 5251 fendit,
1014 5189 1062 5233 et
1097 5198 1200 5234 non
1232 5182 1677 5258 anathematizat
1709 5197 1791 5258 ea,
1826 5181 1955 5258 talis
1978 5181 2261 5258 anathema
2289 5185 2377 5237 sit.
2415 5181 2644 5258 PrOpter
2670 5181 2812 5239 tales
2832 5189 2972 5258 enim
3022 5188 3373 5257 blasphemias
3405 5190 3469 5241 ab
3494 5181 3799 5257 Episcopatu
3829 5191 4063 5258 dejecms

790 5249 889 5330 est,
929 5260 977 5304 et
1008 5251 1282 5330 posteagin
1309 5258 1494 5330 sancto
1542 5249 1955 5330 Chalcedonensi
1987 5252 2206 5330 concilio
2250 5249 2656 5330 compulsusest
2697 5249 3202 5330 om_nia__con_trar'ia
3240 5249 3544 5330 memoratis
3594 5249 3715 5330 suis
3750 5249 4063 5330 conscriptis

792 5319 986 5396 facere,
1009 5318 1071 5373 et
1101 5328 1300 5373 rectam
1328 5318 1489 5396 ﬁdem
1536 5318 1796 5387 conﬁteri.
1836 5320 2150 5396 Synodicus
2186 5338 2318 5396 vero
2362 5318 2446 5376 est
2479 5325 2795 5393 bnjusmodi
2821 5344 2834 5377 :
2864 5324 2921 5380 Si
2948 5327 3065 5395 quis
3108 5327 3342 5395 defendit
3376 5328 3543 5396 impia
3591 5327 3902 5381 Theodoreti
3933 5318 4063 5382 con-

789 5388 1011 5466 scripta,
1036 5405 1154 5466 quia
1176 5396 1362 5441 contra
1390 5388 1549 5466 [idem
1574 5397 1624 5442 et
1646 5397 1831 5466 contra
1856 5388 2084 5459 primam
2103 5388 2696 5466 Ephesinam_sanctam
2717 5388 3000 5466 synodum,
3025 5404 3077 5447 et
3114 5388 3358 5449 sanctum
3396 5388 3675 5466 Curillum,
3710 5405 3759 5450 et
3786 5398 4063 5452 duodecim

791 5459 906 5528 ejus
929 5459 1165 5536 capitula
1188 5460 1527 5536 προπίῃ-ξι
1556 5460 1737 5536 omnia
1767 5475 1884 5529 qua:
1921 5462 2253 5536 conscripsit,
2279 5478 2373 5531 pro
2425 5463 2691 5517 Theodoro
2720 5459 2769 5518 ei
2810 5464 3053 5519 Nestorio
3105 5466 3302 5535 impiis,
3352 5474 3400 5519 et
3439 5459 3539 5536 pro
3575 5466 3716 5530 aliis,
3743 5469 3834 5536 qui
3870 5471 4061 5522 eadem

792 5528 1350 5606 prwdictisIheodoro
1370 5528 1690 5606 et_Nes_torio
1721 5528 2036 5606 surpuerunt.
2063 5528 2463 5606 defendenseos
2499 5540 2547 5606 gt
2574 5550 2771 5606 eorum
2805 5536 3149 5606 impietatem,
3181 5528 3248 5587 ἐι
3270 5528 3483 5606 propter
3520 5537 3615 5588 hoc
3645 5528 3833 5606 impios
3867 5554 4064 5592 vocans

792 5597 1027 5652 doctores
1057 5597 1328 5663 Ecclesia,
1347 5601 1437 5672 qui
1460 5600 1720 5672 unitatem
1744 5601 2028 5653 secundum
2070 5597 2460 5672 su'hsistentiam
2487 5602 2583 5657 Dei
2620 5602 2769 5658 Verbi
2798 5603 2868 5656 ad
2880 5597 3116 5658 'carnem
3150 5597 3490 5672 conﬁtentur,
3514 5612 3562 5658 et
3605 5597 4067 5662 non'anathema-

794 5676 925 5744 tjaat
955 5684 1038 5732 ea,
1066 5678 1115 5720 et
1151 5683 1235 5720 eos
1277 5667 1379 5744 qui
1389 5667 1589 5744 similia
1614 5670 1705 5722 eis.
1729 5680 2039 5744 sapuerunt,
2060 5668 2152 5744 ‘vel
2170 5672 2407 5744 sapiunt,
2435 5672 2650 5741 insuper
2672 5682 2847 5744 autem
2879 5682 2928 5727 et
2963 5691 3162 5738 omnes,
3189 5667 3278 5744 qui
3302 5667 3628 5744 scripserunt
3651 5685 3836 5730 contra
3863 5687 4063 5731 rectam

790 5738 972 5818 ﬁdem,
1001 5747 1049 5790 et
1071 5736 1619 5818 sanctumCyrillum,
1643 5747 1693 5791 et
1720 5736 1991 5818 duodecim
2009 5736 2419 5818 ejus-capitula,
2459 5736 2621 5810 usque
2641 5814 2653 5818 _
2673 5743 2754 5818 ⁸ιιά
2788 5753 3032 5818 Αῃιρτξεηι
3084 5736 3268 5798 intuli
3310 5736 3601 5818 impietate
3624 5757 4065 5818 permanserunt;

794 5807 919 5862 talis
952 5809 1240 5865 anathema
1269 5808 1361 5864 sit.
1386 5807 1397 5809 ἡ
1436 5809 1481 5841 “
1507 5808 1641 5863 Vide
1670 5824 1858 5880 supra,
1886 5807 2082 5880 p.243.
2126 5810 2169 5841 ”
2186 5810 2320 5867 Vide
2341 5807 2611 5884 supra,'p.
2635 5812 2720 5868 l0.
2782 5813 2828 5846 ”
2855 5813 2989 5870 Vide
3023 5828 3210 5884 supra,
3237 5830 3293 5885 p.
3321 5807 3425 5871 460
3449 5830 3564 5888 seq.
3595 5808 3601 5814 ’
