4224 6442
218 378 317 443 ul

1378 381 1475 440 DE
1514 380 1690 440 FIDE
1728 378 2235 439 THEODORETI.

3382 377 3485 441 ω

221 493 407 563 (lectis
432 491 771 551 Theodoreti
795 493 1059 565 scriptis),
1085 508 1153 549 ex
1175 494 1262 549 uis
1288 509 1409 561 qua:
1436 494 1815 549 Theodoretus
1843 497 1889 554 Α
1917 492 2123 547 erranti
2169 492 2346 545 amico
2372 490 2713 545 consensisse
2761 504 2893 544 voce
2922 499 3101 553 tenus,
3133 491 3333 544 mentis
3361 506 3481 544 sen-

219 584 387 652 lmpie
405 584 758 653 conscripsit,
782 583 1029 639 miranda
1046 594 1132 639 est
1150 586 1427 640 subtilitas
1445 586 1619 640 sancti
1643 584 1807 641 Chal-

219 672 556 728 cedonensis
577 675 797 729 concilii
830 692 843 728 :
884 677 1065 730 sciens
1084 676 1231 731 enim
1260 677 1379 746 ejus
1416 676 1803 746 blasphemias,

214 761 370 829 prius
406 761 632 830 quidem
656 762 845 817 multis
878 764 1078 832 saepius
1109 780 1207 819 usa
1235 772 1319 819 est
1345 772 1533 819 contra
1555 750 1680 819 eum
1714 780 1809 819 ex-

215 852 678 919 clamationibus;
712 864 901 923 postea
942 870 1076 909 vero
1123 872 1232 909 non
1264 856 1425 910 aliter
1448 872 1576 910 eum
1621 872 1807 910 susce-

216 942 410 1011 pisset,
465 942 576 995 nisi
622 943 777 1011 prius
834 943 1350 999 anathematizasset
1392 945 1702 998 Nestorium
1754 952 1807 998 et

213 1034 331 1102 ejus
357 1033 757 1102 blasphemias,
796 1050 896 1103 pro
918 1036 1121 1104 quibus
1149 1045 1307 1090 antea
1332 1037 1586 1104 scripsit,
1620 1038 1807 1090 defen-

212 1123 349 1178 dens
384 1140 507 1179 eas.
545 1143 565 1175 ι
600 1126 741 1180 Proh
774 1126 935 1179 ﬁdem
966 1126 1269 1181 defensoris
1290 1136 1347 1181 et
1377 1128 1634 1181 lectoris!
1671 1126 1807 1181 Hoc-

211 1213 332 1267 cine
364 1223 452 1267 est
484 1214 830 1269 indemnatos
860 1216 1197 1284 relinquere,
1225 1230 1321 1270 eos
1363 1217 1531 1285 impie
1562 1217 1807 1270 conscri-

211 1313 334 1371 ptos
357 1304 572 1369 dicere,
594 1314 651 1359 et
671 1306 1385 1374 blasphemiarummomine
1417 1308 1689 1377 appellare
1715 1307 1737 1360 τ

278 1396 353 1447 At
382 1410 452 1448 eo
486 1396 617 1460 loci,
668 1396 879 1465 inquiet
917 1396 1056 1450 forte
1106 1396 1385 1460 defensor,
1423 1413 1532 1452 non
1572 1409 1655 1453 est
1698 1398 1805 1452 lata

212 1485 702 1541 condemnationis
739 1489 1029 1542 sententia.
1064 1489 1259 1543 Fateor
1288 1504 1417 1543 sane
1437 1529 1451 1553 ,
1502 1490 1595 1543 sed
1626 1505 1803 1558 neque

215 1582 347 1630 tunc
386 1577 605 1641 debuit,
639 1593 767 1632 cum
790 1579 1036 1634 nondum
1073 1582 1289 1649 cognita
1328 1589 1473 1634 esset
1494 1580 1597 1635 Iba:
1618 1595 1799 1645 causa,

212 1665 430 1721 differri
473 1669 532 1721 in
560 1676 809 1724 octavam
863 1671 1231 1734 collationem,
1270 1671 1363 1724 ubi
1421 1686 1628 1726 canone
1687 1688 1799 1737 xui,

212 1772 380 1825 quem
413 1758 675 1813 defensor
704 1760 1091 1825 dissimulavit,
1124 1763 1327 1831 scripta
1378 1762 1707 1818 Theodoreti
1735 1763 1800 1817 iis

1910 583 2080 636 tentia
2125 580 2493 644 dissensisse;
2549 578 2951 632 Theodoretum
3000 578 3269 631 catholico
3320 594 3481 632 sensu

1907 673 2173 735 locutum,
2204 670 2515 724 Nestorium
2543 669 2832 734 heretico;
2867 668 3083 723 incaute
3116 670 3288 733 illum,
3319 670 3480 723 istum

1908 762 2139 832 maligne
2174 776 2335 815 voces
2364 761 2627 829 quasdam
2658 761 2942 830 ambiguas
2984 762 3277 831 protulisse
3312 779 3323 815 :
3357 763 3487 831 qui-

1907 855 2009 908 bus
2039 866 2270 923 utcrque
2301 853 2529 906 vocibus
2557 852 2921 906 communiter
2951 866 3083 904 usus
3109 861 3210 913 est,
3247 852 3341 905 has
3358 869 3480 906 cum

1908 945 2252 1000 Theodorcto
2279 944 2623 1005 exciderunt,
2643 958 2822 1010 posse,
2847 942 3009 995 modo
3031 941 3269 995 Charitas
3296 942 3484 994 audia-

1908 1046 2016 1100 tur,
2041 1038 2275 1106 benigna
2312 1035 2766 1105 interpretatione
2792 1036 3025 1103 exponi;
3052 1050 3159 1087 non
3189 1034 3406 1096 debere,
3438 1035 3482 1086 si

1904 1127 2091 1195 pietati
2121 1134 2394 1194 pareatur,
2416 1142 2539 1179 cum
2558 1141 2587 1178 a
2610 1123 2863 1178 Nestorio
2888 1124 3234 1177 adhibentur.
3254 1123 3483 1177 Verum-

1902 1219 2185 1271 enimvero
2212 1216 2449 1287 idipsum
2481 1225 2563 1269 est
2593 1214 2738 1283 quod
2782 1215 2837 1267 in
2868 1214 3295 1268 controversiam
3324 1230 3484 1268 voca-

1905 1316 2015 1371 tur,
2045 1322 2113 1360 an
2143 1306 2445 1375 prudenter
2466 1306 2532 1358 de
2553 1306 2661 1357 alio
2677 1306 2834 1357 aliter
2858 1303 3127 1374 judicium
3155 1303 3271 1355 ﬁeri
3296 1312 3478 1371 queat,

1902 1401 2344 1470 quandoquidem
2402 1408 2635 1467 uterque
2682 1400 2887 1452 eisdem
2933 1398 3118 1452 verbis
3176 1415 3306 1452 usus
3366 1408 3477 1463 est;

1903 1502 2135 1562 uterque
2169 1492 2421 1547 eumdem
2468 1491 2660 1545 habuit
2710 1491 3033 1559 magistrum
3073 1489 3478 1542 Theodoretum

1903 1584 2368 1653 Mopsuestenum;
2406 1590 2639 1651 uterque
2673 1582 2931 1635 unionem
2979 1580 3369 1650 hypostaticam
3398 1596 3482 1633 re-

1896 1673 2056 1744 jecit;
2088 1683 2321 1742 uterque
2346 1673 2484 1727 duos
2503 1673 2559 1725 in
2585 1670 2804 1725 Christo
2837 1670 2980 1724 ﬁlios
3004 1672 3180 1738 reipsa
3208 1672 3476 1739 posuisse,

1901 1782 1931 1819 a
1974 1767 2109 1819 viris
2152 1766 2507 1820 sanctissimis
2542 1774 2598 1819 et
2647 1762 2981 1817 doctissimis
3032 1762 3317 1816 convictus
3359 1773 3476 1826 cst;

211 1848 399 1902 verbis
422 1850 734 1919 proscripta
763 1859 911 1918 sunt,
949 1852 1152 1923 quibus
1176 1854 1265 1907 vix
1300 1868 1539 1923 unquam
1574 1853 1800 1908 alterius
1835 1839 1870 1892 Β
1903 1866 2132 1925 uterque
2188 1856 2315 1910 inde
2356 1856 2459 1909 sibi
2520 1854 2636 1907 ﬁeri
2692 1854 3016 1907 calumniam
3075 1862 3303 1921 questus
3358 1861 3476 1913 est;

212 1941 516 2008 cujuslibet
545 1941 811 1997 hmretici.

279 2031 458 2085 Nemo
491 2030 807 2087 Catholicus
849 2034 905 2088 in
936 2036 1083 2090 hunc
1115 2052 1289 2107 usque
1329 2038 1472 2093 oiem
1520 2046 1797 2104 senserat,

213 2121 381 2191 objici
413 2138 580 2191 posse
599 2124 805 2193 aliquid
833 2126 1095 2182 adversus
1117 2130 1493 2184 auctoritatem
1511 2129 1711 2200 Pelagii
1733 2131 1797 2194 ll,

211 2215 414 2267 summi
444 2216 745 2284 pontiﬁcis,
803 2227 896 2271 aut
927 2217 1174 2289 Gregorii
1212 2220 1281 2274 Μ.
1308 2223 1489 2290 potius
1519 2222 1612 2291 qui
1649 2223 1801 2275 Pela-

211 2304 286 2374 gii
322 2308 552 2361 nomine
594 2308 925 2363 decretalem
964 2312 1270 2380 epistolam,
1303 2314 1358 2367 in
1382 2314 1611 2371 materia
1651 2314 1797 2380 ﬁdei,

210 2397 494 2467 episcopis
536 2398 729 2463 Istriaa,
776 2400 1109 2456 doctissimis
1142 2404 1304 2457 simul
1332 2414 1387 2458 et
1426 2405 1799 2473 pertinacissi-

212 2489 318 2543 mis
346 2490 519 2543 trium
554 2492 799 2561 capitum
826 2495 1326 2565 propugnatoribus
1348 2497 1586 2565 scripsit.
1612 2497 1799 2551 Visum

210 2586 295 2632 est
338 2595 522 2648 nuper
573 2580 848 2635 defensori
879 2582 1227 2647 Theodoreti,
1277 2586 1474 2639 elevari
1509 2601 1667 2655 posse
1700 2586 1802 2640 hac

211 2670 269 2723 in
288 2686 458 2725 causa
492 2680 701 2727 tantum
721 2674 952 2744 pondus,
983 2676 1282 2746 Magnoque
1304 2677 1586 2747 Gregorio,
1605 2695 1798 2749 qnam-

212 2762 298 2815 vis
342 2764 610 2818 Ecclesia:
655 2765 887 2830 doctori,
925 2767 1137 2821 detrahi
1166 2768 1349 2830 ﬁdetn,
1388 2783 1494 2821 non
1530 2769 1799 2837 appellato

211 2853 440 2921 quidem
469 2856 608 2908 tanti
633 2856 736 2909 viri
763 2858 987 2926 proprio
1006 2859 1249 2921 nomine,
1276 2859 1400 2929 quis
1423 2860 1569 2913 enim
1602 2858 1801 2913 ferret?

213 2943 313 2997 sed
360 2943 431 2997 .in
489 2961 690 3013 genere
741 2948 972 3017 loquens
1035 2948 1102 3003 de
1137 2950 1550 3006 successoribus
1595 2950 1796 3020 Vigilii,

210 3048 450 3104 quorum
478 3036 726 3103 quintus,
752 3036 1051 3108 Gregorius
1092 3040 1161 3092 Μ.
1199 3041 1554 3109 pronuntiare
1590 3056 1699 3094 non
1735 3040 1799 3094 ti-

211 3126 372 3188 muit,
423 3142 549 3179 esse
597 3127 753 3182 bona:
790 3129 1022 3193 mentis,
1059 3145 1406 3185 successores
1439 3131 1644 3201 Vigilii,
1674 3148 1796 3185 cum
1826 3166 1867 3224 ο

210 3231 380 3285 opera
413 3215 751 3271 Theodoreti
782 3218 1152 3287 proscribunt,
1189 3234 1299 3287 pra:
1330 3219 1529 3289 Vigilio
1562 3236 1669 3273 non
1699 3220 1799 3273 im-

202 3308 514 3377 probante,
547 3308 734 3377 sequi,
766 3309 966 3377 quippe
1002 3308 1096 3378 qui
1131 3325 1231 3362 ncc
1259 3309 1572 3379 diligentius
1610 3310 1798 3365 istha:c

210 3414 383 3467 opera
412 3398 801 3468 perlegissent,
836 3414 937 3453 nec
978 3400 1101 3467 plus
1130 3399 1449 3453 habuissent
1479 3409 1571 3453 aut
1599 3401 1799 3453 intelli-

211 3491 412 3559 gentia:
434 3489 507 3542 ad
532 3490 927 3558 assequendam
955 3490 1196 3544 auctoris
1219 3492 1565 3551 sententiam,
1588 3500 1680 3545 aut
1715 3491 1795 3545 fa-

218 3578 445 3632 cultatis
472 3578 540 3631 ad
560 3594 687 3632 vera
716 3587 771 3633 et
794 3579 1142 3647 supposititia
1166 3579 1545 3634 discernenda.
1563 3580 1800 3645 Quomo-

217 3668 309 3733 do,
336 3668 874 3739 inquit,diligentius
896 3671 1255 3740 perlegissent
1276 3711 1290 3735 ,
1329 3686 1451 3724 cum
1480 3671 1666 3725 Graece
1695 3671 1796 3723 titi-

210 3775 314 3813 ous
333 3760 571 3814 scirent?
595 3767 687 3812 aut
708 3760 981 3828 quomodo
1003 3763 1369 3831 perspicacius
1384 3761 1793 3833 dijudicassent,

209 3862 335 3901 cum
384 3847 607 3917 longius
636 3863 667 3899 a
697 3846 1030 3901 Theodoreti
1074 3856 1231 3902 aetate
1266 3848 1617 3902 recederent?
1645 3848 1795 3901 Adde

208 3939 381 4007 quod,
408 3938 590 4007 pergit
616 3937 727 4003 ille,
756 3953 1101 3993 successores
1129 3939 1309 4008 Vigilii
1339 3954 1619 4008 nunquam
1647 3939 1797 3992 dixe-

206 4027 341 4090 rint,
376 4042 436 4080 se
469 4026 803 4079 Theodoreti
835 4043 1002 4096 opera
1020 4027 1089 4081 ad
1116 4043 1343 4081 examen
1366 4044 1610 4093 vocasse,
1634 4028 1795 4098 475

206 4118 538 4189 priusquam
568 4118 910 4183 damnarent,
937 4126 1100 4188 atque
1124 4120 1195 4173 ita
1222 4118 1494 4173 fateantur
1522 4135 1579 4174 se
1608 4121 1795 4174 tulisse

206 4209 571 4270 sententiam,
590 4224 698 4262 non
720 4210 847 4278 quia
870 4210 1252 4279 cognovissent
1271 4225 1509 4273 causam,
1532 4212 1627 4264 sed
1650 4212 1795 4279 quod

208 4298 379 4354 ﬁdem
423 4300 753 4354 tribuissent
783 4300 935 4355 Actis
981 4300 1187 4369 quinta:
1228 4301 1455 4370 synodi,
1488 4302 1545 4354 in
1594 4303 1795 4370 quibus

207 4398 333 4445 acta
381 4389 734 4445 Chalcedone
770 4407 895 4445 cum
926 4391 1276 4446 Theodoreto
1330 4407 1507 4460 neque
1543 4392 1795 4445 similiter

1903 1957 2133 2014 uterque
2151 1946 2259 2000 dici
2294 1961 2452 2014 posse
2488 1947 2658 1999 Deum
2688 1960 2904 2013 passum
2936 1945 3193 2011 negavit;
3242 1954 3477 2011 uterque

1902 2038 2216 2093 Catholicos
2252 2038 2445 2101 irrisit,
2469 2038 2615 2107 quod
2646 2037 2966 2091 crucifixum
3003 2051 3099 2105 pro
3132 2035 3290 2088 nobis
3314 2046 3476 2088 teter-

1902 2145 2032 2183 num
2055 2129 2151 2183 Dei
2178 2129 2372 2181 Filium
2413 2136 2758 2190 assererent;
2794 2137 3021 2193 uterque
3053 2124 3256 2193 Cyrillo
3283 2139 3480 2193 expro-

1902 2218 2098 2281 bravit,
2130 2215 2274 2285 quod
2299 2231 2420 2268 cum
2450 2214 2599 2277 Ario,
2629 2213 2965 2267 Eunomioet
2985 2211 3279 2279 Apollinari
3305 2210 3475 2263 senti-

1902 2317 2006 2372 ret,
2042 2317 2170 2362 tunc
2199 2323 2322 2362 cum
2361 2308 2576 2377 regulas
2607 2314 2767 2358 recta:
2799 2305 2924 2357 lidci
2951 2303 3221 2367 traderet;
3248 2312 3476 2371 uterque

1902 2401 2146 2472 ejusdem
2202 2400 2555 2470 blasphemia:
2585 2407 2871 2451 accusatus
2921 2405 3025 2458 est,
3061 2406 3115 2449 et
3153 2395 3374 2463 quidem
3406 2394 3476 2448 ab

1900 2494 2090 2550 eodem
2122 2493 2343 2564 Cyrillo,
2375 2508 2485 2562 quo
2511 2490 2694 2545 nullus
2725 2487 2828 2541 fuit
2859 2489 2915 2541 in
2959 2488 3201 2541 Ecclesia
3229 2485 3469 2555 mystcrii

1902 2584 2294 2638 incarnationis
2340 2583 2632 2647 scientior;
2659 2588 2890 2649 uterque
2921 2578 2990 2632 ab
3020 2578 3215 2633 eadem
3263 2575 3473 2647 synodo

1901 2676 2238 2731 meumcnica
2268 2676 2633 2745 proscriptus.

1972 2767 2125 2835 Quod
2156 2768 2200 2821 si
2244 2765 2463 2833 aliquod
2506 2763 2800 2819 discrimen
2832 2760 3173 2815 intercedere
3206 2758 3473 2829 quispiam

1902 2858 2216 2921 contendat,
2248 2856 2460 2910 fatebor
2507 2855 2735 2919 lubens;
2788 2854 2882 2907 sed
2914 2852 3243 2906 contendam
3288 2852 3472 2915 simul,

1900 2947 2238 3003 discriminis
2287 2945 2553 3016 quidquid
2607 2953 2709 3005 est,
2767 2942 3111 2996 Theodoreto
3147 2941 3475 2996 invidiosum

1906 3056 2066 3095 esse:
2099 3054 2224 3093 nam
2260 3038 2517 3091 unionem
2558 3035 2951 3106 hypostaticatn
2991 3047 3245 3102 expresse
3274 3034 3472 3102 rejicit,

1901 3129 2186 3185 Nestorius
2200 3145 2267 3182 ex
2290 3126 2645 3196 consequenti
2668 3133 2897 3178 tantum.
2913 3124 3263 3178 Theodorum
3291 3124 3476 3179 laudat

1901 3222 2050 3275 velut
2072 3219 2327 3274 Ecclesia:
2362 3219 2526 3271 totius
2558 3216 2902 3286 magistrum,
2930 3215 3023 3284 qui
3051 3215 3187 3268 nihil
3212 3216 3476 3271 doctrina:

1898 3311 2001 3365 nisi
2035 3311 2256 3379 optima:
2286 3307 2613 3372 tradiderit;
2642 3322 2709 3361 ne
2743 3305 2909 3360 verbo
2931 3305 3152 3375 quidem
3182 3307 3477 3375 appellavit

1897 3403 2197 3457 Nestorius.
2228 3400 2486 3471 Cyrillum
2509 3406 2747 3460 accusat,
2781 3398 2926 3467 quod
2959 3398 3193 3451 haeresin
3224 3407 3473 3463 renovet,

1898 3487 2154 3556 quodque
2181 3487 2311 3539 feris
2347 3486 2539 3540 bestiis
2570 3487 2786 3548 srevius,
2823 3500 2946 3537 cum
2978 3494 3163 3553 pastor
3194 3486 3299 3549 sit,
3345 3501 3476 3541 oves

1899 3578 2100 3636 Christi
2148 3578 2441 3645 discerpat,
2496 3592 2559 3630 ac
2588 3576 2809 3645 pietatis
2845 3577 3026 3644 specie
3080 3577 3137 3629 in
3186 3577 3475 3633 haereticus

1898 3667 2265 3736 blasphemias
2298 3676 2552 3733 erumpat
2589 3684 2599 3717 :
2634 3666 2915 3719 Nestorius
2946 3666 3093 3719 velut
3123 3680 3243 3719 cum
3276 3667 3475 3721 adver-

1897 3758 2041 3812 sario
2077 3773 2236 3827 agere
2266 3763 2557 3811 contentus
2590 3755 2712 3809 fuit.
2753 3754 2943 3825 Cyrilli
2976 3756 3216 3824 capitula
3270 3757 3475 3811 duode-

1898 3852 2004 3901 cim
2036 3849 2185 3903 velut
2220 3849 2383 3917 impia
2420 3857 2474 3902 et
2505 3848 2821 3915 blasphetna
2847 3849 3243 3902 contumeliose
3278 3848 3473 3903 redar-

1898 3944 2045 4011 guit;
2090 3942 2393 3996 modestius
2417 3940 2582 4012 576
2626 3940 2932 4000 Nestorius,
2979 3940 3109 3991 satis
3156 3954 3276 3993 esse
3321 3950 3474 3993 ratus

1898 4033 2295 4086 contradicere.
2319 4032 2456 4097 Quid
2477 4034 2630 4100 plura
2653 4032 2675 4083 ?
2702 4030 3070 4084 debacchatus
3094 4038 3177 4082 est
3205 4030 3475 4099 impoten-

1888 4133 1980 4178 ter
2002 4124 2380 4177 Theodoretus
2398 4123 2451 4174 in
2481 4131 2723 4176 sanctam
2751 4121 3014 4190 synodum
3035 4120 3385 4188 Ephesinam,
3405 4122 3473 4176 de

1896 4231 1959 4269 ea
1986 4224 2195 4269 tantum
2222 4221 2448 4282 questus
2469 4222 2551 4267 est
2582 4212 2887 4265 Nestorius.

1900 4332 2197 4384 Atmchus
2240 4328 2326 4381 IV.
2364 4358 2433 4366 —
2469 4327 2607 4391 Quid
2649 4336 2983 4381 accusatores
3032 4326 3335 4381 Theodoreti
3385 4328 3474 4381 Je-

2244 4397 2533 4465 fcnsoribus
2574 4398 2883 4466 respondere
2910 4398 3123 4466 possint.

208 4496 368 4545 vero,
414 4497 599 4551 neque
649 4482 887 4537 ﬁdeliter
927 4492 1242 4537 narrantur.
1280 4484 1406 4536 Haec
1454 4492 1509 4537 et
1553 4484 1657 4537 alia
1702 4484 1791 4537 Ille
1829 4494 1869 4547 D
1960 4489 2098 4543 XIV.
2132 4488 2383 4552 Plausus,
2416 4488 2694 4556 inquiunt,
2736 4487 3145 4541 Catliolicorum
3172 4487 3473 4543 Antiochia:

210 4579 466 4625 tortuose
502 4579 560 4625 et
604 4586 702 4641 per
732 4572 1000 4626 circuitus
1031 4588 1248 4637 vocum,
1279 4587 1345 4626 ex
1374 4572 1578 4641 quibus
1612 4574 1654 4626 si
1681 4573 1793 4627 sin-

209 4676 339 4716 cere
374 4661 531 4731 loqui
558 4662 743 4726 vellet,
771 4672 959 4732 aperte
987 4663 1195 4718 diceret
1221 4681 1235 4717 :
1259 4663 1554 4733 Gregorius
1582 4664 1653 4717 M.
1683 4680 1793 4718 non

217 4754 337 4807 suis
391 4753 593 4817 oculis,
651 4754 747 4808 sed
800 4755 1014 4821 alienis,
1049 4756 1223 4826 iisque
1276 4756 1579 4820 fallacibus,
1628 4771 1795 4825 opera

216 4843 565 4898 Theodoreti
598 4844 759 4914 legit,
790 4846 909 4900 sine
939 4847 1186 4902 examine
1229 4848 1474 4903 exercuit
1506 4847 1793 4918 judicium,

214 4935 393 4990 verba
428 4936 538 4990 sibi
564 4936 679 4990 dari
715 4952 907 5007 passus
947 4947 1051 5003 est,
1100 4938 1232 4994 falsa
1278 4955 1382 5009 pro
1424 4940 1571 4994 veris
1615 4940 1795 4993 oblata

213 5026 536 5081 discernere
564 5043 674 5082 non
718 5030 917 5094 valuit,
952 5031 1224 5101 excerptis
1264 5031 1620 5085 mendacibus
1662 5032 1794 5084 sim-

219 5114 443 5185 pliciter
466 5116 721 5180 credidit,
746 5134 931 5174 errore
960 5118 1087 5174 facti
1111 5121 1281 5174 libros
1305 5120 1547 5189 alioquin
1569 5121 1799 5175 catholi-

221 5223 319 5263 cos
345 5208 577 5263 haeresis
608 5209 905 5264 damnavit.
942 5210 1048 5265 Sed
1085 5226 1207 5281 qua:
1248 5212 1339 5265 illa
1363 5228 1490 5278 vox,
1516 5222 1572 5266 et
1612 5213 1797 5267 unde?

209 5299 437 5355 Diluere
466 5314 579 5355 non
603 5308 689 5354 est
716 5314 877 5369 opus,
900 5316 1021 5370 qua:
1040 5302 1387 5357 schismatice
1403 5303 1683 5357 dicuntur.

275 5390 357 5445 De
378 5390 743 5447 consensione
760 5391 1096 5447 Theodoreti
1123 5407 1247 5447 cum
1264 5391 1517 5449 Nestorio
1541 5392 1595 5446 id
1619 5408 1787 5446 unum

208 5495 241 5536 ι
270 5481 661 5539 defensoribus
709 5481 819 5537 dici
856 5497 1016 5552 posse
1068 5483 1290 5539 video“
1385 5484 1788 5539 Thcodoretum

1900 4581 2035 4635 nihil
2056 4581 2347 4634 admodum
2376 4581 2572 4647 prohat
2597 4596 2610 4630 :
2638 4579 2838 4646 majore
2861 4578 3129 4646 siquidem
3152 4578 3473 4633 Theodorus

1901 4672 2122 4725 auditus
2150 4680 2253 4733 est,
2279 4685 2380 4723 nec
2411 4668 2617 4722 idcirco
2650 4675 2832 4721 tamen
2851 4665 3167 4721 Catholicus
3195 4676 3467 4721 censetur.

1899 4762 2106 4815 Deinde
2142 4776 2262 4829 qua:
2292 4758 2454 4812 fuerit
2481 4768 2612 4811 tunc
2638 4756 2899 4827 temporis
2920 4756 2987 4810 de
3012 4757 3267 4809 Ecclesia:
3292 4758 3472 4811 orien-

1901 4853 2026 4905 talis
2052 4860 2196 4905 statu
2228 4850 2282 4903 S.
2307 4849 2493 4919 Cyrilli
2524 4848 2732 4917 opinio,
2770 4847 3076 4915 intelligere
3108 4846 3235 4899 licet
3258 4863 3324 4899 ex
3352 4848 3471 4916 cpi-

1902 4942 2038 4995 stola
2077 4940 2145 4994 ad
2171 4940 2430 4994 Acacium
2462 4938 2797 5001 Melitenum,
2830 4936 2921 4990 ubi
2945 4936 3283 4990 demonstrat
3313 4938 3444 4992 Joan

1896 5032 1983 5085 nis
2006 5030 2250 5099 episcopi
2279 5040 2335 5084 et
2378 5029 2547 5083 totius
2569 5027 2768 5096 plebis,
2798 5028 2962 5081 etiam
2989 5037 3111 5097 post
3148 5028 3335 5081 initam
3367 5029 3469 5082 Ec~

1895 5122 2187 5175 clesiarum
2246 5134 2430 5189 pacem
2480 5118 2806 5173 incredibile
2854 5120 2909 5172 in
2939 5118 3285 5172 Theodorum
3325 5118 3473 5187 Mop-

1899 5223 2239 5275 sucstenum,
2268 5211 2653 5281 Theodorique
2685 5211 2990 5265 doctrinam
3037 5209 3303 5270 studium,
3335 5210 3472 5265 adeo

1900 5315 1962 5360 ut
1988 5305 2043 5358 in
2071 5304 2301 5359 ecclesia
2338 5302 2746 5357 exclamaretur
2790 5301 3152 5371 populariter,
3188 5319 3205 5351 ι
3249 5300 3474 5355 Crescat

1898 5396 2173 5451 Theodori
2216 5396 2382 5459 ﬁdes;
2414 5393 2495 5448 sic
2522 5393 2831 5458 credimus,
2880 5393 3021 5447 sicut
3069 5391 3409 5447 Theodorus.
3446 5410 3465 5443 ν

1896 5485 2185 5555 Egregiam
2212 5498 2362 5549 vero,
2402 5484 2682 5554 inquiunt,
2710 5483 2964 5554 discipuli
3010 5482 3254 5550 laudem,
3292 5480 3469 5539 audiri

1560 5636 1873 5693 SCIIULZII
1904 5635 2129 5692 NOTZE.

290 5798 340 5829 “
368 5797 431 5853 lu
484 5793 627 5853 hanc
649 5793 926 5852 mitiorem
956 5796 1285 5853 sententiam
1324 5795 1667 5867 propendere
1702 5797 1850 5851 visus
1876 5804 1957 5850 cst
1995 5794 2309 5860 Garnerius,
2337 5810 2391 5864 p.
2431 5795 2553 5850 {50.
