4224 6442
743 384 846 448 4‘23

1878 384 2257 443 CARNERII
2298 385 2794 446 DISSERTATIO
2834 388 2947 447 IlI.

3920 384 4028 449 «ΩΑ.

741 500 976 553 libenter
1008 498 1076 552 ab
1132 497 1199 550 iis
1231 514 1259 549 a
1312 496 1515 566 quibus
1557 495 1826 565 ejusmodi
1887 495 2148 564 magister
2193 494 2329 550 tanti
2365 504 2405 557 Α
2440 497 2586 551 clum
2627 498 2855 553 haeresis
2886 498 3233 562 damnautes,
3261 509 3317 555 et
3358 500 3591 554 mirifico
3614 502 3791 569 elogio
3821 502 3873 553 in
3921 501 4031 555 line

742 592 931 645 ﬁeret!

812 683 929 737 Jam
963 697 1093 736 vero
1118 680 1263 751 quod
1309 696 1433 734 cum
1466 690 1820 735 accusaretur
1865 679 2074 735 Christi
2104 681 2157 733 in
2186 680 2327 735 duos

743 772 883 825 filios
914 771 1102 834 divisi,
1152 772 1218 825 de
1245 771 1517 824 calumnia
1558 771 1859 839 exceperit,
1903 770 1954 823 id
1988 780 2049 822 ut
2078 770 2332 839 exemplo

740 864 977 918 Nestorii
1004 864 1227 926 factum,
1257 863 1327 916 ita
1356 863 1507 932 parvi
1532 864 1794 918 momenti
1819 873 1923 918 est.
1951 863 2138 933 Neque
2165 863 2331 917 etiam

742 954 984 1024 majoris,
1014 952 1160 1021 quod
1191 951 1258 1004 ab
1290 950 1650 1021 Eutychianis
1686 950 1821 1004 dura
1857 965 2086 1019 qumque
2140 964 2334 1018 passus

740 1048 832 1108 sit,
866 1060 991 1098 cum
1037 1044 1263 1097 duriora
1288 1043 1597 1106 Nestorius,
1628 1043 1695 1096 ab
1721 1045 1840 1112 ipso
1866 1042 2033 1095 etiam
2063 1040 2330 1111 Eutyche,

739 1137 1056 1209 pertulerit,
1092 1153 1195 1191 nec
1214 1146 1395 1190 tamen
1438 1136 1648 1188 idcirco
1688 1149 1863 1203 purus
1896 1133 1966 1190 sit
1994 1134 2221 1188 erroris.

811 1229 1124 1301 Appellavit
1187 1228 1410 1297 quidem
1467 1226 1615 1280 sedis
1670 1226 1982 1295 apostolica:
2028 1225 2329 1295 judicium;

738 1340 850 1379 non
884 1333 1064 1377 tamen
1092 1319 1357 1374 continuo
1388 1319 1496 1373 dici
1529 1318 1694 1372 debet
1714 1317 2053 1372 Catholicus.
2079 1317 2212 1371 Nam
2264 1317 2332 1371 ad

738 1416 885 1469 idem
931 1412 1204 1485 judicium
1250 1410 1498 1479 confugit
1546 1425 1655 1462 uno
1687 1417 1814 1461 ante
1862 1423 2007 1461 anno
2035 1408 2332 1479 Eutyches,

739 1522 863 1560 cum
890 1521 921 1560 a
958 1504 1218 1558 Flaviano
1253 1502 1542 1555 damnatus
1562 1506 1745 1564 esset;
1782 1515 1885 1553 nec
1918 1499 2127 1554 idcirco
2150 1501 2334 1556 minus

738 1612 865 1650 rcus
889 1595 992 1648 fuit
1017 1592 1238 1647 erroris.

808 1683 1212 1747 Theodoretus,
1241 1681 1437 1746 fateor,
1459 1681 1728 1752 judicium
1762 1682 1922 1750 petiit
1953 1696 2017 1734 cx
2049 1679 2337 1736 suislibris

736 1777 1009 1841 exerceri,
1038 1777 1191 1846 quasi
1232 1784 1417 1829 certus
1462 1776 1605 1829 foret
1637 1782 1909 1828 contentm
1941 1774 1997 1827 in
2045 1773 2110 1826 iis
2142 1773 2334 1827 ortho-

2436 590 2823 646 ecclesiastieze
2878 590 3121 646 historia:
3149 592 3417 658 affecerit,
3471 604 3728 663 tanquam
3772 593 4033 648 Ecclesiae

2436 681 2775 750 inculpatum
2808 682 3151 755 magistrum.

2496 772 2697 826 Verum
2731 772 2954 841 quidem
2991 781 3097 837 est,
3149 773 3296 843 quod
3345 774 3423 827 S.-
3459 773 3571 830 Leo
3614 774 4033 832 Theodoretum

2436 870 2562 916 ante
2592 864 2787 934 synodi
2812 864 3279 920 Chalcedonensis
3306 865 3578 936 judicium
3622 867 3934 923 restituerit
3977 869 4035 924 in

2437 954 2644 1018 sedem,
2675 971 2896 1025 sumque
2922 956 3329 1011 communionis
3351 956 3673 1027 participem
3700 971 3822 1011 esse
3844 959 4039 1014 volue-

2436 1044 2528 1098 rit.
2560 1045 2763 1100 Verum
2796 1044 3022 1117 pariter,
3049 1047 3198 1116 quod
3223 1046 3479 1101 eumdem
3511 1056 3701 1117 postea
3728 1050 4038 1118 gratulato-

2437 1138 2535 1193 riis
2584 1138 2787 1194 litteris
2835 1139 3181 1204 salutaverit,
3216 1139 3504 1211 egeritque
3551 1141 3754 1209 gratias
3797 1140 3870 1195 ob
3915 1157 4035 1196 rem

2435 1231 2492 1285 in
2526 1231 2735 1302 synodo
2764 1232 2905 1286 bene
2932 1238 3160 1302 gestam.
3192 1231 3419 1296 Verum,
3457 1231 3704 1300 inquam,
3733 1232 3881 1287 istud
3905 1240 3992 1287 est
4022 1250 4033 1285 :

2436 1324 2531 1379 sed
2557 1323 2610 1378 S.
2641 1322 2752 1376 Leo
2786 1338 2913 1376 eum
2953 1323 3097 1377 forte
3126 1321 3387 1385 restituit,
3420 1322 3701 1376 communi
3737 1337 3864 1377 cum
3899 1324 4035 1377 reli-

2436 1416 2561 1484 quis
2580 1412 2870 1476 hcneficio,
2892 1410 3217 1465 rescindens
3236 1411 3421 1465 omnia
3451 1410 3789 1467 latrocinalis
3810 1411 4036 1466 concilii

2436 1509 2570 1562 Acta
2610 1524 2620 1559 :
2657 1505 2962 1575 gratulatus
2982 1514 3067 1558 est
3089 1503 3313 1566 litteris,
3356 1502 3451 1557 sed
3480 1502 3685 1572 quibus
3708 1518 3773 1556 ex
3802 1503 4038 1572 obliquo

2437 1597 2614 1666 carpit
2637 1596 2881 1657 modum,
2917 1610 3026 1663 quo
3057 1594 3375 1648 Nestorium
3405 1594 3717 1663 ejeraverat
3744 1594 3789 1626 “
3822 1611 3835 1647 :
3870 1612 3891 1643 ι
3918 1594 4041 1648 Hoc

2437 1702 2656 1758 quoque
2694 1702 2797 1740 nos
2829 1693 3020 1740 contra
3063 1686 3250 1741 hostes
3282 1685 3545 1740 Ecclesia:
3572 1686 3865 1754 providere
3900 1701 4036 1740 con-

2438 1780 2661 1851 dignum
2693 1789 2795 1844 est,
2823 1788 2883 1833 ut
2909 1778 2990 1832 eis
3020 1778 3228 1830 nullam
3257 1776 3630 1830 calumniandi
3659 1776 4035 1839 occasionem,

737 1874 893 1926 doxae
931 1870 1091 1925 fidei:
1116 1885 1311 1923 verum
1346 1869 1489 1923 inter
1520 1868 1574 1921 id
1602 1868 1923 1937 petendum,
1959 1866 2164 1929 omisit,
2193 1881 2327 1936 pru-
2364 1879 2401 1932 Β
2431 1872 2578 1941 quod
2608 1871 2674 1926 ad
2707 1887 2807 1925 nos
2847 1871 3076 1932 attinet,
3105 1869 3328 1940 penitus
3360 1868 3757 1937 relinquamus,
3798 1884 3902 1923 nec
3936 1885 4037 1922 uu-

736 1964 953 2027 denter,
980 1961 1286 2016 auteallide
1320 1962 1526 2031 potius,
1550 1960 1743 2024 libros,
1775 1973 2008 2028 quorum
2035 1969 2226 2027 aperto
2254 1966 2334 2011 te-

737 2058 999 2113 stimonio
1028 2057 1213 2111 Romae
1238 2066 1368 2109 tunc
1385 2072 1414 2108 a
1436 2054 1616 2108 Leone
1647 2053 1899 2108 convinci
1922 2053 2121 2121 potuit,
2142 2067 2336 2120 quem-

737 2150 1033 2205 admodum
1077 2148 1304 2212 ibidem,
1356 2157 1731 2216 consequente
1784 2145 2015 2209 sazcnlo,
2068 2160 2099 2198 a
2144 2152 2332 2199 sancto

734 2240 1031 2311 Gregorio,
1065 2238 1327 2295 haeretice
1358 2238 1596 2293 sensisse
1620 2244 1877 2291 ostensus
1900 2244 2005 2301 est,
2032 2248 2087 2289 et
2110 2242 2331 2289 centum

734 2344 861 2405 post
879 2334 1092 2388 obitum
1114 2336 1130 2351 '
1152 2332 1313 2386 annis
1338 2346 1366 2383 a
1391 2329 1581 2400 quinta
1613 2328 1822 2399 synodo
1853 2327 2162 2380 damnatus.
2193 2326 2333 2380 Sunt

734 2436 918 2480 autem
960 2424 1087 2478 libri
1120 2423 1220 2488 illi,
1269 2420 1751 2491 Reprehensiones
1783 2418 2152 2488 capitulorum
2177 2432 2207 2470 a
2229 2415 2334 2487 Cy-

736 2518 860 2571 rillo
912 2516 1242 2587 scriptorum
1275 2512 1558 2569 C(elestini
1607 2509 1876 2581 jussione,
1931 2508 2329 2579 Pentalogium,

734 2610 1035 2673 Eranistes,
1066 2606 1315 2661 defensio
1351 2605 1576 2660 Diodori
1607 2614 1665 2659 et
1693 2602 1997 2667 Theodori,
2034 2614 2144 2657 etc.

804 2702 1204 2771 Argumentum
1259 2698 1613 2767 desumptum
1667 2712 1734 2750 ex
1791 2693 2155 2749 consensione
2202 2709 2330 2749 cum

734 2794 864 2848 fidei
887 2790 1330 2847 confessionibus
1357 2789 1558 2851 tribus,
1584 2802 1707 2856 quae
1736 2786 1926 2856 procul
1950 2785 2121 2839 dubio
2138 2784 2331 2839 catho-

732 2885 854 2938 licae
876 2892 1026 2947 sunt,
1062 2882 1251 2936 minus
1279 2880 1490 2935 idcirco
1524 2878 1746 2949 pondus
1775 2878 1961 2939 habet,
1991 2879 2139 2947 quod
2170 2894 2238 2932 ex
2263 2878 2331 2934 iis

732 2987 954 3050 petatur
1006 2976 1306 3047 operibus,
1365 2989 1487 3045 quae
1540 2981 1666 3044 post
1729 2989 1933 3027 annum
1988 2973 2092 3027 447
2159 2973 2333 3029 edidit

733 3069 903 3123 homo
921 3068 1147 3123 attritus
1176 3063 1357 3131 malis,
1406 3071 1464 3120 et
1492 3070 1779 3134 postquam
1819 3060 2041 3116 vexatio
2088 3059 2332 3116 dedisset

734 3161 1096 3215 intellectum.

800 3252 935 3319 Qua:
980 3267 1114 3307 vero
1165 3261 1290 3306 ante
1335 3250 1443 3305 hoc
1490 3257 1710 3319 tempus
1756 3248 2106 3317 composuit,
2157 3248 2333 3303 nihilo

731 3343 859 3413 plus
884 3343 1100 3411 juvant.
1126 3340 1205 3395 Ad
1238 3340 1294 3394 id
1325 3340 1497 3402 enim,
1525 3338 1669 3408 quod
1694 3338 1988 3392 adducitur
2014 3354 2081 3392 ex
2103 3339 2334 3408 epistola

732 3436 960 3491 Joannis
1000 3432 1331 3489 Antiocheni
1385 3431 1451 3485 ad
1478 3431 1796 3485 Nestorium
1846 3430 1915 3483 dc
1946 3430 2169 3500 Virgine
2202 3430 2333 3483 Θεο-

732 3530 900 3598 τὸκῳ,
930 3526 1139 3581 diceret
1169 3524 1372 3594 aliquis
1405 3542 1416 3576 :
1452 3526 1683 3593 primunt
1716 3538 1825 3576 non
1857 3522 2028 3576 fuisse
2060 3522 2336 3576 indubita-

735 3632 850 3674 tum
882 3621 1171 3683 hactenus,
1197 3617 1344 3687 quod
1368 3615 1748 3669 Theodoretus
1766 3614 2063 3684 ipsam,ch
2085 3615 2332 3679 omnino,

734 3713 824 3767 vel
848 3727 951 3766 suo
978 3727 1164 3775 sensu,
1186 3709 1471 3779 scripserit
1494 3726 1504 3760 :
1527 3708 1714 3761 deinde
1734 3708 2181 3778 utscripserit,et
2209 3709 2334 3779 qui-

735 3804 862 3858 dem
897 3820 998 3858 suo
1034 3819 1197 3858 sensu
1225 3803 1293 3867 ‘5,
1323 3800 1468 3871 quod
1496 3800 1655 3870 longe
1676 3800 1879 3863 verius,
1908 3808 2056 3854 certe
2088 3799 2217 3853 data
2250 3807 2334 3855 est

731 3898 895 3970 477
934 3898 1109 3950 tribus
1134 3895 1246 3949 fere
1304 3893 1589 3948 mensibus
1627 3900 1921 3961 antequam
1959 3890 2145 3962 Cyrilli
2179 3891 2331 3961 capi-

734 3990 850 4043 tula
878 3987 1333 4058 reprehenderet,
1364 3996 1531 4053 atque
1562 3983 1619 4037 in
1649 3999 1892 4037 errorem
1918 3982 2208 4037 incideret.

796 4082 854 4136 ld
896 4096 1067 4146 vero,
1119 4078 1269 4149 quod
1305 4094 1374 4132 ex
1406 4076 1839 4146 reprehensione
1888 4075 2051 4146 primi
2103 4074 2329 4144 capituli

733 4175 1039 4247 profertur,
1067 4174 1134 4228 de
1163 4171 1512 4227 confessione
1532 4169 1772 4239 Virginis
1803 4168 2087 4227 Θεοτὸκου,
2113 4165 2328 4237 gemina

734 4265 1065 4323 auctoritate
1111 4262 1456 4330 infringitur,
1482 4260 1688 4330 quintae
1729 4259 1921 4331 synodi
1954 4258 2240 4323 nimirum,
2273 4265 2330 4311 et

730 4363 981 4434 Gregorii
1020 4362 1091 4415 Μ.
1123 4378 1136 4414 :
1164 4360 1347 4414 locum
1392 4356 1538 4411 enim
1575 4356 1725 4409 hunc
1768 4354 1837 4409 de
1883 4361 2073 4408 sancta
2099 4352 2327 4423 Virgine

733 4454 1017 4510 damnavit
1062 4450 1412 4506 anathemate
1458 4445 1736 4516 synodus,
1774 4443 2071 4515 Gregorius
2102 4443 2325 4513 plenum

733 4546 1030 4618 impietatis
1058 4553 1115 4599 et
1142 4542 1499 4612 blasphemiae
1526 4540 1782 4594 asseruit.

798 4640 930 4705 Quae
954 4637 1313 4707 proferuntur
1331 4650 1396 4689 ex
1428 4631 1840 4688 commentariis
1870 4630 1925 4683 in
1950 4628 2236 4699 epistolam
2259 4626 2327 4681 ad

731 4734 1031 4796 Romanos,
1058 4738 1221 4799 atque
1247 4729 1414 4783 etiam
1436 4744 1502 4781 ex
1534 4727 1735 4781 Psalmi
1766 4726 1835 4780 66
1862 4724 2231 4794 expositione,
2264 4737 2328 4777 ac

731 4823 953 4893 dialogo
991 4822 1156 4876 tertio
1190 4820 1478 4883 Eranistm,
1520 4817 1697 4871 videri
1748 4826 1975 4886 possent
2011 4814 2329 4869 Theodore-

734 4923 851 4966 tum
879 4910 1107 4964 omnino
1136 4909 1444 4971 absolvere,
1490 4905 1596 4961 nisi
1629 4904 1820 4958 eadem
1864 4904 2179 4974 scripsisset
2217 4903 2328 4956 ille»

732 5012 1095 5077 psuestenus;
1133 5017 1238 5056 nec
1260 5001 1384 5055 ideo
1416 5010 1595 5055 tamen
1618 4999 1940 5055 Catholicus
1973 4997 2041 5051 ab
2081 4997 2325 5051 Ecclesia

734 5097 809 5152 sit
831 5095 1076 5149 habitus.
1114 5090 1317 5163 Opinio
1339 5091 1486 5145 enim
1522 5089 1893 5160 Mopsucstcni
1922 5087 2201 5143 Christum
2229 5086 2328 5141 dc-

737 5187 981 5242 finientis
1008 5184 1297 5255 ἄνθρωπον
1326 5182 1719 5254 ἐνεργούμενω
1744 5180 1880 5234 Θεοῦ
1900 5219 1914 5242 ,
1938 5179 2092 5234 facile
2125 5179 2331 5249 patitur

735 5279 952 5339 omnia,
1010 5293 1135 5346 qua:
1184 5276 1395 5345 prolata
1453 5283 1617 5339 sunt,
1676 5283 1738 5328 ut
1787 5270 2097 5327 communis
2146 5285 2332 5325 sermo

733 5370 949 5441 probat.
974 5368 1385 5424 Theodoretum
1415 5381 1583 5436 porro
1608 5363 1881 5420 Theodori
1916 5362 2203 5417 sententia:
2233 5361 2331 5415 ad-

734 5461 984 5525 haesisse,
1010 5461 1095 5515 vel
1133 5475 1200 5515 ex
1230 5473 1298 5514 eo
1328 5456 1638 5513 clarissime
1681 5462 1919 5518 constat,
1971 5452 2118 5523 quod
2148 5452 2331 5506 Theo-

732 5553 929 5611 dorum
954 5561 1011 5607 et
1034 5550 1346 5607 defenderit
1371 5549 1636 5604 adversus
1672 5548 1769 5604 SS.
1816 5547 2081 5618 Cyrillum
2112 5553 2169 5599 et
2194 5544 2331 5598 Pro.

2438 1980 2603 2035 quam
2630 1972 2821 2018 contra
2850 1963 3211 2017 Nestorianos
3240 1968 3336 2013 aut
3371 1960 3743 2030 Eutychianos
3777 1970 4030 2030 agentes,

2437 2056 2595 2110 alteri
2624 2058 2816 2109 eorum
2844 2054 3134 2108 videamur
3157 2062 3304 2123 terga
3340 2054 3603 2117 vertisse;
3642 2052 3735 2106 sed
3764 2062 4037 2123 utrosque

2433 2147 2644 2203 Christi
2675 2148 2870 2202 hostes
2891 2162 3045 2217 aequa
3062 2146 3219 2199 lance
3239 2145 3481 2199 vitemus
3505 2154 3670 2215 atque
3682 2145 4036 2206 damnemus,

2434 2240 2509 2296 ita
2540 2248 2601 2294 ut
2622 2256 2755 2306 eos,
2792 2239 3009 2310 quoties
3063 2238 3409 2293 audientium
3461 2237 3807 2308 quantalibet
3850 2238 4039 2307 poscit

2434 2332 2668 2398 utilitas,
2696 2347 2822 2387 cum
2843 2330 3202 2403 dogmatibus
3245 2343 3438 2383 eorum
3485 2329 3651 2400 digno
3683 2326 4039 2383 anathemate

2432 2424 2840 2494 promptissime
2876 2431 3039 2493 atque
3066 2420 3482 2477 evidentissima
3528 2420 3822 2487 feriamus,
3865 2437 3963 2487 ne,
3993 2422 4038 2475 si

2434 2517 2541 2569 hoc
2562 2532 2588 2570 a
2621 2516 2780 2570 nobis
2804 2525 2899 2570 aut
2920 2516 3213 2570 obscurius
3236 2512 3354 2568 fieri
3378 2513 3654 2579 videatur,
3680 2521 3774 2567 aut
3800 2512 4038 2576 tardius,

2435 2616 2661 2678 putetur
2701 2608 2967 2674 invitum;
3000 2606 3147 2677 quod
3185 2604 3437 2677 quamvis
3491 2604 3844 2675 prudentiam
3888 2613 4041 2659 tuam

2435 2709 2524 2756 res
2551 2702 2683 2770 ipsa:
2713 2701 3011 2755 admonere
3043 2698 3341 2758 sufficiant,
3362 2699 3476 2768 jam
3523 2707 3704 2752 tamen
3732 2704 3788 2748 et
3814 2697 4039 2756 experi-

2434 2803 2621 2850 menta
2648 2794 2978 2849 docuerunt.
3012 2813 3030 2844 ι

2503 2885 2626 2957 Egit
2648 2887 2850 2956 gratias
2873 2886 2945 2939 ob
2966 2901 3083 2939 rem
3108 2885 3251 2939 bene
3277 2893 3508 2954 gestam,
3535 2882 3632 2937 sed
3650 2890 3884 2953 paterna
3907 2898 4040 2954 pru-

2434 2978 2641 3043 dentia,
2670 2982 2791 3048 qua:
2829 2986 3113 3032 nutantem
3154 2976 3222 3030 ad
3252 2992 3473 3030 causam
3518 2974 3646 3029 fidei
3687 2976 3957 3030 tuendam
3987 2984 4044 3029 et

2434 3071 2679 3141 apertius
2702 3078 2758 3125 et
2776 3069 3227 3140 καθολικωτέρως
3247 3068 3536 3140 obligaret.
3563 3067 3669 3122 Sed
3688 3067 3877 3123 omnia
3898 3068 4039 3133 haec,

2435 3177 2556 3232 qua:
2585 3160 2642 3216 S.
2666 3161 2905 3216 Leonem
2940 3168 3213 3231 spectant,
3234 3158 3540 3229 posteriora
3565 3161 4040 3215 suntconversio—

2442 3270 2534 3319 ne,
2576 3270 2698 3323 qua:
2723 3270 2866 3307 anno
2891 3254 2995 3307 447
3025 3253 3277 3323 contigit,
3300 3263 3396 3307 aut
3424 3252 3616 3306 saltem
3639 3251 3899 3306 inchoata
3931 3263 4038 3306 est.

2504 3345 2756 3400 Edictum
2788 3344 3050 3400 Marciani
3078 3344 3428 3398 Theodorcto
3455 3344 3645 3414 procul
3675 3343 3845 3397 dubio
3869 3344 4040 3407 favet,

2436 3452 2498 3491 ea
2523 3445 2699 3507 parte,
2732 3452 2838 3506 qua
2866 3436 3018 3489 illum
3048 3434 3314 3507 synodico
3336 3435 3560 3489 decreto
3589 3433 3775 3488 ornari
3800 3432 3872 3489 de
3908 3449 4042 3488 con-

2445 3538 2662 3583 servata
2686 3529 2949 3599 religione
2979 3536 3241 3595 testatur;
3271 3527 3365 3583 scd
3392 3543 3455 3581 ea
3482 3527 3598 3597 ipsa
3625 3536 3779 3597 parte
3801 3525 4045 3581 diflicul-

2439 3628 2608 3673 tatem
2641 3628 2793 3673 creat
2811 3637 2822 3670 :
2842 3618 2975 3672 latet
2993 3618 3139 3671 enim
3164 3633 3273 3686 quo
3299 3617 3365 3671 de
3388 3616 3582 3687 synodi
3610 3616 3835 3670 decreto
3854 3630 4045 3670 sermo

2435 3710 2528 3765 sit.
2569 3709 2707 3763 Nam
2748 3708 2842 3763 ubi
2882 3708 3098 3763 tandem
3147 3709 3355 3763 mentio
3388 3706 3555 3778 478
3584 3706 3668 3761 vel
3700 3707 3932 3762 minima
3970 3708 4043 3764 de

2435 3809 2762 3857 conservata
2822 3800 3130 3870 religione,
3188 3807 3555 3868 prmterquam
3617 3797 3673 3851 in
3751 3800 4040 3853 sententia

2434 3892 3034 3954 MaximiAntiocbeni,
3071 3882 3239 3961 cujus'
3266 3890 3568 3945 testimonii
3608 3905 3731 3943 mox
3766 3889 4045 3946 institue-

2435 3994 2524 4038 tur
2547 3984 2818 4038 examen?
2843 3983 3342 4052 Deindeiuterprcs
3367 3980 3598 4035 Latinus
3626 3979 3844 4035 Graecas
3864 3981 4045 4037 edicti

2435 4092 2599 4131 voces
2625 4093 2735 4130 non
2767 4077 2901 4131 satis
2928 4076 3182 4146 religiose
3206 4073 3401 4128 vertit:
3424 4072 3503 4127 sic
3520 4072 3668 4127 enim
3696 4086 3754 4125 se
3781 4071 3999 4127 habent
4029 4092 4042 4127 :

2434 4169 2507 4223 "ll
2536 4186 2593 4222 τε
2624 4169 2806 4231 ἄδικος
2852 4169 3123 4236 ἀπόφασις
3156 4166 3321 4237 μηδὲν
3360 4164 3648 4236 βλαπτέτω
3696 4164 3831 4236 μηδὲ
3864 4164 4045 4219 Eius-

2431 4260 2567 4325 ὄιον,
2618 4260 2752 4330 μηδὲ
2800 4259 3165 4330 Θεοδὼρητον,
3221 4258 3355 4329 μηδὲ
3400 4258 3526 4319 τοὺς
3578 4256 4040 4328 θεοφιλεστάτους

2431 4352 2787 4415 ἐπισκόπους,
2814 4350 2908 4414 οὓς
2936 4353 2963 4404 ὁ
2993 4352 3114 4421 ὅρος
3149 4353 3176 4403 ὀ
3210 4350 3372 4412 αὐτὸς
3419 4349 3688 4420 περιέχει,
3727 4350 4042 4421 ἐπειδήπερ

2429 4444 2489 4498 οὐ
2524 4443 2780 4496 δύνανται
2811 4444 2876 4495 ἐκ
2901 4442 3202 4507 διατάξεως
3245 4440 3541 4495 ἐπίσκοποι
3577 4442 4038 4510 κατακρίνεσθαι,

2361 4560 2403 4614 D
2432 4535 2525 4599 οὓς
2558 4536 2650 4589 ἐπὶ
2679 4537 2744 4606 τῇ
2783 4536 3019 4607 φυλακῇ,
3052 4538 3118 4607 τῇ
3148 4534 3245 4605 τῆς
3277 4534 3535 4598 πίστεως,
3570 4532 3823 4602 συνοδικὴ
3853 4533 4042 4604 ψῆίξος

2434 4629 2763 4700 ἐκόσμησεν.
2815 4627 2876 4682 Id
2920 4636 3049 4682 est:
3087 4644 3104 4677 ι
3147 4625 3339 4695 Iniqua
3392 4625 3664 4678 sententia
3713 4624 4041 4681 nullatenus

2434 4728 2650 4783 noceat,
2694 4732 2876 4788 neque
2916 4715 3180 4779 Eusebio,
3220 4730 3403 4784 neque
3432 4713 3802 4777 Thcodoreto,
3846 4731 4040 4787 neque

2436 4809 2866 4882 religiosissimis
2899 4807 3195 4878 episc0pis,
3222 4821 3361 4877 quos
3383 4805 3576 4861 eadem
3605 4805 3856 4861 definitio
3885 4823 4042 4863 com-

2434 4902 2758 4975 prehendit;
2810 4899 3259 4972 quandoquidem
3312 4898 3575 4968 pnesulcs
3632 4898 4040 4954 constitutione

2435 4993 2683 5050 damnari
2702 5008 2812 5047 non
2854 4997 3103 5061 possunt,
3138 5006 3280 5060 quos
3300 4990 3369 5043 ob
3398 4988 3525 5043 fidei
3554 4987 3861 5042 custodiam
3897 5005 4041 5061 syn-

2437 5087 2658 5142 odicum
2689 5084 2975 5139 decretum
3028 5082 3294 5137 laudavit.
3341 5100 3359 5132 »
3406 5080 3553 5136 Fidei
3580 5096 3744 5150 porro
3768 5084 4038 5150 custodia,

2438 5186 2663 5247 propter
2685 5192 2848 5246 quam
2896 5173 3212 5235 laudantur,
3241 5188 3349 5226 non
3382 5171 3589 5241 absque
3613 5171 3826 5226 ratione
3855 5172 4037 5229 videri

2434 5279 2613 5339 potest
2643 5269 2761 5339 ipsa
2791 5283 2912 5324 esse
2960 5264 3234 5321 confessio
3266 5263 3502 5319 duarum
3554 5272 3880 5318 naturarum
3932 5265 4038 5319 ad-

2432 5378 2628 5416 versus
2658 5362 2822 5416 unius
2845 5368 3167 5424 assertores,
3200 5365 3429 5428 propter
3456 5372 3599 5427 quos
3633 5355 3870 5410 maxime
3905 5371 4041 5428 syn-

2433 5452 2574 5505 odus
2599 5449 3066 5507 Chalcedonensis
3098 5456 3286 5503 coacta
3310 5455 3413 5502 est.

2504 5542 2623 5598 Jam
2639 5558 2772 5599 vero
2795 5543 2914 5597 laus
2942 5541 3159 5597 Maximi
3196 5539 3523 5597 Autiocheni
3550 5540 3756 5596 idcirco
3788 5543 4035 5601 multum

2086 5698 2406 5757 SCIIULZII
2440 5694 2663 5754 ΝΟΤᾹῧ.

791 5848 832 5881 ὀ
866 5847 965 5905 Vid
1026 5863 1077 5919 ιν.
1120 5848 1237 5904 .568.
1316 5844 1361 5879 σι
1394 5844 1506 5902 rid.
1538 5852 1573 5899 t.
1601 5844 1685 5911 1v,
1727 5860 1777 5914 p.
1820 5843 1973 5900 “95.
2010 5912 2014 5916 θ
