4224 6442
156 386 244 446 425
1375 381 1470 440 DE
1509 377 1684 438 FIDE
1719 375 2194 436 THEODORETI
2215 426 2222 434 .

3288 378 3389 439 426

154 499 210 549 de.
239 510 341 547 suo
381 495 625 562 pondere
665 493 892 556 amittit,
935 495 1078 562 quod
1121 508 1224 545 non
1265 502 1347 544 est
1379 507 1407 544 a
1439 493 1556 543 viro
1599 505 1726 542 con-
1757 493 1799 545 Α
1829 486 1966 538 ctam
2004 488 2266 555 synodum
2303 486 2626 555 Ephesinam
2658 485 2906 554 primam,
2943 494 3186 538 sanctum
3214 485 3388 556 Cyril-

154 585 498 638 stantissima:
528 584 652 636 ﬁdei
683 603 692 634 :
724 585 813 651 qui
837 584 982 637 enim
1011 599 1155 636 nunc
1188 591 1416 636 testatur
1453 597 1509 635 se
1550 580 1726 632 Theo-

153 679 395 730 doretum
428 676 560 728 olim
586 684 638 730 et
661 691 689 728 a
720 675 988 743 principio
1014 689 1112 743 pro
1140 673 1418 727 Catholico
1448 672 1721 730 habuisse,

154 782 263 818 cum
298 767 354 818 in
381 766 624 819 Ecclesia
647 766 987 818 Antiocliena
1017 765 1308 818 conciones
1349 763 1591 822 haberet,
1638 762 1724 815 ille

154 867 292 918 tunc,
325 865 468 909 teste
494 855 714 924 Cyrillo,
753 875 768 904 ε
806 856 1072 908 accedens
1093 854 1470 907 Alexandriam
1497 854 1724 921 plurima

154 947 464 1000 inclamavit
493 947 548 999 in
577 945 882 1000 Orientales
902 987 914 1009 ,
944 947 1132 999 dicens
1164 946 1493 998 orthodoxos
1517 945 1724 997 nullum

155 1035 221 1087 ibi
251 1035 464 1089 habere
497 1037 702 1097 locum,
755 1050 857 1087 nec
894 1034 1147 1086 fiduciam
1182 1034 1438 1102 loquendi
1476 1034 1542 1087 de
1582 1042 1726 1086 recta

155 1122 269 1175 ﬁde.
310 1142 330 1173 ›
369 1123 506 1189 Qua:
541 1128 557 1143 °
589 1124 755 1176 verba
784 1133 1030 1191 spectare
1063 1123 1465 1176 Theodoretum
1486 1138 1551 1175 ex
1582 1122 1725 1192 ipsa-

153 1224 252 1268 met
277 1215 518 1283 epistola
563 1222 619 1268 et
656 1213 881 1267 historia
920 1214 1180 1283 temporis
1212 1228 1372 1267 nemo
1403 1220 1581 1283 potest
1619 1230 1725 1267 non

155 1307 478 1378 intelligere.

213 1394 515 1448 Facundus
535 1409 644 1447 non
671 1394 1167 1458 laudavittantum,
1199 1395 1291 1449 sed
1323 1395 1486 1449 etiam
1513 1411 1580 1449 ex
1608 1397 1726 1450 ani-

157 1501 236 1539 mo
265 1487 685 1540 Theodoretum
714 1486 993 1552 defendit;
1025 1501 1136 1540 non
1172 1487 1277 1540 alio
1313 1494 1491 1540 tamen
1525 1488 1727 1550 animo,

158 1593 251 1632 nec
300 1577 430 1630 aliis
476 1577 750 1642 laudibus,
798 1593 959 1647 quam
989 1577 1191 1645 quibus
1227 1576 1574 1631 Theodorum
1621 1579 1731 1632 Mo-

159 1677 538 1735 psuestenum,
575 1669 726 1721 velut
749 1668 1043 1721 Athanasio
1073 1666 1462 1737 Gregorioqne,
1483 1678 1540 1723 et
1562 1670 1730 1723 maxi-

157 1758 252 1812 mis
281 1757 547 1811 Ecclesiae
576 1756 896 1811 doctoribus
933 1772 1138 1827 parem.

219 1849 453 1903 Photius
513 1863 794 1916 nunquam
851 1849 1185 1903 Theodoreti
1239 1849 1308 1904 de
1361 1849 1731 1904 incarnatione

159 1941 314 1997 fidem
340 1939 691 2009 approbavit,
724 1936 822 1995 sed
850 1939 1129 1994 accusavit
1154 1939 1326 2010 magis
1355 1957 1367 1993 :
1398 1939 1542 2010 quod
1567 1941 1734 1995 etiam

159 2032 220 2084 de
247 2029 524 2084 Eucbaita
560 2027 882 2088 dicendum.
917 2043 947 2082 a
974 2043 1081 2098 quo
1100 2022 1257 2082 inter
1280 2025 1534 2084 Ecclesiae
1568 2029 1736 2100 magi—

158 2131 294 2173 stros
320 2119 398 2172 ita
415 2118 663 2172 censitus
690 2125 791 2180 est,
817 2126 876 2171 ut
897 2116 1058 2172 simul
1079 2117 1356 2173 diceretur
1377 2119 1536 2173 venia
1551 2134 1732 2188 egere,

158 2209 297 2279 quod
322 2210 481 2263 velut
511 2207 675 2261 homo
695 2207 877 2277 lapsus
907 2209 998 2263 sit.

221 2299 618 2354 Recentiorum
639 2299 932 2370 judicium,
955 2300 1204 2369 quamvis
1231 2316 1298 2356 ex
1327 2316 1385 2355 se
1417 2317 1580 2371 grave
1624 2317 1737 2356 ma-

158 2392 356 2462 gnique
397 2390 686 2460 ponderis,
707 2406 817 2444 non
847 2392 1018 2446 vincit
1048 2400 1229 2448 tamen
1263 2401 1344 2448 tot
1365 2403 1612 2448 veterum
1637 2394 1740 2450 Pa-

161 2493 324 2549 trum,
349 2492 548 2553 totque
586 2483 943 2537 conciliorum
973 2493 1029 2538 et
1055 2499 1390 2539 summorum
1417 2485 1736 2558 pontificum

159 2575 564 2630 auctoritatem.

515 2710 813 2766 ARTICULUS
847 2709 908 2765 V.
938 2741 1006 2754 —-
1051 2711 1371 2782 Ἑπικρισις.

223 2848 333 2903 XV.
353 2849 414 2902 ln
442 2856 594 2900 tanta
619 2854 893 2900 tantorum
923 2845 1165 2898 virorum
1182 2844 1552 2901 controversia
1572 2846 1740 2900 nolim

158 2953 256 3009 ego
288 2953 481 2992 meum
524 2937 872 3006 interponere
895 2933 1160 3006 judicium
1200 2954 1212 2989 :
1245 2936 1382 2990 ferat
1417 2938 1741 2992 sententiam

161 3029 408 3098 prudens
443 3028 639 3091 lector,
677 3043 838 3097 quam
859 3028 1156 3096 aequiorem
1201 3028 1516 3112 crediderit.
1551 3029 1739 3083 Profe-

168 3137 276 3174 ram
311 3129 531 3173 tantum
567 3119 1070 3173 animadversiones
1108 3111 1335 3182 novem,
1367 3135 1507 3188 quae,
1551 3120 1595 3173 si
1631 3127 1736 3173 tam
1764 3152 1810 3214 ο

163 3222 376 3265 mature
429 3209 861 3280 perpendantur,
908 3224 1069 3277 quam
1112 3210 1325 3264 sincere
1365 3209 1734 3279 proferuntur,

158 3303 429 3370 juvabunt
459 3300 602 3354 forte
628 3299 693 3352 ad
717 3299 1034 3353 solvendum
1064 3315 1238 3354 causa:
1265 3301 1738 3372 perplexissimum

163 3394 390 3446 nodum.

220 3483 271 3535 l.
309 3480 478 3536 Nulla
498 3495 737 3549 unquam
770 3479 1031 3551 synodus,
1056 3480 1354 3550 praesertim
1382 3479 1736 3544 mcumenica,

164 3571 330 3627 libros
391 3571 725 3649 Theodoreti
785 3571 1126 3639 approbavit,
1181 3587 1250 3625 ne
1282 3571 1740 3630 Chalcedonensis

163 3662 696 3731 quidem,.quamvis
742 3677 1034 3730 personam
1087 3661 1372 3730 receperit.
1424 3661 1547 3714 Fuit
1594 3661 1739 3714 enim
1785 3670 1789 3678 ‘

164 3753 275 3806 haec
332 3754 577 3821 maligna
632 3751 1095 3821 Eutychianorum
1144 3751 1434 3815 calumnia,
1465 3751 1740 3808 silentium

162 3842 326 3913 679
365 3841 560 3912 synodi
601 3842 1010 3910 approbationis
1047 3843 1218 3896 instar
1251 3858 1390 3896 esse.

230 3936 285 3988 2.
325 3936 491 3988 Nulla
519 3951 758 4003 unquam
784 3937 1025 4005 synodus
1049 3952 1144 3990 usa
1165 3945 1250 3989 est
1268 3935 1594 3989 testimoniis
1616 3936 1740 3991 inde

165 4027 410 4095 acceptis
457 4025 527 4078 ad
577 4025 737 4079 ﬁdem
786 4027 1050 4080 adversus
1089 4026 1374 4080 hatreticos
1400 4025 1741 4080 ﬁrmandam.

165 4116 294 4169 Nam
331 4115 487 4184 quod
535 4119 762 4184 septima
798 4117 1038 4186 synodus
1071 4117 1125 4169 in
1155 4116 1318 4170 editis
1350 4116 1630 4170 codicibus
1663 4117 1742 4170 le-

162 4207 311 4274 gitur
360 4205 689 4275 produxisse
732 4207 937 4275 aliquid
989 4221 1056 4260 ex
1104 4206 1332 4260 historia
1377 4207 1740 4271 Theodoreti,

165 4308 538 4366 pmterquam
584 4298 728 4367 quod
765 4298 1140 4352 testimonium
1190 4313 1299 4351 non
1328 4295 1595 4368 dogmatis
1621 4298 1740 4361 fuit,

163 4389 255 4442 sed
285 4390 419 4442 facti
452 4389 599 4456 puri,
636 4376 954 4442 manifestus
976 4399 1080 4452 est,
1116 4399 1175 4442 ut
1200 4388 1398 4448 eruditi
1422 4390 1624 4458 quique
1647 4405 1745 4441 no-

1830 579 1975 640 lum,
2031 591 2083 631 et
2124 581 2239 648 ejus
2271 578 2557 632 duodecim
2593 578 2790 646 capita,
2834 577 3105 645 exposuit,
3132 587 3186 630 et
3206 577 3389 630 omnia

1828 686 1946 738 qute
1994 669 2320 738 conscripsit
2354 684 2461 738 pro
2501 670 2792 724 Theodoro
2824 679 2877 723 et
2909 669 3159 722 Nestorio
3188 670 3388 737 impiis.

1828 771 1878 813 et
1911 777 2007 829 pro
2035 762 2176 824 aliis,
2221 761 2314 829 qui
2342 760 2532 814 eadem
2569 776 2692 814 cum
2720 760 2994 829 praedictis
3023 759 3310 813 Theodoro
3339 773 3392 813 et

1827 853 2076 905 Nestorio
2107 860 2406 920 sapuerunt
2427 892 2440 914 ,
2491 851 2786 905 defendens
2814 867 2906 905 eos
2927 892 2939 916 ,
2991 861 3047 906 et
3071 867 3262 906 eorum
3288 851 3391 904 im-

1828 942 2102 1008 pietatem,
2119 963 2134 993 ›
2163 950 2269 996 etc.

1898 1031 1949 1084 5.
1998 1031 2191 1085 Nullus
2221 1030 2385 1085 etiam
2430 1028 2783 1096 antiquorum
2815 1029 3056 1090 Patrum,
3087 1029 3240 1096 cujus
3267 1027 3394 1096 qui-

1829 1119 1952 1172 dem
1994 1129 2206 1174 exstent
2233 1133 2418 1187 opera,
2465 1133 2599 1170 usus
2618 1126 2701 1170 est
2727 1117 3041 1171 testimonio
3063 1116 3393 1170 Theodoreti

1829 1213 1896 1266 ad
1943 1211 2330 1266 stabiliendum
2381 1209 2574 1278 dogma
2616 1207 2760 1262 ﬁdei.
2815 1209 2951 1262 Nam
2999 1207 3144 1278 quod
3175 1216 3396 1262 sanctus

1829 1302 2124 1372 Gregorius
2149 1291 2202 1355 in
2225 1301 2453 1370 epistola
2479 1300 2678 1371 Pelagii
2699 1301 2743 1354 ll
2777 1299 2842 1353 ad
2870 1300 3054 1353 lstrios
3075 1299 3230 1363 dixit,
3251 1300 3392 1361 aliis,

1830 1407 1992 1460 quam
2037 1408 2156 1461 quae
2199 1392 2454 1445 damnata
2493 1400 2651 1455 sunt,
2709 1388 3039 1442 Theodoreti
3064 1389 3282 1457 scriptis
3314 1388 3394 1441 uti

1833 1499 1889 1538 se
1937 1493 2127 1538 contra
2152 1482 2496 1536 adversarios
2513 1523 2526 1545 ,
2581 1481 2835 1550 quodque
2861 1480 3123 1533 continuo
3148 1479 3396 1533 meminit

1835 1575 2350 1630 commentariorum
2417 1575 2472 1628 in
2524 1573 2769 1636 Cantica,
2821 1573 3024 1642 quibus
3076 1565 3397 1627 Theodorus

1835 1667 2250 1734 Mopsuestenus
2280 1667 2444 1721 tacito
2464 1667 2685 1721 nomine
2708 1667 3125 1735 perstringitur,
3153 1665 3292 1720 nihil
3314 1681 3398 1719 as-

1835 1756 2063 1808 sertioni
2094 1766 2275 1819 nocet,
2326 1767 2618 1825 propterea
2645 1756 2791 1825 quod
2821 1771 2998 1825 neque
3027 1764 3202 1810 exstat
3227 1757 3398 1811 ullutn

1834 1843 2036 1917 Pelagii
2060 1846 2104 1900 ll
2157 1856 2252 1901 aut
2274 1843 2520 1918 Gregorii
2548 1846 2723 1918 Magni
2752 1859 2922 1916 Opus,
2977 1847 3031 1900 in
3062 1863 3169 1917 quo
3196 1849 3400 1917 scripta

1831 1937 2103 2007 ejusmodi
2133 1937 2398 2007 producta
2425 1935 2534 1993 sint
2558 1978 2572 2002 ,
2611 1951 2788 2006 neque
2818 1938 2959 1991 alius
2982 1938 3127 1993 ullus
3155 1939 3399 2008 cogitan-

1833 2028 1937 2083 dus
1953 2037 2038 2083 est
2057 2028 2422 2092 adversarius,
2453 2046 2476 2085 :.
2496 2043 2636 2084 intra
2653 2043 2815 2098 quem
2839 2029 3211 2084 testimonium
3223 2030 3401 2084 Theo-

1833 2121 2013 2176 doreti
2038 2120 2332 2175 adductum
2359 2121 2450 2186 sit,
2481 2133 2645 2190 quam
2672 2121 2998 2185 Theodorus
3023 2123 3158 2192 ipse.

1903 2208 1955 2265 6.
1991 2209 2178 2279 Neque
2208 2218 2400 2264 auctor
2425 2210 2567 2266 ullus
2597 2218 2722 2266 ante
2747 2219 3023 2268 trecentos
3045 2224 3240 2278 annos,
3265 2225 3404 2283 prm—

1836 2305 1920 2355 ter
1944 2300 2316 2372 Agobardum,
2363 2301 2640 2367 Photium,
2681 2301 2944 2358 Joannem
2967 2303 3310 2366 Euchaitam,
3348 2314 3402 2358 ct

1832 2392 2164 2448 Catenarum
2213 2392 2554 2448 confectores
2577 2434 2592 2458 ,
2651 2394 2983 2451 Theodoreti
3012 2397 3216 2467 aliquid
3245 2397 3400 2452 exhi-

1837 2484 1979 2549 buit,
2010 2493 2071 2540 ut
2097 2483 2372 2551 laudaret;
2425 2500 2530 2540 nec
2557 2486 2788 2541 istorum
2811 2500 3005 2558 magna
3029 2489 3191 2544 debet
3212 2488 3402 2544 haberi

1836 2579 1998 2632 ratio.
2048 2577 2181 2633 Nam
2210 2577 2533 2649 Agobardus
2557 2580 2807 2634 meminit
2828 2580 3159 2636 Theodoreti
3188 2582 3402 2648 leviter,

1836 2675 1893 2721 et
1918 2667 2030 2722 fere
2058 2676 2290 2732 tantum,
2319 2676 2381 2721 ut
2402 2667 2737 2736 ostenderet,
2759 2682 3030 2742 pugnasse
3055 2672 3232 2740 ipsum
3257 2671 3406 2727 clau-

1851 2758 1928 2813 sis
1988 2759 2164 2815 oculis
2201 2757 2607 2816 Andabatarum
2652 2772 2803 2816 mare
2827 2802 2842 2826 ,
2893 2762 3096 2832 quippe
3133 2764 3401 2826 nescium,

1840 2862 1966 2901 cum
2014 2862 2125 2916 quo
2171 2847 2477 2903 dimicaret.
2541 2850 2768 2904 Photius
2802 2865 2863 2904 ut
2890 2852 3295 2916 haereticorum,
3331 2852 3405 2906 ita

1840 2936 2173 2992 Theodoreti
2223 2953 2409 3006 opera,
2472 2939 2694 2994 aliunde
2739 2951 2900 3009 quam
2948 2941 3017 2995 ab
3059 2942 3403 3005 orthodoxia,

1841 3030 2101 3084 laudavit.
2157 3031 2438 3086 Euchaita
2476 3032 2612 3085 nihil
2651 3033 2917 3088 habemus
2949 3042 3147 3103 praeter
3172 3034 3402 3097 iambos,

1841 3121 1897 3174 in
1939 3121 2141 3189 quibus
2194 3119 2410 3175 laudem
2448 3123 2796 3178 Theodoreto
2842 3125 3142 3193 impensam
3179 3126 3407 3196 castigat

1840 3213 2358 3267 commemoratione
2393 3212 2596 3282 lapsus.
2658 3213 2985 3269 Catenarum
3015 3216 3239 3284 epiticcs
3267 3216 3406 3270 nihil

1840 3301 2132 3356 admodum
2181 3303 2482 3374 praejudicii
2524 3304 2764 3370 faciunt,
2814 3307 3291 3377 quandoquidem,
3347 3320 3407 3363 ut

1843 3407 2003 3446 nemo
2047 3394 2255 3459 nescit,
2312 3397 2619 3464 promiscue
2659 3413 2724 3451 ex
2752 3399 3070 3454 orthodoxis
3108 3408 3161 3455 et
3186 3402 3404 3457 hetero-

1841 3488 1997 3544 doxis
2021 3491 2307 3560 colligunt,
2334 3491 2600 3560 quidquid
2627 3493 2970 3549 conducibile
2991 3491 3096 3548 sibi
3122 3504 3316 3564 putant
3338 3498 3405 3551 ad

1841 3581 2240 3648 explanandum
2272 3581 2567 3650 Scriptura:
2591 3584 2792 3648 locum,
2847 3582 2901 3637 in
2947 3601 3056 3654 quo
3094 3596 3421 3642 versantur.‘

1913 3666 1964 3720 7.
2001 3667 2179 3722 ZEtate
2207 3685 2304 3723 sua
2337 3670 2718 3726 Theodoretus
2748 3673 2956 3726 nullum
2985 3684 3178 3730 nactus
3205 3685 3288 3730 est
3321 3680 3406 3732 sui

1842 3757 2184 3811 defensorem
2228 3775 2240 3811 :
2287 3759 2478 3812 habuit
2508 3774 2638 3814 vero
2670 3772 3017 3817 accusatores
3059 3761 3321 3835 Cyrillum
3350 3781 3405 3823 et

1843 3849 2069 3901 Marium
2094 3848 2472 3913 Mercatorem,
2501 3851 2648 3903 viros
2670 3852 2847 3920 magni
2876 3853 3040 3923 480
3064 3862 3287 3923 propter
3309 3855 3407 3910 do-

1844 3939 2074 3992 ctrinam
2100 3939 2358 3993 nominis.
2396 3940 2550 4005 Quod
2583 3941 2648 3995 de
2675 3951 2862 3996 sancto
2889 3943 3070 3997 Leone
3097 3953 3151 3998 et
3178 3946 3409 4001 Maximo

1843 4030 2186 4084 Antiocheno
2216 4037 2400 4097 posset
2431 4030 2616 4099 objici,
2650 4030 2917 4087 hactenus
2943 4035 3204 4104 rejectum
3233 4035 3407 4090 abun-

1845 4119 1912 4173 de
1935 4121 2095 4173 est“.

1915 4211 1966 4265 8.
2021 4212 2213 4265 Nullus
2260 4219 2411 4265 sexto
2445 4212 2642 4265 smculo
2683 4212 3015 4267 Theodoreti
3045 4217 3408 4284 patrocinium

1845 4304 2101 4372 suscepit,
2135 4311 2331 4371 praeter
2353 4303 2748 4365 schismaticos,
2780 4307 2976 4372 partim
3000 4306 3178 4370 Afros,
3201 4308 3397 4377 partim

1845 4395 2030 4448 lstrios
2059 4413 2070 4446 :
2098 4395 2193 4447 sed
2223 4394 2275 4446 id
2303 4394 2590 4462 patrocinii
2617 4395 2753 4448 nihil
2777 4397 2948 4448 valuit
2971 4397 3234 4452 adversus
3251 4400 3411 4468 quin-

164 4489 326 4542 runt,
386 4494 550 4531 error
591 4478 802 4531 librarii
850 4478 1254 4531 Theodoretum
1286 4494 1384 4537 pro
1430 4479 1738 4544 Theodoro,
1777 4477 1817 4530 ῐ)
1850 4497 1954 4539 iam
1986 4486 2250 4555 synodum
2275 4486 2604 4555 generalem,
2629 4485 2683 4540 id
2723 4497 2825 4546 est,
2874 4495 3038 4541 totam
3070 4488 3272 4544 Christi
3311 4490 3414 4545 Ec-

160 4572 253 4638 qui
282 4570 490 4623 Lector
520 4568 738 4630 dicitur,
771 4569 1081 4623 scribentis:

230 4661 283 4714 3.
325 4659 537 4731 Synodi
560 4668 668 4712 tres
693 4661 1047 4714 oecumenicm
1074 4661 1271 4730 scripta
1294 4660 1537 4729 quaedam
1563 4660 1739 4714 Theo-

161 4751 342 4805 doreti
369 4750 696 4803 nominatim
727 4750 1058 4803 damnarunt
1089 4772 1096 4802 :
1129 4751 1318 4820 quinta
1340 4750 1568 4811 scilicet,
1591 4760 1739 4804 sexta

159 4854 212 4898 et
239 4845 516 4914 septima;
572 4858 750 4911 neque
778 4859 1015 4911 unquam
1046 4843 1315 4906 Ecclesia,
1352 4859 1473 4896 cum
1502 4843 1738 4913 synodo-

163 4951 283 4988 rum
316 4947 566 4987 canones
594 4933 883 5001 reciperet,
937 4933 1100 4986 ullam
1126 4934 1454 5003 scriptorum
1475 4932 1741 4987 eiusmodi

160 5025 441 5079 rationem
469 5023 681 5077 habuit.

228 5114 283 5168 4.
318 5112 458 5179 Quae
487 5113 821 5168 Theodoreti
852 5116 1052 5184 scripta
1082 5114 1332 5168 damnata
1362 5117 1531 5170 voluit
1555 5119 1744 5186 quinta

158 5204 431 5274 synodus,
487 5219 552 5257 ea
575 5204 858 5274 speciatim
883 5205 1172 5275 expressit,
1223 5216 1277 5260 et
1307 5207 1362 5260 in
1385 5209 1502 5276 ipso
1523 5210 1744 5278 quidem

159 5311 400 5358 canone,
453 5295 601 5364 quod
634 5295 914 5350 insolitum
963 5316 975 5350 :
1033 5315 1050 5346 ι
1079 5295 1134 5350 Si
1161 5298 1284 5366 quis
1311 5297 1554 5353 defendit
1582 5300 1746 5370 impia

159 5387 392 5456 scripta,
432 5401 557 5454 qua
590 5386 853 5440 adversus
887 5397 1089 5441 rectam
1121 5387 1301 5453 fidem,
1333 5389 1595 5443 adversus
1621 5405 1746 5443 san-

1844 4577 2084 4639 clesiam,
2137 4591 2256 4645 quae
2310 4575 2376 4628 de
2429 4575 2809 4639 schismaticis,
2848 4577 3076 4633 veritate
3132 4581 3405 4642 vincente.

1848 4667 2222 4735 triumphavit.

1913 4758 1967 4813 9.
2018 4757 2147 4822 Quae
2195 4757 2456 4810 adversus
2502 4755 2831 4811 Theodoreti
2868 4757 3024 4812 ﬁdem
3074 4761 3234 4816 allata
3262 4774 3408 4822 sunt.

1848 4863 2099 4919 magnum
2126 4864 2223 4917 per
2243 4863 2298 4901 se
2323 4857 2656 4901 momentum
2681 4848 2903 4913 habent,
2928 4856 3154 4919 propter
3169 4861 3411 4920 apertam

1849 4939 2131 4993 veritatem
2154 4978 2167 5001 ,
2220 4947 2274 4991 et
2305 4944 2318 4958 ‘
2351 4938 2722 5008 gravissimam
2761 4940 3143 4994 auctoritatem
3167 4943 3406 4997 testium.

1848 5027 1978 5093 Quae
2007 5028 2357 5098 excipiuntur
2388 5029 2441 5081 in
2464 5029 2882 5094 contrarium“,
2931 5030 3045 5086 fere
3075 5040 3284 5088 tantum
3312 5051 3411 5088 ner-

1846 5119 2022 5189 gativa
2076 5127 2205 5172 sunt
2251 5134 2312 5172 ac
2359 5119 2612 5184 obscura,
2649 5130 2971 5191 sumptaque
3001 5139 3068 5178 ex
3091 5124 3283 5180 alienis
3307 5126 3410 5180 fal-

1848 5209 2031 5278 sisque
2062 5208 2216 5262 locis.
2279 5208 2530 5277 Nuperus
2558 5216 2706 5264 certe
2729 5209 3006 5277 defensor,
3059 5213 3145 5266 vir
3169 5214 3412 5286 alioquin

1850 5298 2184 5354 Theodoreti
2230 5298 2538 5362 studiosus,
2589 5308 2644 5353 et
2697 5299 2752 5354 in
2797 5303 3188 5371 conquirendis
3237 5319 3413 5362 causa!

1851 5405 2011 5458 quam
2058 5388 2292 5457 suscepit
2335 5389 2603 5456 praesidiis
2633 5390 2851 5446 curiose
2877 5391 3129 5462 diligens,
3163 5393 3413 5463 proferre

1502 5534 1816 5597 SCHULZII
1847 5539 2072 5595 ΝΟΤᾹΞ.

229 5653 276 5683 ⁸’
309 5652 449 5729 Qu;
480 5644 918 5729 adversariorum
949 5652 1169 5729 nomine
1204 5663 1359 5707 antea
1373 5653 1600 5729 _di_xe_rat
1625 5654 1940 5729 Garnerius,
1970 5670 2068 5729 suo
2097 5670 2242 5729 nunc
2269 5655 2462 5724 probat
2507 5657 2735 5729 judicio,
2783 5659 2886 5712 etsi
2925 5660 2979 5713 in
3036 5663 3416 5729 superioribus

161 5723 360 5801 magni
413 5721 844 5801 fecerat‘lmonis
889 5722 1291 5777 auctoritatem.
1369 5723 1414 5754 “
1443 5723 1697 5801 Iniquum
1742 5724 1981 5792 judicem
2033 5723 2187 5779 facile
2219 5721 2474 5795 agnoscet
2508 5721 2772 5797 ’quisquis
2833 5729 2948 5785 haec
2981 5721 3118 5784 cum'
3152 5732 3261 5786 illis
3294 5748 3414 5801 quas

162 5789 402 5846 articulo
447 5789 690 5844 seumdo
719 5801 1112 5861 praecesserant
1154 5806 1469 5862 comparare
1506 5789 1656 5846 velit.

499 5881 772 5943 PM‘BOL.
804 5882 921 5943 (in.
959 5882 1278 5944 LXXXlV.

3017 5894 3083 5952 34
