4224 6442
830 354 928 417 427

1959 345 2333 405 GARNERII
2372 342 2869 404 DISSERTATIO
2906 342 2998 404 ΙΙΙ

3975 352 4084 415 428

834 464 1053 519 tandem
1088 458 1220 511 nihil
1254 456 1453 527 potuit,
1508 455 1615 510 nisi
1655 454 1998 524 suppositum
2037 452 2296 525 quiddam
2335 469 2398 507 ex
2434 460 2472 513 Α
2504 454 2605 507 sub
2638 455 2896 525 symbolis
2925 454 3309 510 eucharisticis
3339 460 3595 521 senserit,
3650 460 3834 515 nullus
3860 461 4080 523 dubito.

828 556 971 609 libro
1002 560 1197 623 quarto
1228 550 1608 604 Haereticarum
1643 545 1970 617 fabularum,
2004 554 2056 599 et
2085 547 2397 600 testimonia

826 643 1306 701 schismaticorum
1326 641 1516 694 trium.

897 736 959 790 In
1009 744 1159 789 tanta
1208 730 1570 802 pugnantium
1610 729 1847 800 partium
1881 727 2224 782 dissensione
2259 727 2396 780 nihil

827 826 1151 898 prudentius
1180 824 1289 878 dici
1321 837 1480 892 posse
1507 836 1663 885 reor,
1715 819 1854 873 nihil
1880 818 2206 880 modestius,
2237 832 2398 886 quam

828 917 972 989 quod
994 914 1291 986 Gregorius
1316 914 1558 982 Magnus,
1579 926 1703 964 cum
1731 920 2116 981 argumentum
2142 909 2284 962 idem
2308 923 2400 961 ac-

828 1016 1015 1065 curate
1042 1014 1332 1062 tractaret:
1359 1023 1376 1055 t
1395 1002 2045 1063 PersonamrTheodoreti
2072 1019 2195 1056 cum
2216 1011 2401 1056 sancta

828 1102 1037 1175 synodo
1063 1096 1495 1156 Chalcedonensi
1536 1096 1855 1165 recipimus,
1886 1109 2052 1163 prava
2080 1094 2285 1163 scripta
2313 1109 2400 1147 re-

829 1197 1155 1266 probamus;
1208 1204 1334 1246 cum
1368 1198 1555 1243 sancta
1586 1187 1793 1258 synodo
1833 1186 2237 1239 Theodoretum
2270 1199 2398 1253 pro-

829 1288 1071 1340 fitentem
1102 1290 1252 1336 recta
1278 1294 1625 1333 veneramur.
1642 1295 1657 1326 ι

1540 1384 1671 1437 PUT
1702 1383 1788 1436 111.

1540 1385 1579 1437 Ρ
1631 1384 1671 1436 Τ
1702 1383 1788 1436 111.

831 1480 902 1537 De
946 1479 1049 1547 ﬁde
1094 1476 1394 1532 Theodoreti
1429 1383 1567 1528 grta
1584 1384 1952 1527 liiuchuristia:
1983 1483 2395 1527 sacramentum.

893 1588 1409 1646 Controversiarum
1437 1590 1778 1647 tractatores,
1806 1600 1930 1637 cum
1954 1582 2020 1636 de
2042 1583 2401 1637 Eucharistim

827 1684 1170 1734 sacramento
1190 1675 1490 1742 disputant,
1521 1672 1576 1725 in
1601 1686 1728 1724 suas
1749 1670 1980 1740 quisque
2005 1678 2206 1740 partes,
2228 1686 2401 1739 quan-

828 1766 1029 1821 tumvis
1072 1764 1360 1827 adversas,
1419 1760 1827 1815 Theodoretum
1857 1759 2071 1814 trahere
2098 1761 2353 1814 nituntur
2384 1777 2396 1813 :
2432 1784 2472 1840 Β

828 1857 1114 1928 proferunt
1158 1870 1223 1909 ea
1262 1854 1436 1923 ipsius
1464 1852 1595 1905 hinc
1620 1850 1747 1905 inde
1774 1850 2112 1913 testimonia,
2162 1867 2282 1919 qua:
2309 1866 2399 1905 se-

827 1956 1013 2019 parata
1038 1947 1127 1999 vix
1142 1943 1517 1998 dillicultatem
1535 1950 1743 2004 creent,
1763 1942 1957 1996 collata
1972 1948 2164 1995 mutuo
2176 1940 2398 1994 dubiam

826 2038 1232 2108 ancipitemque
1274 2033 1486 2088 faciant
1531 2031 1866 2101 opinionem.
1926 2031 1985 2085 Id
2029 2046 2129 2101 ego
2175 2029 2397 2099 quidem

826 2149 892 2187 ex
918 2147 985 2186 eo
1017 2129 1135 2184 ﬁeri
1167 2136 1321 2198 puto,
1349 2123 1496 2194 quod
1522 2122 1753 2193 quaestio
1781 2137 1903 2190 qua:
1926 2122 2073 2176 velut
2106 2136 2213 2175 una
2236 2128 2399 2189 atque

826 2224 1054 2294 simplex
1083 2218 1431 2290 proponitur,
1459 2214 1675 2269 duabus
1695 2213 1943 2283 partibus
1966 2212 2142 2280 reipsa
2164 2220 2396 2265 constat.

893 2314 1030 2369 Cum
1058 2311 1202 2367 enim
1231 2307 1496 2377 quaeritur
1525 2304 1594 2358 de
1617 2302 1908 2372 prmsentia
1929 2301 2179 2371 corporis
2192 2299 2399 2355 Christi

825 2407 928 2462 sub
953 2401 1339 2462 eucharisticis
1368 2396 1650 2469 symbolis,
1682 2394 1880 2448 merito
1906 2401 2175 2448 vocantur
2195 2391 2249 2444 in
2272 2406 2401 2445 con-

825 2496 1146 2551 troversiam
1189 2492 1299 2546 duo
1338 2508 1350 2543 :
1394 2490 1649 2551 alterum,
1700 2503 1766 2539 an
1794 2484 1996 2539 Christi
2025 2499 2225 2554 corpus
2253 2498 2398 2553 sym-

823 2589 965 2645 bolis
989 2601 1228 2659 praasens
1250 2583 1320 2637 sit
1341 2582 1539 2651 reipsa,
1564 2586 1661 2633 aut
1684 2576 1851 2647 ﬁgura
1877 2584 2118 2641 tantum;
2140 2576 2398 2645 alterum,

824 2682 869 2738 si
910 2694 1151 2753 praseus
1190 2668 1262 2731 sit
1295 2688 1485 2729 revera
1506 2712 1522 2738 ,
1573 2669 1846 2741 quomodo
1878 2668 2104 2723 sistatur
2136 2681 2398 2737 praesens,

823 2790 891 2829 an
928 2787 1027 2843 per
1058 2767 1497 2830 conversionem,
1540 2778 1699 2833 quam
1736 2760 2401 2816 transsubstantiationem

824 2860 1071 2919 Ecclesia
1116 2857 1384 2928 appellat,
1433 2870 1501 2908 an
1545 2867 1643 2921 per
1685 2850 2038 2902 συνουσίωσιν
2084 2848 2398 2918 quamdam,

824 2954 914 3008 cui
961 2965 1159 3005 nomen
1212 2943 1601 3017 impanationis
1648 2942 1833 2997 schola
1882 2940 2033 2996 fecit.
2084 2939 2220 2994 Nam
2268 2938 2399 3008 quid

824 3060 1001 3099 causa:
1028 3041 1208 3096 obstat
1226 3078 1240 3102 ,
1276 3036 1573 3107 quominus
1602 3034 1656 3086 in
1681 3049 1788 3086 una
1813 3040 1965 3101 parte
1993 3031 2262 3101 quispiam
2294 3030 2399 3084 Ec-

825 3136 1004 3191 clesiae
1042 3129 1409 3191 assentiatur,
1462 3126 1751 3179 dissentiat
1782 3124 1836 3176 in
1865 3123 2071 3187 altera;
2128 3131 2293 3190 atque
2325 3121 2399 3175 ita
2426 3110 2467 3166 C

825 3225 1107 3285 videatur,
1158 3220 1202 3273 si
1230 3226 1468 3288 ponatur
1493 3215 1723 3285 quaestio
1750 3215 1901 3269 velut
1926 3213 2159 3282 simplex
2210 3227 2399 3267 secum

827 3313 1103 3388 pugnare?

899 3407 1060 3480 48],
1090 3403 1261 3460 Nobis
1283 3401 1449 3473 igitur
1473 3398 1842 3469 exploraturis
1887 3413 2007 3466 qua:
2036 3396 2200 3450 fuerit
2224 3396 2400 3451 Theo-

828 3498 1009 3555 doreti
1059 3495 1246 3567 opinio
1312 3492 1380 3546 de
1429 3489 1720 3560 praesentia
1764 3487 2008 3557 corporis
2048 3485 2251 3541 Christi
2299 3488 2399 3542 sub

828 3586 1131 3654 symbolis,
1204 3580 1497 3637 dividenda
1563 3588 1648 3633 est
1712 3578 1981 3647 quaestio;
2055 3578 2400 3645 primumque

827 3676 1205 3739 scrutandum,
1237 3672 1369 3743 quid
1395 3670 1630 3725 senserit
1658 3670 1724 3724 de
1748 3670 1876 3723 reali
1902 3669 2224 3738 praesentia;
2286 3677 2398 3721 tum

828 3770 897 3824 de
930 3767 1115 3829 modo,
1169 3778 1278 3833 quo
1328 3761 1474 3815 velut
1510 3760 1802 3815 adducitur
1832 3774 2034 3827 corpus
2052 3759 2278 3819 Christi,
2321 3760 2399 3813 si-

827 3858 1099 3927 stiturque
1130 3866 1367 3924 praesens
1395 3849 1656 3921 symbolis
1684 3867 1697 3901 :
1724 3863 1849 3902 nam
1881 3847 2111 3901 fortasse
2140 3863 2248 3901 non
2274 3863 2399 3916 per-

830 3949 958 4005 inde
988 3944 1255 4001 catholice
1290 3941 1357 3996 de
1381 3949 1617 4009 utroque
1644 3939 1835 3993 sensit.

899 4032 1291 4093 Admonendus
1321 4044 1487 4099 porro
1514 4028 1686 4081 lector
1715 4027 1893 4090 initio,
1927 4028 2175 4097 nuspiam
2199 4027 2252 4080 in
2272 4042 2403 4097 ope-

830 4130 1005 4193 ribus,
1037 4142 1158 4196 qua:
1180 4124 1476 4185 habentur,
1527 4119 1934 4173 Theodoretum
1966 4118 2036 4173 de
2056 4119 2402 4173 Eucbaristia

830 4220 1138 4291 scripsisse,
1192 4214 1299 4269 nisi
1350 4228 1418 4267 ex
1457 4210 1745 4266 occasione
1793 4217 1850 4264 et
1886 4210 2075 4279 paucis
2104 4209 2400 4263 admodum

832 4311 1033 4367 verbis.
1089 4305 1269 4363 Credo
1297 4302 1573 4373 equidem,
1607 4301 1675 4355 ab
1700 4300 1821 4369 ipso
1852 4300 1907 4352 in
1938 4301 2092 4354 libris
2134 4300 2397 4370 mysticis,

830 4402 922 4473 qui
950 4399 1259 4471 perierunt,
1282 4400 1665 4462 argumentum
1690 4390 1793 4443 hoc
1815 4405 1914 4459 pro
1930 4389 2403 4460 dignitatetracta-

833 4502 946 4549 tum
976 4509 989 4544 :
1013 4487 1110 4544 sed
1137 4486 1310 4540 miror
1332 4483 1707 4545 vehementer,
1739 4481 1793 4533 in
1818 4480 2166 4534 sermonibus
2183 4479 2250 4534 de
2271 4480 2403 4534 Pro-

832 4581 1073 4639 videntia
1103 4576 1241 4633 nihil
1268 4575 1497 4637 dictum,
1537 4587 1662 4626 cum
1694 4571 1837 4625 foret
1859 4580 2199 4640 Opportunus
2224 4571 2398 4626 locus.

828 4673 951 4731 Non
1002 4669 1231 4741 perinde
1278 4667 1484 4727 miror,
1546 4679 1645 4717 cur
1696 4663 1761 4715 in
1782 4661 1977 4717 iibrov
2021 4662 2401 4716 Haereticarum

830 4761 1156 4837 fabularum,
1174 4757 1269 4812 ubi
1288 4755 1413 4811 ﬁdei
1426 4753 1748 4809 Christianae
1763 4752 2014 4821 dogmata
2029 4761 2398 4821 exponuntur,

829 4862 1079 4911 servetur
1104 4850 1275 4904 altum
1303 4844 1583 4902 silentium
1624 4860 1638 4895 :
1682 4858 1785 4896 nec
1805 4841 1952 4895 enim
1981 4841 2086 4894 alia
2112 4858 2400 4911 exponun-

831 4954 921 4999 tur
949 4943 1223 5011 dogmata,
1258 4951 1422 5007 quam
1452 4951 1573 5004 qua:
1594 4931 1871 4987 haereticis
1896 4938 2054 4983 antea
2083 4931 2268 4985 relatis
2299 4947 2400 5000 0p~

830 5042 1139 5106 ponuntur;
1168 5044 1331 5085 nemo
1351 5042 1484 5081 vero
1509 5024 1819 5084 haereticus,
1846 5022 1974 5075 totis
1992 5022 2147 5075 libris
2167 5030 2403 5090 quatuor

831 5121 1139 5187 recensitis,
1172 5118 1239 5172 de
1259 5114 1605 5171 Eucharistia
1625 5110 1986 5183 quaestionem
2007 5109 2265 5164 Ecclesiae
2285 5122 2402 5163 mo-

830 5220 1002 5267 verat.

831 5346 859 5418 ς
889 5346 929 5400 1.
970 5344 1045 5398 De
1069 5340 1174 5410 ﬁde
1204 5338 1519 5418 Theodoreti
1537 5333 2261 5418 circafealetn‘prwsentiam
2284 5348 2400 5384 cor-

1232 5410 1372 5481 poris
1397 5406 1587 5462 Christi
1615 5403 1708 5457 sub
1729 5402 1995 5474 symbolis.

902 5532 1045 5599 Quin
1071 5527 1455 5583 Theodoretus
1478 5534 1678 5590 corpus
1699 5517 1906 5573 Christi
1934 5517 2113 5585 reipsa
2136 5514 2407 5569 contineri

909 5625 953 5661 θ’
979 5619 1166 5675 Matth.
1208 5631 1347 5680 xxvi,
1382 5612 1472 5667 26.

2501 545 2632 599 Nam
2663 556 3027 617 prazterquam
3068 546 3214 616 quod
3237 562 3300 601 ea
3332 549 3467 602 vixit
3486 558 3668 613 :etate,
3694 568 3799 621 qua
3822 564 4086 609 constans

2506 634 2607 687 fuit
2644 635 2900 689 Ecclesiae
2926 634 3220 690 Orientalis
3256 635 3323 689 de
3356 638 3485 690 reali
3516 642 3807 707 praesentia
3841 641 4001 704 fides,
4053 661 4085 697 a

2502 741 2606 794 qua
2637 727 2829 794 procul
2877 725 3048 779 dubio
3099 742 3209 779 non
3253 728 3500 788 recessit.
3554 730 3807 798 pluribus
3851 733 4083 802 insuper

2503 815 2839 883 argumentis
2889 816 3230 880 ostenditur;
3270 817 3367 871 sed
3416 818 3526 871 illis
3573 822 3807 874 maxime
3836 821 4080 883 duobus,

2502 906 2702 973 quibus
2729 904 2998 959 catholica
3028 906 3231 959 veritas
3260 906 3482 976 probari
3515 908 3675 972 solet,
3708 924 3902 980 nempe
3929 910 4080 981 quod

2502 995 2846 1048 Eucharistia
2917 994 3215 1057 adoretur,
3278 996 3537 1065 quodque
3606 1013 3803 1066 corpus
3872 999 4080 1052 Christi

2502 1101 2630 1140 vere
2679 1086 2745 1139 ad
2788 1102 2997 1140 sacram
3041 1101 3282 1140 mensam
3333 1088 3695 1142 manducetur
3742 1107 3754 1140 :
3803 1106 3924 1157 qum
3968 1087 4083 1143 duo

2502 1188 2610 1226 non
2636 1174 2888 1227 obscuris
2914 1175 3095 1229 verbis
3120 1176 3500 1230 Theodoretus
3526 1177 3803 1246 professus
3827 1190 3912 1233 est
3932 1182 4026 1232 "'.

2572 1266 2907 1334 Exponenda
2938 1274 3067 1319 sunt
3101 1267 3266 1335 igitur
3300 1269 3403 1321 tria
3435 1291 3447 1321 ι
3477 1284 3598 1336 qum
3624 1268 3787 1323 fuerit
3812 1272 3946 1329 lides
3977 1273 4081 1326 Ec-

2501 1357 2679 1410 clesiae
2721 1355 3021 1410 Orientalis
3058 1355 3126 1411 de
3149 1358 3496 1413 Eucharistia
3524 1360 3853 1415 Theodoreti
3883 1373 4080 1428 atate;

2500 1447 2701 1516 quibus
2741 1447 2878 1502 locis
2924 1448 3256 1503 adorandum
3282 1464 3401 1503 esse
3433 1451 3831 1507 Eucharistiam
3863 1455 4080 1517 tradat;

2501 1537 2699 1605 quibus
2742 1538 2870 1590 item
2916 1539 3235 1593 manducari
3276 1556 3496 1595 carnem
3523 1541 3726 1597 Christi
3772 1544 3837 1598 ad
3867 1561 4081 1598 sacram

2500 1641 2743 1680 mensam
2768 1636 2991 1681 asserat.

2570 1715 2640 1770 Ut
2673 1715 2911 1784 primum
2949 1715 3305 1783 conﬁciatur,
3361 1719 3624 1774 laudandi
3655 1721 3917 1775 videntur
3943 1724 4083 1776 mihi

2502 1822 2612 1875 prae
2645 1807 2856 1861 caeteris
2884 1806 3024 1862 bene
3058 1809 3247 1864 multis
3277 1809 3575 1879 scriptores
3608 1811 3716 1875 illi,
3766 1814 3857 1881 qui
3896 1814 4082 1866 Theo-

2499 1898 2749 1951 doretum
2799 1898 3026 1967 propius
3073 1900 3419 1963 attinebant,
3483 1917 3621 1969 quos
3654 1919 3851 1972 nempe
3887 1904 4085 1958 habuit

2498 1996 2592 2041 aut
2616 1988 2922 2057 magistros,
2947 1999 3008 2043 ut
3028 1988 3508 2061 Chrysostomum;
3535 2002 3628 2045 aut
3649 1995 4081 2065 condiscipulos.

2499 2086 2561 2132 ut
2582 2079 2931 2146 Nestorium;
2980 2087 3073 2133 aut
3095 2079 3460 2145 adversarios,
3503 2082 3984 2155 velutiCyrillum.
4025 2088 4082 2142 Id

2498 2171 2666 2235 enim,
2689 2173 2905 2239 opinor,
2921 2172 3174 2235 credidit,
3193 2172 3339 2241 quod
3356 2188 3383 2226 a
3403 2173 3676 2242 magistris
3695 2174 3908 2241 didicit,
3935 2180 4084 2247 quod

2472 2296 2473 2299 η
2500 2278 2621 2316 cum
2650 2262 3042 2332 condiscipulis
3068 2263 3275 2329 docuit,
3299 2265 3443 2334 quod
3468 2282 3647 2334 neque
3668 2267 3784 2336 ipse
3808 2273 4079 2324 adversa-

2501 2351 2623 2415 riis,
2649 2366 2825 2419 neque
2852 2351 3287 2406 adversariorum
3316 2354 3461 2407 ullus
3487 2354 3590 2422 ipsi
3618 2355 3841 2425 objecit.

2569 2443 2648 2499 Ch
2660 2454 2994 2515 rysostomus
3014 2445 3244 2500 inﬁnitis
3264 2462 3434 2515 prope
3453 2446 3590 2502 locis
3615 2448 3813 2502 realem
3828 2452 4086 2520 corporis

2498 2535 2698 2591 Christi
2728 2538 3072 2607 praesentiam
3103 2537 3156 2590 in
3184 2538 3527 2591 Eucharistia
3549 2538 3765 2602 docuit;
3796 2540 3943 2609 quod
3969 2541 4085 2594 etii.

2500 2627 2782 2681 caeissime
2805 2627 3068 2682 adversus
3084 2628 3469 2681 haereticorum
3490 2628 3794 2697 praestigias
3829 2631 4085 2683 cardina-

2500 2718 2580 2772 les
2615 2718 2743 2781 duo,
2790 2718 3150 2773 Bellarminus
3174 2727 3229 2772 et
3253 2718 3571 2781 Perronius,
3620 2719 3824 2787 aliique
3851 2716 4099 2774 centro?

2500 2810 2804 2863 versiarum
2852 2817 3178 2863 tractatores
3216 2808 3684 2863 demonstrarunt.
3736 2809 3937 2879 Aliqua
3972 2811 4084 2865 huc

2502 2900 2778 2955 aﬂ‘crenda
2821 2900 3135 2954 testimonia
3161 2939 3174 2961 ,
3229 2898 3323 2953 sed
3365 2913 3431 2951 ex
3460 2898 3529 2952 iis
3552 2906 3763 2953 tantum
3788 2900 4081 2969 operibus,

2501 3008 2622 3061 qua:
2668 3007 2792 3047 cum
2836 2991 3097 3045 attentius
3128 2990 3291 3062 482
3321 2990 3708 3044 Theodoretus
3731 2992 4081 3059 perlegissct,

2504 3082 2557 3136 in
2608 3081 2836 3152 dialogis
2885 3097 3007 3135 cum
3058 3081 3310 3134 Eranista
3358 3080 3619 3133 laudavit.
3685 3079 3979 3133 Homilia?
4027 3080 4083 3133 in

2500 3175 2517 3194 ‘
2549 3173 2857 3228 llIatthzeum
2915 3190 2926 3225 :
2990 3192 3006 3222 ‹
3042 3171 3239 3226 Sancta
3288 3170 3492 3224 sanctis
3530 3170 3622 3224 dat
3647 3169 3903 3224 Christus
3927 3186 3941 3222 ε
3969 3186 4084 3223 non

2501 3262 2646 3315 enim
2670 3276 2863 3329 aquam
2889 3258 2957 3313 de
2976 3260 3079 3312 hoc
3095 3258 3243 3311 fonte
3261 3258 3507 3327 (calicem
3530 3258 3966 3313 eucharisticum
3996 3259 4083 3311 in-

2503 3348 2717 3419 telligit)
2731 3349 2885 3402 vobis
2906 3347 3130 3417 praebet,
3157 3346 3249 3399 sed
3274 3347 3594 3415 sanguinem
3609 3348 3813 3408 vivum,
3838 3346 3932 3414 qui
3952 3347 4084 3400 licet

2503 3442 2696 3495 mortis
2737 3439 3044 3511 symbolum
3094 3439 3187 3503 sit,
3232 3437 3411 3492 factus
3451 3446 3533 3491 est
3583 3453 3747 3491 causa
3785 3441 3930 3491 vitae.
3957 3459 3975 3488 ι
4017 3438 4086 3492 Et

2502 3530 2691 3585 bomil.
2728 3530 2820 3592 85,
2861 3545 2981 3599 quae
3028 3536 3112 3583 est
3160 3529 3227 3582 de
3271 3528 3629 3583 Eucharistiac
3670 3528 4019 3583 institutione
4069 3547 4082 3582 :

2510 3640 2526 3671 ι
2565 3619 2897 3689 Sanguinem
2939 3634 3096 3671 suum
3142 3617 3398 3671 Christus
3447 3618 3609 3671 bibit.
3642 3636 3660 3668 ι
3729 3618 3796 3671 Et
3841 3630 4034 3687 postea
4070 3639 4081 3670 :

2510 3731 2527 3761 ι
2572 3709 2873 3765 Credamus
2915 3709 3115 3775 ubique
3157 3708 3304 3770 Deo,
3364 3722 3463 3761 nec
3508 3707 3955 3761 contradicamus
3998 3710 4082 3771 ei,

2500 3802 2715 3856 etiamsi
2745 3800 2799 3853 id
2823 3799 2969 3869 quod
2996 3800 3127 3854 dicit
3154 3799 3490 3853 contrarium
3515 3814 3639 3854 esse
3664 3799 3921 3853 videatur
3937 3803 4086 3871 cogi-

2503 3887 2698 3941 tationi
2746 3894 2802 3939 et
2854 3886 3030 3939 oculis
3070 3885 3296 3940 nostris.
3329 3885 3507 3955 Ipsius
3546 3901 3729 3940 sermo
3761 3899 3987 3956 superet
4031 3899 4088 3944 et

2500 3976 2884 4046 cogitationem
2927 3984 3171 4028 nostram
3218 3983 3275 4029 et
3305 3976 3515 4028 oculos.
3556 3975 3748 4029 Sermo
3775 3978 3898 4045 ejus
3924 3978 4085 4033 deci-

2502 4084 2629 4138 pere
2654 4067 2877 4137 nequit;
2906 4082 3099 4121 sensus
3120 4066 3276 4121 facile
3296 4065 3572 4136 deeipitur
3597 4084 3609 4120 :
3634 4067 4086 4138 quandoquidem

2502 4159 2669 4229 igitur
2698 4158 2938 4213 Verbum
2966 4157 3062 4220 ait,
3090 4157 3199 4211 Hoc
3226 4168 3301 4211 est
3322 4174 3508 4227 corpus
3535 4173 3706 4210 meum
3728 4162 3797 4221 θ’,
3830 4162 4087 4227 persuasi

2504 4250 2696 4312 simus,
2722 4256 2778 4301 et
2798 4247 3138 4310 credamus,»
3167 4257 3275 4301 etc.
3311 4245 3450 4311 Quid
3470 4246 3664 4301 attinet
3686 4247 4001 4304 exhomilia
4019 4252 4090 4307 45

2504 4342 2559 4396 in
2581 4342 2844 4396 Joannem
2867 4339 3195 4410 producere,
3229 4354 3349 4407 quae
3372 4339 3494 4398 luce
3519 4339 3820 4394 meridiana
3843 4342 4087 4398 clariora

2434 4437 2476 4491 D
2505 4432 2667 4488 sunt?
2703 4432 2773 4488 Ut
2804 4431 2952 4501 quod
2988 4430 3242 4486 Christus
3269 4446 3469 4499 corpus
3490 4446 3651 4484 suum
3687 4432 3740 4491 in
3758 4448 3865 4487 nos
3898 4434 4087 4489 immi-

2507 4521 2678 4585 scuit,
2713 4536 2866 4574 more
2889 4520 3246 4573 vehementer
3274 4520 3575 4574 amantium
3610 4538 3623 4573 :
3658 4522 3802 4590 quod
3833 4539 3942 4577 nos
3972 4527 4092 4579 suis

2506 4612 2767 4666 carnibus
2792 4610 3025 4675 nutriat,
3060 4610 3114 4662 in
3143 4609 3403 4663 invidiam
3434 4623 3693 4676 matrum,
3722 4627 3841 4679 quae
3870 4630 4008 4669 suos
4029 4616 4093 4671 ﬁ-

2504 4702 2609 4755 lios
2642 4702 2840 4755 alienis
2863 4700 3174 4755 nutricibus
3200 4699 3425 4754 alendos
3449 4700 3693 4763 tradunt,
3723 4710 3829 4755 etc.

2576 4793 2778 4847 Praeter
2824 4791 3167 4855 testimonia,
3215 4805 3336 4859 quae
3381 4804 3448 4843 eo
3489 4789 3595 4845 loci
3639 4791 3907 4859 producta
3933 4804 4093 4858 sunt,

2504 4884 2717 4952 insigne
2763 4882 2914 4936 aliud
2956 4892 3040 4935 est
3077 4881 3133 4935 in
3169 4880 3638 4945 Commonitorio,
3670 4882 3815 4951 quod
3844 4882 4098 4953 Cyrillus

2506 4973 2799 5028 Posidonio
2842 4972 3072 5026 diacono
3116 4972 3342 5025 Romam
3389 4971 3755 5041 proﬁciscenti
3782 4972 3961 5027 dedit.
4004 4978 4099 5031 Ait

2506 5064 2691 5127 enim,
2749 5062 3061 5117 Nestorium
3109 5062 3371 5127 dicere“,
3423 5064 3503 5116 ὅτι
3555 5064 3843 5135 ἀνθρώπου
3890 5068 4098 5132 γέγονε

2504 5154 2564 5205 τὸ
2607 5151 2797 5217 πάθος,
2849 5153 2939 5204 καὶ
2981 5149 3268 5221 ἀνθρώπου
3318 5153 3351 5220 ή
3391 5151 3708 5215 ἀνάστασις,
3757 5152 3850 5205 καὶ
3882 5154 3940 5205 ὲν
3976 5161 4100 5219 τοῖς

2511 5244 2826 5314 μυστηρίοις
2846 5243 3004 5312 σῶμά
3024 5244 3171 5295 ἐστιν
3193 5242 3481 5313 ἀνθρώπου
3504 5243 3564 5296 τὺ
3581 5244 3962 5313 προκείμενον,
3978 5241 4113 5316 etcf

2579 5336 2654 5389 De
2684 5335 2937 5389 Nestorio
2962 5334 3075 5387 dixi
3101 5333 3320 5403 ecpiose
3348 5334 3403 5388 in
3429 5334 3648 5388 dissert.
3674 5336 3697 5388 I
3725 5333 3789 5386 ad
3812 5338 4094 5403 posterio-

2508 5444 2623 5483 rem
2642 5437 2853 5497 partem
2868 5427 3023 5481 Marii
3042 5427 3387 5491 Mercatoris,
3403 5426 3886 5495 demonstravique
3906 5427 4095 5496 ipsum

2506 5532 2607 5586 pro
2634 5516 2767 5570 reali
2796 5518 3081 5585 praesentia
3104 5524 3289 5584 aperte
3314 5517 3641 5571 sententiam
3665 5515 4095 5586 dixisse,neqnc

2088 5724 2097 5730 ,
2158 5672 2473 5729 SCHULZII
2506 5672 2728 5727 NOTAE.

902 5762 971 5793 δι’
994 5758 1131 5815 Dial.
1153 5756 1188 5809 a
1215 5763 1269 5809 et
1297 5754 1353 5808 δ.
1428 5752 1471 5781 θ’
1500 5748 1616 5804 Vid.
1648 5756 1685 5801 t.
1712 5747 1799 5810 tv,
1833 5744 2053 5814 p,i‘280.
