4224 6442
153 412 255 475 £29

1373 389 1469 460 DE
1507 395 1682 455 FIDE
1721 389 2226 457 THEODORETI.

3321 405 3424 471 430

169 530 195 566 a
222 513 428 585 Cyrillo
484 511 878 581 reprehensum
902 550 914 573 ,
976 505 1123 577 quod
1171 504 1370 558 realem
1408 503 1750 572 pmsentiam
1785 506 1824 556 Α
1856 515 1978 553 nem
2009 503 2387 575 intelliguntur
2412 523 2474 563 ea
2498 524 2617 564 esse
2642 550 2654 574 ,
2710 525 2830 578 quae
2857 510 2993 566 facta
3021 522 3176 574 sunt,
3227 525 3282 568 et
3305 531 3426 570 cre-

166 616 424 676 ncgaret;
488 603 582 658 sed
637 602 784 672 quod
837 601 1159 670 infringeret
1201 597 1310 649 vim
1361 602 1417 648 et
1460 594 1753 648 elﬁcaciam

165 695 526 755 sacramenti,
579 693 894 747 convellens
920 692 1179 746 unionem
1217 687 1610 757 hypostaticam
1631 700 1751 739 car-

165 786 245 838 nis
276 795 334 839 et
365 785 532 838 Verbi
565 800 578 835 :
616 797 793 850 neque
814 782 960 835 enim
1005 794 1135 834 caro
1163 778 1286 847 puri
1312 776 1549 856 hominis
1577 782 1754 844 potest

162 892 277 930 esse
318 876 620 940 ζωοποιός,
655 875 750 928 sed
785 889 850 927 ea
883 883 1091 926 tantum
1118 911 1132 935 ,
1191 885 1314 940 qua:
1343 868 1504 921 Verbi
1557 873 1752 920 cuncta

165 967 500 1020 viviﬁcantis
529 967 749 1036 propria
781 967 870 1018 sil.

226 1058 348 1110 1am
395 1072 529 1111 vero
575 1057 847 1126 Cyrillus,
902 1064 961 1108 ut
1017 1053 1265 1106 omittam
1302 1052 1440 1115 loca,
1473 1063 1594 1117 qua:
1625 1046 1753 1099 hinc

163 1158 216 1201 et
248 1148 383 1200 inde
418 1146 680 1200 advocari
711 1147 910 1205 solent,
945 1159 1173 1212 quicque
1202 1142 1489 1195 veritatem
1521 1139 1749 1191 demon-

164 1248 337 1292 strant
365 1239 614 1306 quidem,
667 1236 762 1290 sed
800 1245 878 1288 tot
901 1234 1340 1288 cavillationibus
1369 1230 1751 1284 haereticorum

164 1332 541 1383 obscurantur
565 1370 578 1391 ,
635 1337 695 1380 ut
745 1326 891 1395 apud
923 1327 1104 1379 minus
1128 1324 1378 1378 eruditos
1425 1329 1632 1391 partem
1667 1319 1750 1374 sui

164 1422 381 1474 roboris
431 1419 739 1488 deperdere
789 1417 1101 1478 videantur,
1154 1414 1424 1483 Cyrillus,
1495 1413 1750 1480 inquam,

165 1514 256 1566 lib.
306 1529 361 1567 tv
409 1513 677 1567 Adversus
714 1511 1032 1572 Nestorium,
1067 1507 1259 1576 cap.2,
1316 1505 1447 1559 dum
1478 1503 1754 1558 examinat

165 1605 410 1658 hieretici
436 1604 623 1662 verba,
656 1603 889 1672 probare
907 1598 1229 1660 annitentis,
1250 1595 1489 1649 Verbum
1528 1606 1750 1647 carnem

164 1712 269 1748 non
303 1712 429 1750 esse
456 1697 684 1757 factum,
741 1695 870 1762 quia
899 1707 1026 1746 caro
1057 1689 1417 1744 manducatur
1449 1686 1516 1738 ad
1542 1699 1749 1738 sacram

168 1802 438 1848 mensam,
470 1802 581 1839 non
620 1788 749 1839 item
772 1784 1049 1843 divinitas.
1073 1782 1289 1850 longam
1323 1777 1749 1847 disputationem

1857 593 2083 654 duntur,
2131 606 2186 649 ct
2230 599 2606 654 adorantur.»
2672 603 2746 655 De
2799 603 2900 656 hac
2951 618 3080 656 vero
3107 606 3425 661 adoratione

1857 682 2118 752 loquitur,
2154 703 2259 755 qua
2287 689 2465 756 ipsum
2489 708 2687 760 corpus
2718 692 2920 747 Christi
2953 694 3135 748 sedem
3165 711 3194 749 a
3219 698 3426 753 dextris

1856 775 2134 844 adeptum,
2162 779 2230 831 ab
2254 781 2400 833 omni
2423 792 2670 839 creatura
2687 787 2968 850 adoratur,
2986 787 3113 855 quia
3134 799 3427 857 corpusest

1856 867 2070 921 Domini
2096 879 2320 926 naturai.
2358 873 2426 926 Et
2451 875 2664 945 dialogo
2687 878 2720 930 5
2758 877 3022 934 Eranista:
3045 881 3384 950 objicienti"
3411 901 3422 934 :

1863 975 1880 1006 ι
1904 957 2116 1027 Corpus
2139 977 2270 1029 ergo
2295 964 2452 1018 nobis
2473 967 2702 1021 salutem
2724 973 3095 1037 procuravit?»
3133 974 3430 1042 respondet

1853 1047 2202 1107 Orthodoxus
2257 1074 2268 1106 ;
2327 1075 2343 1106 ι
2368 1057 2483 1111 Νοη
2513 1060 2647 1113 nudi
2680 1061 2921 1115 hominis
2944 1076 3163 1130 corpus,
3194 1065 3287 1119 sed
3318 1067 3427 1120 Do-

1855 1141 1988 1193 mini
2015 1145 2187 1196 nostri
2215 1145 2342 1198 Jesu
2365 1147 2588 1209 Christi.
2646 1154 2912 1221 unigeniti
2939 1154 3058 1208 Filii
3103 1155 3196 1209 Dei
3227 1173 3241 1218 ;
3283 1156 3428 1224 quod

1855 1231 1899 1284 si
1929 1247 2155 1301 parvum
2189 1237 2287 1294 tibi
2318 1253 2381 1291 ac
2403 1241 2510 1294 vile
2530 1241 2767 1306 videtur,
2802 1247 3076 1312 quomodo
3099 1248 3217 1316 ejus
3241 1258 3429 1319 typum

1856 1327 2225 1381 venerabilem
2252 1341 2412 1398 putas
2434 1341 2489 1386 et
2508 1335 2843 1388 salutarem?
2873 1336 3041 1407 Cujus
3063 1349 3244 1393 autem
3269 1351 3429 1412 typus

1855 1409 2165 1474 adorandus
2200 1432 2284 1476 est
2325 1432 2380 1477 et
2407 1425 2693 1490 salutaris,
2749 1429 2841 1497 qui
2870 1438 3049 1498 potest
3075 1409 3428 1504 archetypum

1858 1508 2031 1578 ipsum
2060 1512 2267 1581 despici
2301 1524 2357 1568 et
2378 1519 2660 1572 extenuari
2686 1521 2708 1572 ‘.'
2739 1538 2754 1574 ι

1854 1663 1870 1679 ‘
1901 1661 1926 1731 §
1959 1663 2016 1715 ΙΙ.
2057 1664 2133 1749 pe
2158 1665 2263 1731 ﬁde
2289 1667 2592 1749 Theodoreti
2614 1672 2757 1749 circa
2778 1676 3015 1749 modum,
3041 1694 3140 1745 quo
3161 1682 3431 1749 peragitur

1961 1733 2122 1786 realis
2156 1739 2437 1804 prwsentia
2464 1744 2696 1810 corporis
2718 1742 2910 1798 Christi
2935 1733 3028 1798 sub
3052 1733 3318 1817 symbolis:

163 1880 230 1932 de
281 1879 475 1932 verbis
525 1878 728 1932 Christi
770 1877 927 1930 Joan.
964 1890 1038 1937 vi,
1069 1882 1124 1926 et
1173 1872 1241 1925 de
1291 1885 1454 1923 carne
1512 1868 1745 1930 viviﬁca,
1780 1850 1821 1907 Β
1927 1867 2041 1920 Non
2071 1884 2284 1934 omnes,
2322 1873 2416 1941 qui
2464 1873 2665 1928 realem
2693 1879 3042 1944 praesentiam
3069 1881 3332 1948 fatentur,
3375 1887 3431 1939 in

165 1970 441 2039 modoque
476 1984 532 2023 et
562 1971 766 2023 virtute
791 1965 1258 2022 communicanda:
1284 1965 1428 2024 vitae,
1471 1960 1754 2016 concludit

167 2064 387 2116 tandem
424 2064 483 2116 in
521 2064 637 2117 haec
665 2061 835 2116 verba
884 2077 896 2113 :
946 2079 963 2109 ‹
1000 2057 1134 2114 Vide
1165 2056 1353 2127 igitur,
1389 2050 1664 2122 quomodo
1696 2051 1751 2104 in

166 2153 325 2206 nobis
352 2161 544 2205 manet
569 2192 582 2214 ,
638 2160 694 2204 et
723 2148 1094 2219 corruptionis
1125 2146 1367 2200 victores
1395 2140 1577 2203 eliicit,
1623 2140 1749 2194 dum

165 2260 220 2298 se
267 2245 322 2297 in
375 2252 573 2297 nostra
622 2243 865 2297 demittit
893 2255 1145 2309 corpora,
1187 2246 1249 2290 ut
1277 2236 1409 2297 d'xi,
1456 2235 1617 2288 etiam
1651 2248 1751 2302 per

166 2352 317 2390 suam
351 2353 606 2398 carnem,
641 2353 760 2405 quae
788 2351 954 2388 verus
975 2342 1059 2386 est
1089 2332 1266 2390 cibus,
1299 2345 1422 2384 cum
1451 2329 1539 2381 illa
1564 2327 1752 2395 legalis

166 2429 359 2482 umbra
390 2470 404 2492 ,
471 2437 529 2482 et
554 2428 734 2481 cultus
763 2442 862 2496 per
900 2425 1070 2494 ipsam
1103 2423 1386 2476 institutus
1414 2435 1521 2472 non
1554 2418 1752 2471 habeat

164 2519 483 2572 veritatem.
526 2519 594 2572 Et
620 2516 868 2588 mysterii
899 2515 1119 2585 quidem
1146 2513 1287 2566 ratio
1329 2512 1556 2580 simplex
1577 2517 1659 2563 est
1688 2524 1752 2563 ac

165 2627 293 2665 vera
320 2652 333 2672 ,
397 2626 512 2663 non
563 2611 732 2664 variis
779 2608 1171 2677 cogitationum
1197 2604 1523 2659 commentis
1548 2603 1614 2656 ad
1646 2602 1750 2656 im-

167 2705 427 2770 pietatem
460 2702 734 2769 exquisite
766 2699 1091 2768 composita,
1118 2697 1236 2759 sed,
1265 2706 1323 2750 ut
1344 2695 1477 2757 dixi,
1499 2695 1748 2763 simplex.

166 2791 466 2845 Credimus
491 2807 725 2859 namque
759 2790 891 2843 "iud
922 2805 989 2842 ex
1020 2789 1130 2844 Deo
1154 2789 1312 2842 Patre
1333 2788 1595 2849 Verbum,
1626 2801 1752 2839 cum

168 2900 223 2938 se
284 2885 514 2953 corpori
575 2883 737 2954 483
795 2899 893 2951 per
951 2892 1194 2935 sanctam
1246 2879 1526 2949 Virginem
1579 2878 1749 2940 edito,

170 2975 513 3041 habentiquc
550 2973 873 3026 rationalem
899 2972 1161 3031 animam,
1195 2971 1422 3032 unissct,
1475 2983 1596 3037 quae
1621 2968 1751 3020 uuio

169 3065 472 3118 inell‘abilis
518 3078 743 3132 prorsus
797 3070 854 3116 et
899 3061 1126 3131 mystica
1164 3059 1295 3123 fuit;
1353 3059 1530 3126 ipsum
1555 3072 1752 3125 corpus

170 3157 486 3210 reddidisse
518 3155 791 3207 viviﬁcum
813 3193 826 3216 ,
889 3155 1090 3223 quippe
1122 3167 1247 3205 cum
1271 3149 1531 3212 Verbum,
1565 3157 1750 3217 utpote
1777 3180 1820 3239 ο

168 3249 333 3310 Deus,
375 3250 490 3301 vita
519 3249 591 3301 sit
620 3247 921 3306 secundum
953 3255 1205 3298 naturam
1228 3284 1241 3307 ,
1280 3251 1340 3295 ut
1369 3258 1468 3295 nos
1503 3257 1610 3294 non
1638 3240 1752 3308 Spi-

171 3339 358 3391 rituali
407 3348 657 3398 tantum,
719 3351 912 3390 verum
953 3335 1120 3388 etiam
1173 3333 1444 3402 corporali
1473 3332 1636 3384 modo
1670 3329 1756 3384 sui

169 3430 476 3497 participes
506 3428 752 3488 eﬂ'ectos,
807 3428 1162 3496 corruptione
1192 3424 1599 3494 praestantiorcs
1631 3421 1753 3475 red-

169 3518 346 3580 deret,
379 3527 436 3571 et
465 3525 726 3570 evacuata
759 3531 857 3584 per
880 3517 1122 3583 seipsum
1147 3515 1358 3584 peccati
1378 3515 1495 3584 lege
1516 3513 1569 3566 in
1587 3528 1755 3566 mem-

171 3610 284 3663 bris
334 3610 524 3664 carnis
575 3608 748 3676 posita
774 3648 786 3669 ,
849 3607 1135 3660 damnaret
1171 3615 1455 3675 peccatum
1491 3607 1544 3658 in
1569 3621 1753 3668 carne,

171 3700 312 3752 sicut
344 3698 614 3766 scriptum
644 3705 746 3749 est.
779 3697 883 3750 Sed
903 3698 1037 3758 hinc,
1057 3697 1162 3750 nisi
1181 3696 1355 3758 fallor,
1383 3705 1571 3749 nostro
1589 3710 1756 3748 novo-

174 3806 293 3842 rum
313 3805 438 3842 com
450 3797 761 3841 mentorum
781 3788 1118 3856 dogmatistrc
1136 3788 1286 3839 nullo
1307 3788 1467 3841 modo
1482 3787 1714 3856 placent.
1729 3806 1746 3838 ι

242 3878 549 3932 luduxerat
583 3887 740 3930 antea
769 3878 1046 3931 Christum
1082 3878 1355 3930 dicentem
1395 3895 1408 3929 :
1450 3897 1466 3928 ι
1498 3879 1608 3947 Ego
1633 3893 1753 3931 sum

173 3971 328 4037 panis
347 3971 498 4031 vitae,
528 3969 620 4036 qui
640 3968 706 4021 de
730 3969 868 4022 (ξωὶο
891 3967 1169 4028 descendi,
1197 3970 1290 4038 qui
1311 3968 1494 4022 omnia
1517 3967 1752 4032 viviﬁco,

168 4068 222 4110 et
252 4061 348 4127 qui
386 4059 441 4112 in
496 4073 582 4111 me
613 4058 1026 4119 manducantes,
1057 4058 1221 4110 etiam
1254 4073 1353 4127 per
1383 4058 1591 4111 unitam
1622 4057 1755 4110 mihi

167 4165 425 4207 carnem.
496 4149 790 4218 ingredior,
839 4167 857 4198 ι
916 4157 1022 4201 etc.
1086 4149 1348 4204 Notandae
1399 4164 1562 4202 voces
1617 4149 1752 4212 ista),

166 4257 221 4292 se.
238 4241 496 4300 demittit,
533 4239 818 4307 ingredior,
847 4240 1006 4290 etiam
1034 4255 1124 4309 per
1151 4255 1381 4292 carnem.
1439 4238 1757 4308 Signiﬁcant

169 4331 317 4384 cnim
379 4329 642 4383 unionem
666 4369 680 4392 ,
714 4345 835 4398 qua:
867 4329 959 4382 ﬁat
986 4331 1149 4383 etiam
1179 4345 1277 4399 per
1300 4331 1472 4398 ipsam
1499 4345 1717 4384 carnem
1738 4369 1752 4395 ,

167 4439 291 4492 quae
341 4421 688 4484 demittatur,
720 4429 778 4474 et
826 4421 1164 4489 ingrediatur
1213 4422 1266 4475 in
1291 4432 1478 4476 nostra
1503 4437 1751 4491 corpora.

1857 1973 2019 2011 unam
2069 1964 2396 2018 sententiam
2440 1968 2776 2022 conveniunt
2825 1969 2895 2025 de
2936 1973 3130 2037 modo,
3183 1989 3294 2044 quo
3324 1975 3426 2032 ﬁt:

1854 2050 1946 2102 alii
1971 2051 2116 2104 enim
2165 2056 2580 2112 conversionem
2608 2060 2765 2127 panis
2803 2062 2857 2115 in
2883 2077 3082 2132 corpus
3100 2065 3307 2122 Christi
3330 2068 3430 2123 ad-

1853 2142 2101 2204 mittunt,
2140 2144 2214 2200 ita
2243 2157 2303 2201 ut
2329 2148 2631 2203 substantia
2658 2151 2811 2220 panis
2844 2169 2941 2222 per
2964 2160 3431 2215 consecrationem

1855 2234 2067 2290 desinat
2095 2253 2252 2303 esse,
2311 2241 2535 2310 solaque
2579 2250 3228 2305 remaneantaccidentia
3279 2271 3291 2306 :
3335 2254 3430 2307 alii

1855 2344 2058 2382 meram
2101 2334 2545 2402 conjunctionem
2594 2335 2711 2390 ﬁeri
2751 2340 3116 2403 contendunt,
3166 2358 3272 2411 qua
3295 2344 3429 2398 sub-

1854 2421 2052 2474 stantia
2089 2424 2244 2491 panis
2290 2441 2390 2494 per
2415 2431 2883 2484 consecrationem
2909 2432 3276 2505 conjungatur
3301 2452 3429 2492 cum

1853 2513 2158 2569 substantia
2183 2520 2430 2586 corporis
2449 2520 2525 2574 Ch
2537 2521 2674 2584 risti,
2695 2533 2753 2576 ut
2776 2539 2842 2577 ex
2871 2534 3104 2596 utraque
3127 2530 3432 2586 substantia

1854 2603 2194 2661 Eucharistia
2219 2621 2597 2678 componatur.
2639 2613 2900 2668 Catholici
2926 2625 3073 2680 sunt,
3119 2621 3214 2688 qui
3244 2639 3434 2690 μετου-

1857 2696 2041 2748 σὶωσιν
2087 2714 2182 2752 seu
2211 2700 2376 2772 484,
2406 2706 3069 2764 transsubstantiationem
3093 2712 3430 2782 defendunt;

1857 2785 2182 2850 Lutherani,
2244 2792 2336 2858 qui
2395 2795 2744 2848 συνουσίωσιν
2803 2798 2916 2852 sive
2969 2800 3426 2870 impanationem.

1854 2873 2161 2939 Quaaritur,
2198 2881 2287 2933 cui
2322 2882 2465 2950 parti
2497 2883 2877 2940 Theodoretus
2901 2889 3216 2946 adhaeserit.

1926 2963 2099 3033 Super
2115 2982 2175 3020 ea
2194 2971 2497 3036 quaestione
2517 2973 2807 3041 Opiniones
2827 2985 2940 3030 tres
2957 2988 3053 3032 aut
3071 2994 3260 3034 revera
3280 2990 3430 3046 sunt,

1855 3067 1948 3107 aut
1967 3057 2193 3124 cogitari
2217 3071 2458 3127 queunt:
2481 3063 2676 3131 prima,
2702 3066 2848 3134 quod
2868 3067 3437 3128 transsubstantiatio-

1854 3163 1976 3200 nem
1995 3148 2268 3215 docuerit;
2289 3153 2544 3216 secunda,
2567 3156 2709 3223 quod
2729 3157 3018 3214 adhmserit
3040 3160 3432 3231 impanationi;

1858 3238 2041 3302 tertia,
2085 3242 2231 3308 quod
2265 3259 2374 3296 non
2403 3255 2637 3311 constet,
2671 3262 2835 3316 quam
2862 3261 3083 3306 secutus
3105 3253 3177 3306 sit
3196 3264 3431 3323 partem,

1857 3328 2127 3397 siquidem
2159 3345 2260 3400 pro
2288 3342 2483 3388 neutra
2506 3338 2808 3403 aperuerit,
2836 3339 2969 3406 quid
3003 3342 3254 3397 sentiret.

1929 3419 2109 3473 Prima
2147 3421 2232 3475 his
2261 3422 2378 3477 fere
2406 3428 2744 3494 argumentis
2769 3429 3034 3483 utitur.l.
3054 3431 3434 3491 Theodoretus

1857 3510 1993 3562 solet
2039 3512 2310 3581 magistris
2353 3515 2468 3568 suis
2511 3518 2816 3583 assentire,
2863 3524 3171 3589 prtesertim
3199 3539 3325 3578 cum
3353 3525 3432 3579 illi

1858 3602 1911 3654 in
1933 3617 1990 3654 re
2015 3604 2191 3671 magni
2223 3607 2484 3661 momenti
2511 3610 2813 3664 concordes
2838 3622 2966 3666 sunt
2989 3631 3001 3664 :
3029 3616 3178 3682 alqui
3199 3598 3435 3688 Chryso-

1856 3701 2065 3745 stomus
2099 3697 2160 3746 et
2194 3694 2518 3751 Theodorus
2559 3697 3001 3766 MOpsuestenus,
3038 3704 3240 3772 quibus
3262 3707 3434 3777 magi-

1857 3785 1984 3836 stris
2009 3785 2389 3841 Tlieodoretus
2416 3789 2703 3858 gloriatur,
2732 3793 2785 3845 in
2809 3798 3434 3855 transsubstantiationis

1857 3875 2229 3940 confessione,
2266 3894 2322 3931 re
2353 3881 2598 3947 profecto
2629 3885 2851 3937 maximi
2882 3889 3166 3950 momenti,
3200 3906 3434 3945 concor-

1861 3969 1958 4022 des
1987 3980 2130 4021 sunt.
2164 3970 2587 4040 Chrysostomus
2607 3974 2806 4030 Homil.
2829 3977 2882 4030 in
2903 3978 3214 4035 Mattlzteum
3240 3999 3254 4035 :
3286 3985 3430 4039 «Non

1857 4069 1985 4112 sunt
2037 4060 2272 4114 humana
2319 4062 2541 4116 virtutis
2587 4078 2755 4132 opera
2804 4070 3100 4136 proposita.
3149 4071 3253 4137 Qui
3301 4081 3433 4130 tunc

1858 4149 1950 4202 illa
1998 4149 2130 4204 fecit
2179 4152 2232 4203 in
2265 4152 2354 4204 illa
2384 4167 2567 4217 cmna,
2602 4170 2765 4223 quam
2792 4158 3001 4213 scilicet
3031 4161 3145 4230 ipse
3169 4163 3436 4221 Dominus

1857 4244 2186 4309 celebravit;
2219 4244 2332 4313 ipse
2357 4255 2412 4300 et
2436 4262 2582 4300 nunc
2611 4248 2724 4302 haec
2745 4259 3022 4319 Operatur.
3055 4253 3429 4314 Ministrorum

1855 4335 1973 4389 vice
1998 4351 2212 4400 sumus;
2257 4337 2348 4404 qui
2378 4353 2508 4390 vero
2535 4339 2648 4393 litec
2673 4342 2977 4396 sanctiﬁcat
2999 4353 3056 4398 et
3076 4353 3425 4410 transmutat.

1858 4425 1970 4494 ipse
2017 4437 2118 4479 est.
2153 4445 2169 4476 ι
2233 4426 2648 4494 Mopsuestenus
2694 4430 2747 4483 in
2778 4430 2979 4487 Catena
3013 4435 3079 4488 ad
3109 4447 3274 4506 caput
3304 4455 3426 4494 xxvr

169 4514 296 4568 llaec
330 4522 521 4566 autem
544 4513 675 4565 unio
698 4511 814 4564 ﬁeri
852 4528 948 4579 per
979 4512 1147 4565 solam
1178 4511 1360 4576 ﬁdem,
1391 4523 1485 4565 aut
1515 4529 1611 4582 per
1641 4514 1754 4568 sola
1786 4511 1830 4565 1)
1861 4515 2051 4568 Matth.
2082 4533 2092 4566 :
2130 4534 2146 4565 ‹
2168 4516 2286 4569 Non
2312 4515 2467 4580 dixit,
2503 4518 2617 4572 Hoc
2644 4529 2730 4573 est
2759 4523 3063 4590 symbolum
3093 4531 3340 4599 corporis
3370 4537 3426 4585 et

167 4603 573 4676 symbola,dici
603 4617 711 4655 non
743 4611 956 4671 potest,
996 4603 1101 4657 nisi
1145 4603 1311 4656 verba
1366 4605 1590 4658 immani
1614 4621 1751 4673 qua-

167 4698 292 4751 dam
361 4695 630 4748 violentia
683 4701 1059 4763 torqueantur.
1123 4694 1406 4759 Quomodo
1447 4695 1591 4748 enim
1647 4695 1752 4750 ﬁde

165 4803 375 4857 corpus
410 4786 618 4841 Christi
647 4785 953 4838 demittitur
984 4786 1036 4839 in
1071 4788 1299 4855 ipsamet
1344 4787 1606 4855 corpora?
1656 4797 1750 4842 aut

166 4879 475 4949 quomodo,
496 4877 539 4929 si
585 4891 682 4944 per
707 4876 948 4945 symbola
971 4877 1082 4929 sola
1101 4877 1422 4945 ingreditur,
1445 4877 1552 4930 dici
1575 4887 1752 4946 potest

164 4970 424 5024 Christus
441 4965 676 5033 ingredi,
712 4967 872 5017 etiam
900 4980 992 5034 per
1013 4965 1267 5017 carnem?

236 5061 525 5112 Hactenus
557 5055 624 5108 de
661 5053 764 5108 ﬁde
806 5054 1099 5107 Orientalis
1136 5052 1412 5116 Ecclesiae,
1436 5069 1599 5123 quam
1636 5057 1742 5111 nisi

167 5158 392 5203 secutus
425 5145 622 5199 fuisset
662 5144 1072 5207 Theodoretus,
1123 5159 1222 5198 nec
1255 5145 1367 5213 ipse
1401 5145 1645 5201 siluisset
1680 5148 1748 5202 de

167 5239 446 5294 sententia
477 5252 596 5298 sua,
622 5252 725 5289 nec
750 5237 865 5289 sine
895 5237 1320 5304 reprehensione
1342 5237 1599 5292 dimissus
1615 5239 1750 5294 fuis-

165 5344 248 5385 set
275 5331 350 5384 ab
377 5330 468 5392 iis,
497 5343 525 5381 a
550 5328 754 5397 quibus
777 5343 834 5381 se
862 5327 1136 5380 curiosam
1165 5331 1601 5396 persecutionem
1630 5347 1749 5399 pas-

165 5437 285 5474 sum
317 5436 443 5475 esse
465 5419 739 5488 queritur.

235 5514 360 5567 Jam
403 5527 540 5565 vero
591 5508 738 5579 quod
767 5508 1043 5563 adoranda
1065 5509 1135 5563 sit
1158 5510 1502 5564 Eucharistia
1528 5551 1541 5568 .
1585 5512 1748 5564 tradit

165 5604 576 5665 'i'izeodoretus,
595 5600 833 5654 dial.2"°
861 5618 874 5652 :
903 5619 919 5648 α
942 5599 1194 5670 Symbola
1213 5609 1335 5668 post
1360 5602 1746 5657 sanctiﬁcatio-

1854 4607 2135 4676 sanguinis
2156 4607 2293 4670 mei;
2329 4606 2446 4670 sed,
2479 4607 2589 4661 Hoc
2609 4616 2681 4662 est
2712 4626 2899 4680 corpus
2920 4630 3114 4680 meum,
3139 4627 3186 4671 et
3207 4624 3425 4689 sanguis

1855 4713 1997 4749 meus
2028 4711 2043 4748 :
2071 4695 2274 4750 docens
2303 4711 2423 4760 nos,
2461 4713 2569 4750 non
2602 4698 2875 4768 respicere
2908 4703 2973 4756 ad
3005 4714 3254 4760 naturam
3282 4710 3423 4778 ejus.

1853 4788 1994 4855 quod
2040 4787 2378 4856 propositum
2418 4796 2534 4851 est,
2595 4789 2689 4843 sed
2747 4806 2843 4858 per
2887 4791 3079 4847 factam
3129 4798 3424 4864 gratiarum

1852 4876 2143 4936 actionem,
2169 4875 2222 4928 in
2251 4889 2470 4929 carnem
2497 4886 2552 4930 et
2576 4879 2894 4947 sanguinem
2919 4883 3135 4937 mutari.
3176 4902 3194 4934 ι

1925 4967 1976 5018 2.
2046 4965 2425 5020 Theodoretus
2472 4967 2528 5020 in
2573 4967 2845 5039 dialogol
2908 4982 3063 5041 rogat
3090 4972 3420 5035 Eranistam.

1859 5059 2261 5127 μυστικώτερην
2291 5059 2704 5123 ἀποκρίνεσθαι,
2741 5069 2797 5115 et
2819 5061 3035 5132 dialogo
3054 5065 3088 5118 2
3113 5067 3422 5122 cautionem

1856 5150 1997 5204 hanc
2043 5150 2266 5204 adhibet
2297 5149 2440 5202 inter
2484 5150 2818 5220 loquendum
2865 5154 2932 5208 de
2967 5155 3331 5222 Eucharistia,
3363 5158 3422 5212 οὐ

1857 5241 1959 5311 χρὴ
1982 5241 2161 5308 σαφῶς
2187 5243 2377 5302 εἰπεῖν,
2403 5241 2456 5294 id
2488 5252 2591 5303 est.
2619 5259 2726 5296 non
2753 5253 2881 5299 sunt
2906 5248 3259 5315 propalanda,
3279 5267 3419 5320 quae,

1854 5334 1979 5401 quia
2029 5333 2264 5386 diliicilia
2304 5341 2433 5386 sunt
2477 5343 2658 5403 captu,
2707 5335 3077 5391 absterrerent
3115 5355 3142 5392 a
3176 5339 3282 5395 ﬁde
3320 5341 3421 5396 ho-

1855 5425 2031 5479 mines
2057 5423 2296 5477 nondum
2331 5423 2594 5479 initiatos.
2651 5426 2789 5480 Sunt
2811 5438 2989 5482 autem
3021 5432 3285 5499 ejusmodi
3320 5433 3420 5487 tria

1854 5516 2076 5568 omnino
2097 5555 2110 5577 ,
2149 5514 2436 5583 praesentia
2461 5517 2623 5570 realis
2654 5521 2902 5587 corporis
2932 5529 2985 5574 et
3011 5523 3289 5589 sanguinis
3318 5523 3421 5578 sub

1859 5605 2171 5658 visibilibus
2200 5606 2461 5674 symbolis
2482 5648 2493 5669 ,
2549 5610 2898 5662 manducatio
2926 5613 3192 5679 corporis,
3229 5627 3291 5667 ac
3319 5629 3417 5684 po-

1513 5761 1822 5820 SCIIUIZII
1858 5763 2083 5818 ΝΟΤᾹΞ.

241 5829 439 5884 ⁷θῖὶώ
483 5837 520 5882 ι.
555 5828 646 5897 tv,
684 5841 739 5894 p.
788 5829 905 5882 l26.
985 5831 1027 5861 τι
1068 5829 1198 5883 ibid.
1244 5845 1294 5897 ρ.
1339 5831 1455 5885 iso.
