4224 6442
796 360 891 427 £3!

1904 358 2279 450 GARNERII
2317 358 2811 429 DISSERTATIO
2851 372 2964 431 Ill.

3942 367 4047 432 432

799 477 934 536 tatio
964 474 1244 546 sanguinis
1276 471 1503 542 Christi,
1533 486 1589 531 et
1612 473 1996 529 transmutatio
2018 471 2371 543 panisetvini
2404 477 2444 530 Α
2477 490 2538 530 ac
2566 480 2800 537 visibile.
2848 483 2924 538 Ea
2959 499 3083 538 vero
3125 484 3229 538 fuit
3270 486 3494 549 erroris,
3528 486 3570 540 si
3618 500 3725 539 non
3770 483 4048 553 probatio,

797 570 935 625 facta
953 582 1052 638 per
1072 567 1560 623 consecrationem.
1590 565 1746 632 Quod
1765 578 1894 634 ergo
1918 580 2088 618 unum
2110 564 2175 617 de
2196 563 2371 617 tribus

799 671 962 726 tacet,
1012 660 1068 714 id
1106 677 1297 715 revera
1336 660 1451 714 ﬁeri
1481 658 1713 715 tacendo
1739 657 1961 713 fatetur.
1998 655 2162 726 Atqui
2186 664 2371 725 aperte

797 754 1043 825 loquitur
1075 755 1143 809 de
1168 754 1455 823 praesentia
1486 753 1640 817 reali,
1674 760 1736 805 ut
1765 760 1924 805 antea
1952 759 2232 804 ostensum
2256 758 2366 814 est;

799 848 869 902 de
900 846 1320 901 manducatione
1340 860 1473 899 vero
1507 845 1561 898 id
1590 852 1777 914 aperte
1801 841 2157 911 interroganti
2181 840 2393 895 Erani-.

797 944 914 998 stat,
963 949 1146 987 annon
1196 934 1449 989 crederet
1506 948 1563 987 se
1612 932 1863 1001 accipere
1910 946 2110 999 corpus
2151 939 2207 984 et
2242 945 2370 983 san-

798 1023 1019 1094 guinem
1063 1022 1297 1086 Christi,
1355 1037 1413 1075 se
1464 1022 1537 1075 ita
1575 1020 1803 1075 credere
1838 1018 2151 1088 respondet.
2206 1017 2372 1071 Addit

798 1115 1000 1178 etiam,
1056 1129 1165 1168 non
1212 1113 1591 1175 divinitatem,
1648 1112 1743 1166 sed
1783 1126 1985 1181 corpus
2030 1109 2368 1166 manducari.

798 1206 962 1276 Ergo,
989 1221 1111 1259 cum
1137 1205 1294 1259 sileat
1315 1204 1382 1259 de
1409 1205 1571 1260 modo
1600 1221 1710 1275 quo
1735 1204 1892 1274 panis
1916 1204 1976 1258 ﬁt
1997 1218 2199 1272 corpus
2216 1203 2373 1258 Chri-

799 1299 890 1362 sti,
926 1297 1199 1367 signiﬁeat
1221 1296 1340 1351 ﬁeri
1372 1296 1536 1351 modo
1559 1296 1653 1351 illo
1676 1296 1937 1359 mirabili,
1967 1296 2059 1365 qui
2089 1295 2373 1351 transsub—

799 1388 1080 1444 stantiatio
1114 1397 1362 1451 vocatur,
1397 1388 1602 1457 quique
1636 1395 1861 1456 prOpter
1889 1386 2371 1441 admirabilitatem

798 1477 930 1530 solis
957 1476 1185 1530 initiatis
1216 1476 1548 1545 aperiendus
1570 1482 1675 1529 est.

868 1565 920 1617 ’5.
971 1563 1107 1618 Cum
1141 1565 1342 1618 realem
1371 1566 1718 1634 praesentiam
1751 1573 1938 1633 aperte
1969 1564 2181 1628 doceat,
2216 1565 2371 1618 vide-

798 1664 889 1709 tur
908 1670 1147 1725 quoque,
1179 1664 1241 1709 ut
1261 1663 1381 1710 erat
1400 1655 1733 1725 perspicacis
1755 1656 2149 1725 intelligentiae,
2174 1656 2371 1711 docere

800 1746 1042 1809 modum,
1074 1762 1185 1815 quo
1209 1748 1375 1801 unico
1399 1746 1517 1801 ﬁeri
1547 1746 1711 1818 ἥδε
1732 1762 1891 1816 posse
1916 1748 2116 1801 realem
2136 1762 2374 1817 praesen-

2474 572 2662 627 saltem
2720 576 3005 630 commoda
3049 574 3372 644 explicatio,
3417 586 3474 630 et
3527 575 3846 629 nonnullum
3880 574 4053 645 486

2475 664 2869 734 przejudicium.
2902 666 3014 720 Cur
3042 666 3421 721 Theodoretus
3456 666 3774 735 perplexum
3817 680 4051 733 respon-

2475 773 2594 811 sum
2624 758 2792 812 facit?
2818 758 2929 814 Cur
2958 759 3222 813 Eranistae
3246 773 3354 812 non
3389 757 3608 828 objecit,
3644 757 3695 810 id
3734 772 3855 811 esse
3890 770 4053 810 erro-

2476 865 2639 904 neum
2695 850 2840 918 quod
2892 851 3203 905 asserebat?
3236 849 3348 904 Cur
3385 850 3673 918 utriusque
3712 848 4055 917 operationis

2478 941 2964 1009 (consecrationem
3011 941 3134 995 dico
3175 951 3230 995 et
3275 939 3739 1009 incarnationem)
3789 938 4057 993 differen-

2476 1031 2604 1084 tiam
2623 1046 2730 1085 non
2749 1031 3019 1100 exposuit,
3040 1033 3185 1100 quod
3216 1040 3271 1086 et
3293 1031 3553 1100 oportuit,
3577 1039 3633 1084 et
3651 1036 3768 1083 erat
3792 1045 3820 1083 e
3842 1044 3901 1083 re
3921 1028 4055 1083 sua?

2475 1118 2585 1174 Cur
2623 1121 2931 1175 econtrario
2989 1136 3142 1175 suam
3190 1122 3258 1176 de
3307 1120 3520 1174 duabus
3571 1117 3798 1188 integris
3836 1118 4055 1170 naturis

2475 1212 2531 1266 in
2566 1212 2785 1269 Christo
2826 1213 3240 1269 remanentibus
3280 1212 3607 1267 sententiam
3653 1210 3904 1279 exemplo
3938 1209 4057 1262 Eu-

2475 1302 2749 1357 charistiaa
2775 1302 3061 1373 probavit?
3102 1301 3213 1356 Cur
3241 1302 3415 1355 voluit
3445 1316 3753 1356 sermonem
3791 1300 4056 1368 aenigma-

2476 1393 2645 1445 ticum
2685 1392 2824 1457 ﬁeri,
2855 1409 2979 1447 cum
3009 1393 3076 1446 de
3107 1393 3448 1447 Eueharistia
3476 1406 3562 1446 res
3589 1399 3751 1453 esset,
3785 1390 3889 1444 nisi
3920 1390 4055 1458 quia

2476 1492 2660 1553 tegere
2713 1483 2918 1553 aliquid
2964 1492 3020 1537 et
3068 1483 3412 1539 dissimulare
3464 1481 3676 1535 voluit?
3729 1480 3870 1547 Quid
3920 1495 4058 1533 vero

2476 1574 2879 1628 dissimulatum
2910 1574 3103 1636 voluit,
3138 1575 3244 1629 nisi
3281 1573 3522 1636 modum,
3553 1586 3665 1640 quo
3690 1570 3893 1625 Christi
3933 1587 4058 1624 cor-

2475 1677 2580 1731 pus
2608 1663 2786 1733 reipsa
2817 1663 2876 1716 ﬁt
2899 1677 3138 1732 prmsens
3167 1662 3461 1733 symbolis?
3489 1662 3623 1716 Nam
3654 1670 3709 1715 et
3740 1661 3808 1714 de
3838 1662 4057 1715 caeteris

2478 1764 2665 1823 aperte
2695 1755 2959 1825 loquitur,
2990 1762 3045 1809 et
3081 1755 3133 1808 id
3165 1754 3499 1809 dissimulari
3531 1752 3871 1807 conducebat
3900 1769 3912 1804 :
3943 1753 4057 1821 pri-

800 1839 932 1892 tiam
990 1838 1230 1909 theologi
1277 1838 1688 1900 demonstrant,
1752 1839 2117 1907 argumentati
2166 1838 2377 1892 scilicet
2405 1830 2448 1885 Β
2478 1862 2587 1910 mo,
2624 1847 2755 1915 quia
2794 1847 3104 1916 exemplum
3145 1845 3535 1917 pmjudicabat
3583 1860 3759 1899 causa;
3799 1843 3925 1897 ﬁdei
3969 1858 4059 1896 ρει-

798 1928 866 1980 ad
902 1929 1069 1981 verba
1097 1928 1321 1991 Christi,
1375 1928 1485 1982 Hoc
1523 1936 1598 1981 est
1640 1944 1827 1998 corpus
1857 1944 2050 1992 meum,
2084 1942 2206 1996 qua:
2226 1937 2375 1982 certe

800 2035 925 2073 vera
971 2028 1135 2082 sunt,
1187 2034 1430 2089 veraque
1478 2034 1601 2075 esse
1650 2035 1761 2074 non
1806 2034 1967 2088 posse
2012 2019 2371 2083 contendunt,

794 2110 994 2164 saltem
1030 2110 1084 2164 in
1112 2110 1336 2179 preprio
1359 2123 1545 2173 sensu,
1580 2108 1685 2163 nisi
1712 2108 1807 2163 ﬁat
1828 2109 2135 2164 conversio.
2172 2108 2373 2174 Quem-

794 2200 1095 2256 admodum
1114 2201 1281 2271 igitur
1296 2201 1633 2271 Augustinus
1659 2210 1897 2255 mentem
1918 2200 2141 2254 Patrum
2163 2200 2231 2253 dc
2251 2216 2378 2269 pec-

801 2301 923 2346 cato
948 2291 1203 2362 originali
1234 2292 1456 2362 collegit
1480 2292 1640 2347 exiis
1671 2307 1794 2361 qua:
1834 2291 2183 2347 dixeruntde
2215 2290 2378 2346 mise-

800 2383 898 2436 riis
933 2383 1157 2436 humani
1189 2382 1428 2453 generis,
1463 2399 1586 2453 quae
1616 2384 1719 2438 sub
1742 2384 1891 2453 justo
1919 2385 2032 2439 Deo
2063 2384 2226 2438 nulla:
2254 2398 2376 2439 esse

798 2482 1060 2544 possunt,
1096 2474 1190 2528 ubi
1222 2474 1371 2527 nulla
1396 2484 1479 2528 est
1502 2475 1661 2542 culpa
1711 2491 1724 2526 :
1772 2474 1845 2528 ita
1875 2491 1976 2543 par
1996 2482 2100 2538 est,
2136 2484 2375 2529 mentem

801 2565 1134 2621 Theodoreti
1167 2566 1234 2620 de
1262 2566 1426 2619 modo
1465 2582 1576 2635 quo
1610 2581 1812 2635 corpus
1830 2567 2032 2621 Christi
2057 2567 2377 2637 ﬁtpraesens

801 2656 1082 2728 symbolis,
1118 2656 1447 2710 concludere
1481 2672 1547 2710 ex
1584 2671 1651 2711 eo
1678 2657 1822 2726 quod
1848 2657 1915 2711 de
1940 2659 2071 2713 reali
2090 2660 2378 2728 przesentia

800 2750 1005 2815 tradit,
1067 2749 1302 2803 maxime
1354 2763 1478 2802 cum
1523 2748 1779 2803 eumdem
1821 2765 1947 2804 cum
1988 2750 2379 2821 Chrysostomo

800 2850 987 2899 teneat
1015 2841 1274 2911 loquendi
1304 2840 1551 2905 modum,
1603 2856 1706 2895 nec
1744 2842 1820 2895 sit
1851 2843 2116 2897 credibile
2141 2844 2379 2914 Chryso-

801 2943 1039 2990 stomum
1074 2935 1130 2987 in
1163 2933 1423 2988 Ecclesiae
1448 2934 1718 2988 sententia
1747 2949 1856 2988 non
1890 2934 2089 3000 fuisse,
2126 2952 2229 2991 nec
2259 2936 2377 2991 ﬁeri

800 3027 1006 3097 possit,
1067 3036 1128 3080 ut
1171 3026 1460 3095 praesentia
1502 3026 1668 3079 realis
1712 3025 1805 3079 ﬁat
1834 3026 1885 3079 vi
1911 3027 2237 3093 verborum,
2271 3027 2376 3082 nisi

802 3119 1090 3174 conversio
1115 3121 1363 3172 exsistat.

872 3212 924 3265 4.
956 3209 1265 3266 Doctissimi
1295 3209 1604 3264 cardinales
1631 3209 1761 3273 duo,
1788 3209 2148 3263 Bellarminus
2169 3216 2225 3263 et
2252 3210 2380 3264 Per-

805 3305 1014 3367 ronius,
1057 3303 1465 3357 Theodoretum
1513 3301 1619 3355 hoc
1660 3300 1717 3354 in
1763 3301 1982 3369 negotio
2010 3300 2079 3354 ab
2110 3300 2379 3354 hmreticis

798 3414 932 3454 suas
961 3398 1015 3452 in
1046 3406 1250 3467 partes,
1283 3411 1382 3465 per
1409 3394 1519 3448 vim
1550 3403 1606 3449 et
1632 3401 1820 3449 contra
1854 3393 1935 3447 fas
1968 3393 2083 3462 rapi
2121 3393 2378 3447 ostende-

804 3498 965 3553 runt,
1014 3502 1251 3557 eumque
1300 3485 1582 3541 catholicae
1634 3484 1758 3539 ﬁdei
1804 3484 2081 3538 adhaerere
2132 3485 2379 3553 pluribus

806 3580 1115 3634 rationibus
1168 3578 1506 3648 probarunt;
1561 3576 1706 3645 quod
1765 3583 1821 3629 et
1866 3576 2237 3643 praestiterunt
2286 3576 2377 3630 alii

807 3688 915 3726 non
950 3670 1134 3740 pauci,
1166 3670 1313 3737 iique
1342 3668 1550 3730 eximii,
1592 3666 2087 3720 controversiarum
2119 3674 2379 3720 tractato-

808 3778 914 3817 res.
944 3762 1086 3827 Quin
1116 3760 1281 3814 etiam
1314 3758 1722 3814 Centuriatores
1753 3757 1993 3812 fatentur
2022 3758 2379 3812 mutationem

806 3854 963 3923 panis
1009 3853 1063 3905 in
1112 3866 1312 3920 corpus
1358 3849 1561 3905 Christi
1613 3865 1642 3902 a
1698 3848 2044 3902 Theodoreto
2098 3848 2375 3913 traditam,

804 3960 1042 4015 eumque
1076 3944 1284 3998 idcirco
1325 3941 1535 3997 erroris
1565 3949 1845 3995 accusant.
1870 3941 1948 3994 lta
1972 3940 2086 3994 fere
2121 3949 2377 3996 auctores

806 4035 998 4106 prima:
1027 4034 1336 4089 sententiae.

878 4123 1144 4179 Secundae
1163 4123 1440 4194 opinionis
1475 4123 1792 4178 defensores
1821 4123 2098 4177 silentium
2132 4123 2379 4178 Theodo—

802 4216 910 4270 reti
943 4214 1011 4270 de
1045 4215 1229 4278 modo,
1258 4230 1367 4283 quo
1398 4229 1599 4285 corpus
1625 4214 1825 4271 Christi
1865 4215 1924 4268 ﬁt
1960 4229 2202 4283 praesens
2234 4230 2376 4284 sym-

807 4306 974 4370 bolis,
1024 4306 1335 4375 sequiorem
1388 4305 1445 4359 in
1499 4314 1710 4375 partem
1764 4306 2217 4374 interpretantur.
2270 4305 2381 4360 Cur

804 4398 976 4461 enim,
1020 4397 1296 4466 inquiunt,
1339 4404 1447 4450 tam
1487 4398 1702 4451 curiose
1751 4397 1894 4450 cavit
1936 4398 1990 4450 in
2033 4397 2280 4467 dialogis,
2311 4413 2381 4453 ne

2476 1938 2694 1993 tholicaa
2736 1938 2803 1992 de
2843 1938 3210 2003 Eucharistia,
3249 1938 3374 1992 ideo
3421 1936 3848 2006 impugnandum
3871 1935 4055 1987 visum

2475 2039 2590 2095 est;
2634 2030 2860 2093 deinde,
2926 2031 3087 2099 quia,
3138 2030 3185 2084 si
3240 2037 3597 2100 argueretur,
3656 2027 3800 2097 quod
3860 2034 4057 2080 contra

2476 2122 2671 2192 dogma
2702 2131 2980 2193 receptum
3021 2123 3272 2187 sentiret,
3308 2130 3493 2190 posset
3536 2120 3612 2173 uti
3654 2119 3921 2173 affectatae
3959 2117 4061 2171 ob-

2478 2214 2758 2268 scuritatis
2795 2213 3112 2269 defensione
3150 2214 3217 2268 ad
3258 2212 3632 2282 repellendum
3666 2211 3896 2265 crimen.
3934 2211 4062 2263 Haec

2477 2316 2531 2362 et
2560 2308 2664 2361 alia
2688 2307 2903 2362 causari
2932 2315 3164 2376 possunt
3187 2306 3441 2361 secundas
3472 2303 3747 2374 Opinionis
3778 2310 4060 2356 auctores.

2547 2399 2650 2466 Qui
2708 2400 2926 2455 tertiam
2981 2407 3308 2468 sequuntur,
3368 2398 3640 2451 incertum
3686 2410 3810 2450 esse
3863 2394 4061 2458 aiunt,

2476 2507 2639 2561 quam
2681 2491 2735 2545 in
2780 2499 2989 2561 partem
3028 2490 3412 2545 Theodoretus
3451 2487 3784 2543 concesserit
3815 2503 3829 2539 :
3862 2501 4061 2555 quare,

2477 2593 2539 2637 ut
2575 2599 2644 2638 ne
2681 2598 2781 2653 per
2820 2582 3246 2653 imprudentiam
3291 2590 3571 2651 peccetur,
3608 2579 3663 2633 in
3701 2596 3759 2633 re
3800 2578 4062 2648 ambigua

2475 2675 2858 2729 sustinendum
2898 2674 3185 2745 judicium.
3241 2675 3447 2736 Primo,
3497 2672 3624 2741 quia
3665 2687 3763 2741 par
3810 2679 3896 2725 est
3939 2686 4087 2724 ere-7

2478 2766 2647 2830 dere,
2692 2775 2901 2821 tantum
2948 2766 3127 2820 virum
3175 2779 3288 2820 non
3339 2763 3631 2820 recessisse
3680 2762 3751 2816 ah
3799 2762 4063 2816 Ecclesia

2480 2858 2749 2920 doctrina,
2783 2858 2837 2911 in
2883 2873 2943 2911 re
2980 2864 3100 2910 tam
3149 2865 3454 2916 constante.
3491 2853 3740 2924 quamvis
3781 2852 3933 2907 aliud
3976 2854 4062 2906 vi-

2480 2948 2642 3001 detur
2682 2948 2866 3001 verbis
2902 2948 3016 3001 suis
3059 2946 3389 3016 signiﬁcare.
3437 2946 3665 3009 Deinde,
3704 2960 3829 2999 cum
3873 2944 4064 2997 verbis

2478 3037 2836 3107 aenigmaticis
2880 3037 3131 3090 consulto
3174 3051 3231 3090 se
3281 3035 3526 3091 locutum
3574 3034 3751 3102 palam
3795 3032 4062 3095 fateatur,

2480 3125 2721 3180 ostendit
2745 3126 2989 3180 noluisse
3012 3141 3069 3179 se
3093 3134 3330 3180 mentem
3357 3124 3685 3194 patefacere,
3718 3138 4062 3192 quaecunque

2480 3216 2649 3272 fuerit
2671 3216 2990 3288 obtegendae
3004 3231 3187 3271 causa.
3220 3216 3426 3279 Tertio,
3451 3214 3707 3285 quoniam
3735 3224 4063 3283 argumenta

2481 3309 2769 3377 utriusque
2807 3308 3067 3377 opposita:
3102 3307 3292 3376 partis,
3331 3307 3433 3363 etsi
3475 3306 3681 3361 habent
3719 3320 3881 3359 suum
3918 3320 4053 3373 pon-

2480 3402 2585 3456 dus
2614 3410 2668 3456 et
2699 3408 3055 3462 momentum,
3093 3399 3161 3454 de
3194 3398 3289 3452 illo
3330 3407 3511 3452 tamen
3541 3396 3772 3450 multum
3811 3410 3910 3449 sua
3949 3396 4061 3448 col-

2478 3493 2676 3547 lisione
2727 3500 2822 3545 aut
2859 3492 3140 3552 minuunt,
3183 3499 3277 3543 aut
3327 3488 3654 3557 deperdunt.
3699 3486 3931 3551 Quarto,
3993 3501 4064 3539 ne

2481 3582 2597 3653 ipse
2637 3581 2859 3652 quidem
2901 3579 3322 3650 Chrysostomus
3364 3585 3552 3647 aperte
3598 3576 3846 3646 loquitur
3888 3592 3954 3630 ea
3994 3582 4063 3629 de

2480 3690 2540 3728 re
2582 3692 2593 3725 :
2639 3675 2945 3741 μετασκευή
2991 3671 3137 3725 enim
3181 3685 3279 3723 seu
3324 3668 3719 3731 transmutatio,
3755 3667 3823 3722 de
3854 3683 3966 3736 qua
4002 3667 4063 3721 ﬁt

2482 3766 2688 3820 mentio
2754 3765 2795 3795 ⁷²
2849 3764 2904 3817 in
2960 3763 3125 3816 allato
3190 3760 3538 3822 testimonio,
3606 3765 3761 3829 urget
3831 3757 4061 3827 quidem

2480 3857 2834 3910 vehementer
2862 3853 3229 3915 Calvinianos,
3262 3851 3357 3906 sed
3398 3862 3509 3904 non
3546 3848 3776 3918 perinde
3805 3848 4061 3917 impana-

2481 3958 2664 4011 tores,
2717 3946 2812 4017 qui
2856 3945 3217 4000 mutationem
3266 3943 3385 3997 ﬁeri
3433 3957 3533 4012 per
3583 3942 4059 3996 consecrationem

2479 4039 2741 4101 fatentur,
2770 4053 2879 4091 non
2908 4052 3013 4106 qua
3042 4036 3197 4105 panis
3228 4034 3529 4089 substantia
3555 4033 3790 4096 desinat,
3821 4032 3918 4086 sed
3951 4049 4061 4102 qua

2481 4130 2698 4199 corpori
2728 4129 2931 4184 Christi
2970 4128 3356 4197 coniungatur;
3390 4127 3541 4180 velut
3577 4124 3907 4195 symbolum,
3948 4141 4061 4194 quo

2480 4220 2846 4291 signiﬁcetur;
2902 4225 2959 4271 et
3008 4217 3417 4281 indumentum,
3467 4230 3578 4284 quo
3628 4216 3721 4269 ﬁat
3772 4215 3993 4269 visibile
4043 4234 4058 4269 :

2481 4326 2650 4381 quare
2681 4310 3063 4366 Theodoretus
3104 4309 3286 4379 potuit
3318 4308 3713 4379 Chrysostomi,
3751 4307 4062 4375 discipulus

2483 4402 2751 4473 magistri,
2777 4402 3086 4471 exemplum
3105 4400 3281 4469 sequi.
3306 4399 3532 4465 Quinto,
3552 4398 3699 4468 quod
3721 4398 4060 4467 producitur

803 4497 1092 4561 cogeretur
1131 4489 1342 4558 aperire
1390 4500 1627 4543 mentem
1670 4505 1833 4557 super
1863 4505 1924 4543 ea
1964 4490 2054 4543 re?
2089 4488 2202 4544 Cur
2240 4489 2375 4544 Era-
2407 4478 2452 4535 Ῐ)
2480 4494 2847 4563 Mopsuesteni
2891 4492 3291 4556 testimonium,
3335 4490 3441 4545 etsi
3478 4490 3703 4544 omnino
3738 4506 3838 4558 per
3867 4505 3925 4543 se
3964 4506 4061 4543 va-

801 4581 983 4644 nisue,
1013 4594 1359 4634 communem
1380 4579 1648 4634 Ecclesia:
1680 4579 1840 4633 ﬁdem
1872 4581 1939 4634 de
1962 4580 2374 4635 consecratione

806 4670 1117 4724 traducenti
1151 4669 1218 4723 ad
1262 4685 1421 4723 suum
1453 4670 1520 4724 de
1562 4670 1938 4723 incarnatione
1973 4686 2215 4724 errorem
2247 4685 2374 4740 pro-

804 4759 1066 4822 bandum,
1098 4760 1316 4813 nonnisi
1344 4775 1442 4828 per
1462 4759 1723 4829 ambages
1753 4761 2076 4829 respondet?

861 4849 1089 4905 Volebat
1103 4850 1403 4911 Eranistes,
1418 4864 1539 4903 eam
1553 4864 1673 4903 esse
1690 4851 2117 4905 consecrationis
2132 4861 2187 4906 et
2198 4854 2374 4907 incar-

806 4940 1043 4993 nationis
1064 4939 1379 4993 aﬂinitatem
1397 4947 1568 5007 atque
1596 4939 2033 5004 similitudinem,
2070 4950 2149 5005 ut,
2184 4958 2375 5011 quem-

806 5031 1103 5084 admodum
1122 5031 1298 5099 panis‘
1335 5030 1572 5084 adventu
1594 5032 1838 5100 corporis
1851 5031 2057 5086 Christi
2073 5047 2171 5101 per
2188 5048 2378 5088 conse-

808 5122 1105 5174 crationem
1121 5119 1321 5173 desinit
1335 5135 1475 5185 esse,
1494 5120 1751 5190 aliudque
1769 5122 1905 5175 nihil
1925 5132 2171 5177 remanet
2192 5124 2246 5176 in
2269 5124 2377 5178 Eu-

805 5212 1084 5277 charistia,
1102 5222 1299 5282 prteter
1316 5227 1516 5279 corpus
1541 5211 1742 5266 Christi
1767 5212 1870 5265 sub
1886 5212 2067 5281 specie
2090 5214 2276 5282 panis:
2304 5215 2373 5267 ita

807 5305 1100 5359 humanam
1138 5315 1389 5358 naturam
1429 5305 1667 5359 adventu
1706 5305 1869 5359 Verbi
1909 5320 2005 5375 per
2048 5306 2377 5360 incarnatio-

808 5409 932 5446 nem
963 5393 1213 5457 desiisse,
1246 5396 1489 5464 nihilque
1519 5404 1641 5464 post
1674 5396 1928 5450 unionem
1959 5398 2013 5451 in
2041 5397 2259 5451 Christo
2289 5415 2375 5453 re-

808 5500 1048 5549 manere,
1089 5498 1286 5556 prteter
1332 5488 1565 5542 Verbum
1614 5490 1795 5556 specie
1845 5490 2081 5543 hominis
2125 5492 2374 5545 indutum

2478 4584 2651 4640 lidum
2677 4596 2782 4647 est,
2813 4584 3041 4638 fortasse
3072 4591 3253 4637 tamen
3285 4598 3393 4636 non
3424 4582 3631 4636 nemini
3656 4581 3937 4634 videbitur
3970 4582 4060 4633 in-

2483 4676 2692 4730 ﬁrmari
2720 4690 2880 4744 posse
2928 4690 2995 4728 ex
3030 4688 3097 4727 eo
3139 4671 3287 4742 quod
3320 4671 3463 4741 apud
3498 4671 3787 4725 Leontium
3818 4672 4063 4726 refertur

2479 4765 2548 4821 de
2589 4766 2957 4835 Mopsuesteni
3015 4763 3284 4827 sectariis,
3324 4761 3657 4832 negantibus
3705 4774 3903 4829 panem
3963 4776 4063 4814 eu-

2480 4854 2833 4911 charisticum
2881 4854 3005 4923 plus
3042 4852 3248 4906 habere
3300 4851 3732 4906 consecrationis
3758 4851 3886 4920 (hac
3923 4867 4062 4906 voce

2479 4944 2868 4999 transmutatio
2920 4940 3306 5011 intelligitur),
3363 4956 3525 5009 quam
3573 4950 3669 4994 aut
3708 4957 3912 5011 panes,
3964 4944 4063 5011 qui

2477 5037 2701 5092 venales
2730 5037 2787 5089 in
2815 5035 2936 5089 foro
2967 5043 3367 5103 proponuntur,
3401 5041 3498 5087 aut
3525 5033 3809 5101 placentae,
3837 5050 3963 5102 quze
3993 5037 4063 5090 ab

2479 5127 2754 5183 haereticis
2790 5126 2990 5195 reginae
3035 5125 3159 5181 caeli
3202 5125 3532 5179 offeruntur.
3584 5125 3831 5194 Denique
3874 5128 4062 5179 cardi-

2478 5220 2630 5273 nales
2672 5218 2804 5281 duo,
2835 5216 3199 5271 Bellarminus
3237 5224 3295 5270 et
3340 5216 3656 5277 Perronius,
3694 5217 3897 5270 invicte
3936 5220 4061 5286 qui-

2481 5310 2605 5363 dem
2662 5308 2925 5377 probant,
2982 5308 3183 5362 realem
3239 5307 3583 5376 praesentiam
3630 5323 3660 5361 a
3709 5308 4065 5363 Theodoreto

2484 5399 2731 5462 defendi,
2781 5398 2877 5453 sed
2927 5413 3037 5452 non
3087 5397 3347 5467 perinde,
3405 5412 3508 5452 nec
3554 5407 3661 5451 tam
3719 5398 3943 5467 capiose
3996 5399 4065 5452 de

2487 5490 3114 5545 transsubstantiationis
3157 5490 3419 5560 mysterio
3448 5488 3705 5545 videntur
3753 5505 4061 5561 pugnasse;

2143 5649 2454 5702 Stilllil/I.”
2492 5648 2718 5700 NCT/Ii.

877 5784 922 5813 τ’
946 5784 1166 5838 Scilicet
1223 5784 1275 5837 in
1307 5786 1423 5839 loco
1448 5801 1509 5839 ex
1540 5783 1735 5836 liotnil.
1772 5784 1823 5836 in
1854 5784 2183 5847 .‘olattlm-um,
2225 5802 2278 5853 p.
2316 5788 2438 5852 486,
2472 5788 2653 5841 allato.
