4224 6442
182 418 281 482 433

183 619 498 685 manifesta,
531 623 677 692 quod
721 623 884 678 realis
927 623 1231 692 prasentia
1273 622 1544 678 confessio
1582 637 1770 678 neces-

184 712 404 767 sitatem
438 714 768 769 conﬁtenda
812 714 1444 770 transsubstantiationis
1477 713 1670 778 faciat,
1715 723 1770 767 et

185 800 398 857 idcirco
450 803 636 869 faciat,
671 805 929 874 quoniam
977 807 1154 876 reipsa
1185 805 1404 860 Christi
1433 820 1631 875 corpus
1673 820 1770 875 per

184 893 352 949 verba
384 897 822 950 consecrationis
850 913 1088 966 prasens
1113 896 1374 968 symbolis
1403 896 1521 950 sisti
1557 896 1767 965 nequit,

184 984 287 1037 nisi
328 985 428 1038 fiat
469 987 761 1041 conversio
809 989 984 1056 panis,
1033 987 1178 1056 quod
1227 972 1502 1042 subtiliter
1551 995 1606 1040 et
1645 999 1771 1041 vere

185 1073 473 1142 disputant
512 1076 769 1146 theologi.

253 1164 462 1217 Verum
488 1167 664 1236 excipi
691 1176 872 1236 posset
896 1169 963 1222 ab
987 1168 1208 1223 homine
1230 1184 1340 1222 non
1359 1168 1769 1238 benignissimo,

182 1251 455 1309 adversus
492 1259 760 1311 rationem
796 1259 954 1321 hanc,
989 1259 1103 1313 fieri
1140 1260 1400 1329 potuisse.
1433 1269 1489 1313 ut
1518 1259 1770 1313 Theodo-

183 1355 336 1400 retus
373 1363 489 1401 non
534 1357 642 1402 tam
685 1360 841 1404 acute
876 1350 1186 1420 inquisierlt
1209 1354 1260 1405 in
1295 1353 1434 1406 hanc
1471 1353 1773 1421 prasentia

185 1436 348 1489 realis
399 1447 457 1491 et
507 1441 884 1496 conversionis
934 1443 1274 1506 ἀκολουθῖαν,
1332 1443 1424 1497 sed
1481 1445 1534 1496 in
1589 1443 1774 1497 verbis

181 1522 388 1579 Christi
420 1529 688 1598 mysticis,
720 1532 1180 1598 quemadmodum
1216 1533 1371 1588 multi
1405 1535 1605 1587 nostris
1639 1542 1773 1588 tem-

181 1615 435 1682 poribus,
467 1620 754 1687 agnoverit
786 1621 1034 1691 ﬂguram,
1062 1638 1167 1693 qua
1196 1625 1482 1679 continens
1509 1625 1770 1688 contenti,

179 1714 234 1758 et
267 1709 518 1763 vicissim
564 1720 879 1768 contentum
919 1716 1252 1771 continentis
1281 1719 1501 1772 nomine
1530 1719 1772 1787 appella-

181 1803 269 1849 tur
294 1814 307 1848 :
337 1799 511 1867 idque
545 1801 788 1858 innuerit
814 1807 1020 1870 verbis,
1049 1809 1249 1877 quibus
1279 1810 1503 1878 exponit
1529 1825 1770 1873 causam,

180 1902 279 1940 cur
304 1892 469 1957 panis
493 1901 548 1945 et
572 1908 772 1963 corpus
799 1895 1023 1960 Christi,
1055 1899 1106 1952 id
1133 1907 1234 1961 est,
1261 1899 1566 1969 symbolum
1597 1909 1652 1954 et
1683 1916 1768 1956 res

179 1981 517 2049 significata,
551 1985 794 2040 vicissim
825 1989 1048 2042 nomina
1078 1999 1434 2044 commutent.

249 2072 329 2127 Ex
361 2074 473 2138 his,
507 2093 627 2144 qua
655 2093 753 2147 pro
785 2079 1016 2149 singulis
1041 2082 1397 2150 opinionibus
1425 2083 1583 2137 allata
1617 2092 1766 2148 sunt,

179 2165 372 2218 videor
428 2168 568 2221 mihi
627 2185 788 2238 posse
849 2187 956 2226 non
1017 2174 1393 2242 imprudenter
1449 2174 1706 2243 colligere
1754 2192 1764 2226 :

180 2255 232 2308 1⁸
259 2255 481 2321 Quanta
518 2259 745 2315 audacia
779 2262 1200 2318 Sacramentarii
1245 2266 1486 2319 haretici
1520 2264 1771 2320 Theodo-

178 2355 359 2400 retum
399 2349 506 2402 sibi
553 2351 735 2406 favere
773 2354 1052 2422 jactitent;
1095 2355 1240 2423 quod
1290 2356 1608 2411 Albertinus
1649 2373 1769 2410 ver-

180 2433 309 2487 bose
338 2438 539 2506 magis,
567 2453 729 2507 quam
774 2442 996 2511 copiose
1031 2443 1161 2513 egit.
1197 2443 1330 2498 Nam
1371 2446 1619 2514 quamvis
1649 2445 1764 2499 efﬁ-

177 2537 391 2589 cerent,
436 2545 464 2580 a
510 2528 860 2586 Theodoreto
908 2535 1108 2588 realem
1155 2537 1403 2590 conver"
1434 2553 1570 2591 nem
1612 2539 1769 2606 panis

179 2616 443 2671 traditam
474 2634 583 2672 non
627 2636 766 2685 esse,
795 2637 903 2676 non
938 2624 1200 2677 continuo
1232 2626 1428 2680 realem
1463 2627 1768 2681 absentiam

177 2711 435 2777 corporis
460 2709 668 2766 Christi
705 2724 966 2769 assertam
1001 2717 1318 2786 probarent.
1364 2718 1516 2772 Unde
1567 2733 1769 2787 cogun-

179 2808 268 2852 tur
291 2801 482 2865 fateri,
509 2804 654 2870 quod
693 2806 881 2874 rcipsa-
910 2805 1110 2861 fatetur
1143 2808 1483 2868 Albertinus.
1515 2825 1634 2877 qua
1671 2825 1769 2878 pro

179 2892 314 2947 reali
373 2895 668 2962 prasentia
717 2898 968 2965 corporis
1023 2897 1227 2953 Christi
1282 2914 1312 2952 a
1361 2897 1659 2953 Catholicis
1703 2916 1769 2954 ex

180 2981 542 3038 Theodoreto
589 2985 991 3054 producuntur,
1024 2977 1208 3046 favere
1234 2990 1276 3022 ⁷³
1300 2991 1595 3060 plurimum
1625 2991 1768 3046 Con-

181 3075 714 3133 substantiatoribus
740 3097 752 3132 :
779 3097 885 3150 qua
921 3085 1265 3140 confessione
1282 3101 1381 3140 sua
1392 3086 1514 3158 jpse
1547 3087 1766 3140 ratioci-

180 3166 272 3220 nia
304 3169 533 3222 evertit.

247 3254 307 3309 2°
343 3257 498 3312 Nihil
531 3274 651 3314 esse
688 3261 982 3317 admodum
1015 3279 1211 3331 causa,
1241 3283 1339 3322 cur
1377 3269 1430 3322 in
1471 3273 1771 3339 quastione

183 3344 253 3400 de
296 3350 918 3421 transsubstantiatione
946 3355 1211 3410 Catholici
1262 3360 1616 3416 vehementer
1664 3363 1773 3416 sint

183 3437 407 3492 solliciti
459 3439 529 3494 de
575 3439 907 3498 Theodoreti
950 3447 1242 3510 sententia,
1281 3455 1340 3500 ut
1377 3451 1471 3517 qui
1522 3453 1773 3511 consulto

183 3539 431 3584 mentem
477 3532 690 3599 aperire
731 3535 993 3601 noluerit,
1026 3547 1318 3606 propterea
1353 3542 1498 3611 quod
1535 3545 1773 3612 graviter

186 3621 659 3679 incommodasset
713 3625 878 3680 rebus
942 3628 1076 3682 suis.
1133 3629 1188 3684 Si
1244 3633 1390 3686 enim
1448 3635 1769 3690 catholicam

183 3713 502 3768 doctrinam
546 3715 612 3769 de
647 3720 1258 3778 transsubstantiatione
1310 3734 1533 3779 secutus
1582 3725 1772 3782 fuisset

177 3820 246 3860 eo
275 3807 424 3870 loco,
456 3823 568 3875 quo
602 3809 672 3864 de
699 3813 900 3881 agitur,
934 3813 1286 3868 adversarius
1317 3818 1581 3871 continuo
1614 3834 1769 3873 suam

181 3894 311 3949 inde
362 3894 683 3964 opinionem
737 3899 804 3953 dc
858 3900 1254 3957 incarnationis
1295 3905 1458 3958 modo
1507 3915 1602 3960 aut
1645 3922 1772 3976 pro-

181 3983 393 4050 basset,
427 3991 444 4006 ‘
477 3997 572 4041 aut
607 3992 858 4058 exemplo
887 3991 1220 4048 declarasset
1252 4012 1265 4047 :
1294 3995 1380 4049 sin
1417 4005 1597 4051 autem
1637 4013 1770 4052 con-

181 4087 262 4132 tra
303 4078 624 4134 doctrinam
668 4081 992 4136 catholicam
1030 4092 1218 4152 aperte
1258 4087 1540 4150 sensisset,
1575 4088 1768 4142 adver-

180 4172 367 4224 sarius
392 4179 582 4224 statim
610 4172 815 4226 erroris
845 4167 1010 4228 unius
1041 4189 1194 4228 reum
1232 4174 1390 4230 facile
1423 4177 1478 4230 in
1509 4177 1769 4234 invidiam

182 4265 419 4319 alterius
452 4274 732 4330 vocasset;
765 4280 1079 4335 quanquam
1117 4275 1291 4321 totum
1323 4268 1427 4323 hoc
1453 4269 1768 4340 disputandi

181 4371 382 4426 genus,
427 4355 577 4424 quod
620 4355 836 4426 dialogo
877 4358 1213 4424 continetur,
1244 4361 1464 4430 quando
1508 4372 1628 4417 acta
1666 4380 1769 4433 pu-

182 4447 328 4502 blica
365 4446 575 4515 scripta
607 4462 718 4500 non
754 4456 901 4512 sunt,
925 4448 1021 4502 sed
1051 4449 1120 4502 ab
1152 4465 1220 4504 eo
1242 4453 1334 4519 qui
1367 4467 1519 4506 suam
1549 4470 1767 4509 causam

1383 423 1481 483 DE
1520 421 1695 482 FIDE
1732 419 2238 485 THEODORETI.

183 531 283 583 nisi
329 530 594 586 dicantur
639 547 705 587 ea
757 530 966 586 ratione
1018 530 1124 596 ui,
1165 530 1330 603 487
1375 533 1530 602 quasi
1573 549 1671 602 per
1709 547 1766 587 se
1794 534 1846 592 Δ

3343 423 3443 486 431

2368 535 2534 606 488
2569 533 2792 591 CAPUT
2831 534 2918 590 1v.

1873 623 1948 677 De
1975 625 2079 694 ﬁde
2107 626 2407 680 Theodoreti
2449 630 2586 680 circa
2632 629 2968 696 quastionem
3006 627 3068 678 de
3103 635 3309 695 peccato
3343 631 3446 681 ori-

2184 696 2372 767 ginali,
2404 705 2452 748 et
2485 697 2740 766 baptismo
2772 699 3133 767 paruulorum.

1943 804 1982 858 1.
2023 803 2345 860 Theodorus
2387 807 2821 876 Mopsuestenus,
2856 822 2984 876 quo,
3024 815 3083 861 ut
3127 822 3268 876 sape
3303 807 3444 860 dixi-

1872 909 2023 958 mus,
2069 896 2328 964 magistro
2371 896 2755 950 Theodoretus
2789 897 3143 966 gloriabatur,
3186 897 3445 966 quastio-

1870 1000 1997 1040 nem
2035 995 2206 1040 movrt
2237 987 2494 1042 Ecclesia
2535 987 2603 1042 de
2650 1000 2874 1056 peccato
2907 988 3208 1055 primorum
3251 1002 3448 1056 paren-

1872 1082 2010 1138 tum,
2039 1092 2107 1130 an
2133 1079 2385 1132 nocuerit
2408 1080 2664 1147 posteris,
2687 1088 2744 1132 et
2773 1077 2897 1132 inde
2922 1093 3088 1141 mors,
3116 1086 3228 1130 tum
3250 1077 3443 1140 animi,

1872 1181 1993 1235 qua
2033 1168 2268 1236 privatio
2313 1170 2530 1238 gratia;
2580 1178 2696 1222 tum
2743 1169 3027 1236 corporis,
3074 1182 3194 1235 qua
3243 1168 3447 1221 solutio

1873 1257 2040 1310 animi
2081 1273 2110 1310 a
2152 1256 2414 1326 corpore,
2467 1270 2743 1314 contracta
2789 1260 2878 1313 sit.
2942 1259 3200 1324 Quasivit
3242 1259 3447 1326 pariter

1873 1361 2035 1414 quam
2075 1347 2145 1400 ob
2185 1363 2297 1401 rem
2347 1347 2578 1402 infantes
2626 1349 2990 1416 baptizentur,
3032 1365 3098 1402 an
3141 1356 3201 1401 ut
3235 1348 3442 1401 macula

1873 1453 1970 1491 sua
1997 1438 2206 1506 peccati
2237 1439 2523 1508 originalis
2551 1439 2876 1503 abluantur;
2913 1455 2979 1491 an
3014 1447 3073 1492 ut
3103 1440 3442 1498 innocentes,

1873 1529 1966 1597 qui
1995 1530 2106 1582 nati
2138 1539 2265 1584 sunt
2310 1546 2374 1584 ex
2419 1529 2755 1592 hominibus,
2789 1544 2886 1598 per
2921 1528 3250 1597 baptismum
3294 1544 3446 1596 rege-

1875 1629 2141 1674 nerentur
2191 1621 2245 1673 in
2294 1621 2434 1674 ﬁlios
2478 1621 2592 1676 Dei.
2641 1620 3030 1675 Convenerunt
3067 1634 3276 1682 omnes,
3317 1620 3444 1672 olim

1875 1713 2083 1780 primos
2130 1721 2382 1781 parentes
2428 1713 2662 1780 posteris
2705 1713 2958 1765 nocuisse
3000 1712 3283 1780 exemplo,
3321 1727 3444 1764 cum

1877 1813 2172 1873 peccarent
2205 1822 2216 1855 :
2253 1820 2320 1857 an
2364 1804 2470 1857 alio
2520 1803 2682 1857 modo
2725 1804 3044 1869 nocuerint,
3089 1814 3201 1858 tres
3244 1803 3296 1856 in
3332 1805 3444 1872 opi-

1876 1895 2071 1949 niones
2099 1896 2308 1950 abitum
2337 1903 2437 1949 est.

1947 1985 2010 2037 11.
2050 1985 2233 2038 Sensit
2258 1985 2602 2048 Theodorus,
2631 1986 2686 2038 in
2721 1987 2870 2039 nullo
2903 1987 3122 2054 penitus
3153 1987 3402 2039 nocuisse
3431 2005 3442 2036 :

1878 2059 2103 2130 tradidit
2135 2078 2490 2147 Augustinus,
2513 2078 2765 2132 nocuisse
2789 2079 2967 2148 quoad
3008 2079 3249 2132 animum
3283 2079 3450 2131 simul

1877 2178 1930 2222 et
1969 2183 2186 2238 corpus.
2223 2170 2372 2223 illum
2417 2171 2624 2241 iustitia
2667 2172 2940 2241 originali,
2978 2170 3122 2224 istud
3164 2171 3445 2223 immorta-

1873 2257 2026 2313 litate
2063 2261 2345 2329 spoliando
2377 2305 2388 2316 .
2424 2261 2728 2316 diviserunt
2771 2263 3050 2323 nonnulli,
3091 2263 3446 2330 nocitumque

1874 2351 2058 2402 animo
2101 2361 2402 2419 negarunt,
2445 2352 2782 2406 aﬂirmarunt
2824 2353 3059 2421 corpori.
3106 2352 3446 2406 Sententiant

1873 2440 2163 2509 Augustini
2212 2452 2459 2510 sequntur
2501 2443 2765 2504 Ecclesia,
2811 2444 3028 2512 rejectis
3069 2444 3190 2497 aliis
3233 2444 3446 2498 duabus

1874 2531 2025 2584 velut
2058 2533 2326 2586 erroneis.
2372 2532 2666 2599 Quaritur,
2698 2535 2785 2589 cui
2820 2535 2885 2588 de
2922 2534 3097 2589 tribus
3129 2535 3446 2590 Theodore-

1878 2630 1964 2675 tus
1995 2623 2301 2677 adhaserit.

1947 2713 2033 2767 111.
2067 2715 2247 2768 Viden
2281 2723 2459 2784 potest
2497 2727 2786 2786 suspectus
2822 2717 3040 2772 nomine
3070 2719 3447 2773 consensionis

1876 2818 1998 2858 cum
2023 2805 2313 2859 Theodoro
2341 2825 2352 2835 ·
2378 2809 2574 2876 primo,
2597 2817 2823 2878 propter
2845 2809 3142 2864 immensas
3166 2811 3220 2865 in
3246 2810 3444 2879 ipsum,

1875 2897 2024 2950 velut
2053 2898 2219 2952 totius
2249 2897 2505 2952 Ecclesia
2537 2899 2875 2969 magistrum,
2899 2911 3184 2971 congestas
3214 2902 3404 2956 laudes
3430 2923 3441 2954 ;

1875 2988 2080 3051 deinde,
2111 2989 2237 3058 quia
2273 2991 2324 3043 in
2362 2990 2494 3060 ipsis
2529 2990 2692 3044 etiam
2727 2991 3105 3046 Hareticarum
3145 2993 3447 3062 fabularum

1875 3079 2053 3142 libris,
2085 3079 2216 3133 dum
2245 3091 2492 3136 recenset
2518 3081 2806 3135 haereticos
2837 3082 3082 3136 omnium
3106 3092 3346 3146 atatum,
3379 3083 3447 3138 de

1875 3169 2240 3235 Calestianis,
2283 3173 2334 3226 id
2378 3181 2482 3238 est,
2516 3174 2727 3243 peccati
2776 3174 3058 3244 originalis
3101 3174 3446 3245 impugnata-

1879 3263 2053 3328 ribus,
2086 3265 2239 3318 silet:
2269 3265 2508 3334 denique,
2535 3263 2794 3334 quoniam
2821 3280 2984 3334 super
3014 3265 3116 3318 hac
3148 3265 3448 3334 quastione

1874 3355 2102 3425 perinde
2155 3355 2397 3423 loquitur
2441 3370 2503 3409 ac
2549 3355 2846 3425 Pelagiani,
2881 3355 3073 3410 saltem
3125 3355 3315 3424 aliqui,
3356 3371 3450 3409 eo-

1874 3445 2109 3516 demque
2147 3446 2308 3500 modo
2347 3446 2739 3515 interpretatur
2773 3447 2929 3516 plura
2965 3445 3259 3516 Scriptura
3289 3446 3445 3499 testi-

1875 3537 2079 3601 monia,
2102 3553 2224 3606 qua
2254 3538 2309 3591 in
2332 3538 2649 3591 alterutram
2685 3547 2894 3607 partem
2923 3537 3294 3592 adducuntur.
3322 3537 3448 3592 llac

1874 3627 1976 3680 tria
1998 3626 2299 3694 probantur
2321 3627 2375 3680 in
2398 3627 2545 3681 hunc
2569 3627 2812 3682 modum.

1945 3719 2032 3774 IV.
2070 3719 2137 3772 Et
2166 3721 2396 3788 primum
2426 3719 2647 3788 quidem
2691 3719 2760 3774 de
2801 3719 3074 3781 laudibus,
3115 3722 3203 3773 vix
3245 3721 3444 3788 proba--

1874 3810 2022 3862 tione
2044 3817 2167 3878 eget
2194 3826 2207 3861 ε
2241 3816 2458 3877 quanta
2491 3817 2619 3862 sunt
2646 3809 2793 3862 enim
2821 3809 2958 3871 ista,
2986 3823 3259 3877 quamque
3287 3824 3448 3878 exag-

1872 3909 2070 3970 gerata
2113 3899 2186 3952 "l
2249 3917 2266 3950 c
2312 3898 2430 3965 Quo
2507 3907 2752 3968 tempore
2835 3897 3055 3952 divinus
3123 3898 3447 3953 Theodorus

1871 3991 2269 4046 Antiochenam
2315 3989 2538 4058 regebat
2585 3989 2917 4052 Ecclesiam,
2967 3988 3289 4042 Theodorus
3329 3988 3445 4042 Ilo~

1872 4082 2128 4153 psuestia
2168 4081 2475 4150 episcopus,
2514 4081 2681 4133 totius
2721 4079 2976 4133 Ecclesiae
3012 4080 3290 4148 magister,
3313 4080 3444 4134 -ha-

1873 4174 2276 4242 reticarumque
2301 4171 2547 4226 omnium
2574 4170 2884 4224 cohortium
2919 4169 3245 4232 debellator,
3277 4170 3444 4224 vitam

1873 4265 2032 4319 finiit.
2071 4265 2170 4318 Hic
2204 4264 2385 4334 magni
2428 4263 2652 4317 Diodori
2695 4261 2912 4316 auditor
2954 4261 3075 4323 fuit,
3111 4262 3445 4331 Joannisque

1873 4353 2202 4408 sanctissimi
2246 4353 2429 4407 socius
2473 4362 2529 4405 et
2565 4351 2816 4422 adjutor;
2853 4367 2958 4406 una
2993 4352 3139 4406 enim
3184 4352 3445 4421 spiritua-

1871 4446 2016 4500 libus
2062 4444 2283 4499 Diodori
2331 4443 2551 4498 fluentis
2605 4443 2762 4512 potiti
2818 4451 2963 4497 sunt.
3017 4443 3075 4497 In
3127 4443 3443 4512 episcopatu

179 4538 316 4610 egit,
348 4537 690 4591 inducuntur
717 4551 989 4606 persona,
1020 4539 1156 4593 nihil
1199 4539 1492 4595 admodum
1527 4544 1670 4598 valet
1701 4548 1770 4600 ad
1803 4541 1843 4594 D
1873 4544 2054 4589 autem
2099 4550 2272 4588 annos
2304 4535 2514 4603 peregit
2541 4549 2634 4587 sex
2665 4541 2718 4587 et
2753 4533 2993 4603 triginta,
3019 4542 3211 4587 contra
3241 4542 3445 4588 sectam

181 4629 626 4700 cognoscendam
662 4630 964 4684 adversarii
1006 4639 1244 4686 mentem
1282 4649 1294 4684 :
1326 4633 1380 4686 in
1406 4649 1473 4688 eo
1499 4635 1648 4689 enim
1675 4653 1772 4706 po-

181 4723 285 4776 sita
326 4731 416 4775 est
440 4721 663 4790 generis
697 4721 844 4775 illius
877 4737 988 4784 ars,
1017 4730 1079 4775 ut
1113 4731 1266 4777 actor
1293 4723 1567 4780 defensori
1605 4729 1770 4783 verba

181 4810 526 4880 suppeditet,
554 4810 609 4864 in
642 4812 882 4880 speciem
917 4827 1030 4866 sua
1059 4827 1237 4868 causa
1268 4817 1647 4884 accommoda;
1687 4835 1772 4875 re-

180 4918 312 4957 Vera
357 4912 572 4966 autem,
613 4901 707 4956 ubi
752 4911 1122 4972 exponuntur,
1171 4895 1515 4961 incommoda
1552 4925 1565 4962 :
1606 4919 1770 4980 atque

181 4989 446 5045 defensor
489 5005 632 5059 sape
673 4989 909 5061 ﬁngatur
958 5001 1054 5047 aut
1099 4993 1282 5063 inepta
1334 4997 1515 5066 loqui,
1557 5008 1652 5053 aut
1701 5001 1767 5054 iis

181 5081 447 5136 assentiri
480 5095 603 5150 qua
625 5096 734 5134 non
767 5089 1048 5136 merentur
1083 5082 1265 5138 fidem.
1301 5084 1390 5140 Sic
1418 5089 1564 5141 enim
1594 5088 1767 5144 lecto-

184 5173 260 5227 ris
298 5172 524 5226 animus
563 5185 630 5224 eo
678 5171 882 5225 sensim
933 5171 1050 5226 sine
1099 5187 1263 5227 sensu
1312 5174 1629 5241 inclinatur,
1660 5193 1770 5247 quo

183 5263 359 5316 actori
399 5261 572 5327 libet;
613 5261 1079 5330 quemadmodum
1116 5263 1172 5318 in
1203 5265 1427 5334 judiciis
1466 5265 1595 5322 ferri
1634 5270 1771 5326 solet

183 5350 467 5407 sententia
508 5349 566 5404 in
606 5364 725 5406 eam
768 5359 1016 5420 partem,
1065 5351 1121 5406 in
1167 5369 1330 5422 quam
1374 5355 1771 5413 contendentes

182 5451 380 5511 sponte
414 5441 790 5496 consentiunt.

1871 4627 2128 4680 Arianam
2154 4635 2209 4680 et
2234 4625 2629 4679 Eunomianam
2661 4623 2949 4687 dimicans,
2971 4633 3028 4678 ct
3052 4625 3444 4679 clandestinam

1870 4718 2193 4787 Apollinarii
2243 4717 2523 4771 cohortem
2566 4713 2892 4785 proﬂigans,
2949 4723 3005 4771 et
3048 4715 3308 4783 optimam
3365 4716 3448 4769 di-

1871 4809 2011 4864 vinis
2069 4809 2264 4862 ovibus
2319 4807 2547 4861 herbam
2607 4805 2983 4876 suppeditans.
3039 4825 3056 4856 υ
3115 4807 3180 4859 Et
3226 4807 3332 4860 alio
3389 4807 3443 4860 in

1870 4901 1990 4956 loco
2020 4901 2067 4931 '“‘
2107 4918 2119 4953 :
2169 4920 2186 4952 ι
2228 4899 2535 4953 Proferrem
2609 4898 2772 4952 etiam
2852 4897 2950 4951 tibi
3021 4897 3442 4951 fortissimorum

1871 4993 2119 5046 veritatis
2185 4999 2684 5062 propugnatorum,
2743 4990 2965 5044 Diodori
3019 5000 3073 5044 et
3135 4991 3440 5053 Theodori,

1875 5086 2273 5146 enarrationes,
2293 5070 2398 5136 nisi
2422 5081 2687 5147 viderem,
2710 5097 2808 5135 vos
2828 5081 3042 5137 infenso
3063 5084 3116 5136 in
3142 5083 3241 5136 hos
3261 5084 3444 5137 animo

1872 5188 2012 5238 esse,
2062 5172 2492 5242 Apollinariique
2542 5173 2596 5225 in
2643 5187 2739 5226 eos
2779 5171 2910 5225 odio
2949 5182 3006 5226 et
3050 5173 3443 5228 malevolentia

1873 5265 2198 5320 successisse
2235 5281 2247 5316 :
2277 5263 2510 5318 vidisses
2551 5263 2698 5318 enim
2739 5263 2841 5318 hos
2875 5265 3039 5318 etiam
3072 5265 3283 5318 cateris
3318 5281 3418 5318 con

1871 5357 2124 5412 sonantia
2156 5354 2464 5424 scripsisse,
2495 5363 2551 5408 et
2581 5369 2646 5408 ex
2678 5355 2865 5408 divino
2894 5355 3041 5409 fonte
3073 5355 3273 5410 fluenta
3307 5357 3442 5409 hau-

1866 5452 2034 5515 sisse,
2057 5447 2310 5514 rivosque
2334 5453 2390 5500 et
2410 5445 2575 5517 489
2595 5445 2740 5516 ipsos
2761 5461 2978 5517 quoque
3005 5449 3180 5504 sancti
3209 5446 3444 5516 Spiritus

1527 5585 1836 5643 SCHULle
1870 5587 2089 5646 ΝΟΤΑΣ.

258 5698 306 5772 ⁷-⁸
333 5695 557 5772 Favere,
582 5695 774 5772 etc._Si
795 5696 1003 5753 scilicet
1023 5713 1088 5752 ex
1114 5700 1243 5754 reali
1264 5704 1549 5770 prasentia
1573 5704 1900 5758 concludere
1924 5706 2103 5764 liceat,
2136 5721 2324 5758 verum
2348 5721 2465 5760 esse
2491 5705 2682 5772 dogma
2716 5704 2781 5758 de
2813 5702 3440 5758 transsubstantiationc.

189 5767 296 5844 Sed
327 5784 436 5822 non
474 5767 841 5844 valerehanc
886 5767 1299 5844 argumentandi
1347 5772 1636 5844 rationem,
1671 5775 1782 5844 ipse
1818 5774 2080 5827 Batonius
2133 5776 2330 5844 aliique
2389 5767 2637 5829 Romana
2692 5775 2944 5828 Ecclesia
2987 5775 3233 5826 doctores
3283 5774 3435 5826 intel-

192 5841 467 5892 lexerunt.
541 5837 589 5867 "
624 5837 740 5889 Vid.
778 5837 909 5890 Hist.
940 5837 1061 5892 (rd.
1091 5840 1182 5893 lih.
1216 5858 1263 5899 γ,
1291 5857 1408 5910 cap.
1443 5843 1536 5894 ult.

1617 5845 1661 5874 ⁷⁸
1691 5843 1852 5898 Eran.
1912 5845 2041 5897 ltial.
2085 5847 2125 5894 l.
