4224 6442
796 374 900 438 ιόὗ

1890 368 2264 428 GARNERll
2303 368 2799 430 DISSEIITATIO
2837 372 2949 430 ΙΙΙ.

3947 371 4054 435 436

795 484 1090 539 exstitisse.
1128 499 1144 531 ι
1183 481 1250 534 Et
1284 480 1341 533 in
1380 478 1490 533 alio
1526 492 1717 531 rursus
1754 477 2005 531 alludens
2041 478 2106 531 ad
2142 478 2367 532 citatum
2399 483 2446 537 Α
2473 478 2726 543 nendum,
2748 480 2857 532 imo
2879 494 2981 534 nec
2998 482 3439 537 memorardam?
3461 480 3528 534 At
3549 480 3823 549 quomodo
3845 482 4052 534 exstin-

799 571 1172 625 testimonium
1215 570 1257 599 ⁷⁸
1300 587 1312 621 :
1366 587 1383 619 ι
1435 566 1704 642 Quoniam
1785 575 1969 621 autem
2048 582 2135 620 me
2206 567 2370 621 etiam

797 662 1219 731 reprehenditis,
1254 659 1407 730 quasi
1443 667 1662 713 sanctos
1693 674 1758 714 ac
1786 658 1977 713 beatos
2005 659 2213 723 Patres,
2246 659 2372 713 Dio-

798 754 991 808 dorum
1044 769 1108 807 ac
1155 752 1541 816 Theodorum,
1594 752 1649 805 in
1703 751 2089 820 magistrorum
2138 765 2372 804 numero

795 844 1180 913 praaterietim,
1204 844 1576 898 necessarium
1605 842 1736 895 duxi
1764 842 1832 896 de
1871 842 1977 896 hoc
2002 843 2168 897 etiam
2199 858 2371 911 pauca

795 939 1002 1001 dicere,
1038 956 1055 987 ι
1099 945 1208 995 etc.
1243 956 1261 989 ι
1296 937 1415 1004 Quo
1454 947 1635 990 autem
1674 936 1826 991 cultu
1861 938 2012 991 viros
2046 952 2370 1006 prosequar,

796 1030 955 1083 testis
998 1037 1083 1083 est
1130 1029 1293 1093 liber,
1337 1043 1501 1097 quem
1550 1027 1619 1081 de
1669 1027 1779 1082 illis
1824 1028 2127 1096 composui,
2168 1029 2221 1082 in
2264 1044 2372 1098 qua

795 1116 1084 1172 conﬂatam
1129 1119 1185 1171 in
1226 1117 1351 1171 illos
1406 1117 1815 1173 accusationem
1859 1117 2141 1171 diluimus.
2173 1136 2192 1169 ι
2236 1117 2372 1172 Cum

794 1222 925 1275 ergo
966 1222 1162 1277 magna
1202 1208 1376 1262 soleat
1402 1224 1525 1263 esse
1551 1209 1751 1262 mentis
1789 1224 1915 1261 cum
1950 1210 2231 1264 voluntate
2260 1208 2376 1264 alii-

794 1308 958 1361 mtas,
990 1314 1184 1368 magna
1208 1299 1507 1353 necessitas
1532 1298 1711 1352 laudis
1734 1306 1789 1352 et
1811 1298 2155 1360 imitationis,
2181 1299 2371 1353 saltem

796 1389 942 1457 apud
988 1390 1265 1443 hominem
1311 1390 1406 1458 qui
1451 1389 1558 1443 sibi
1613 1405 1914 1459 generosus
1958 1390 2199 1453 videtur,
2249 1389 2374 1459 quis

797 1480 1207 1534 'l'heodoretum
1256 1480 1416 1535 facile
1463 1481 1651 1535 credat
1700 1481 2025 1536 dissensisse
2061 1480 2371 1545 Theodoro,

795 1584 959 1637 quem
1006 1570 1158 1625 velut
1208 1552 1377 1625 totius
1425 1570 1682 1624 Ecclesia:
1730 1570 2083 1639 magistrum,
2125 1569 2375 1622 veritatis

794 1660 1153 1714 fortissimum
1195 1668 1679 1730 propugnatorem,
1715 1661 2106 1715 debellatorem
2152 1660 2372 1714 hazreti-

795 1766 981 1805 carum
1018 1752 1354 1817 cohortium,
1386 1752 1564 1807 rivum
1598 1751 1841 1822 Spiritus
1870 1752 2141 1817 veritatis,
2171 1753 2371 1822 praedi-

793 1842 937 1896 cavit
958 1852 1018 1895 et
1044 1843 1253 1897 coluit?

870 1934 928 1985 V.
960 1932 1082 1986 Jam
1111 1949 1233 1986 vero
1259 1934 1407 2002 quod
1433 1934 1502 1988 de
1529 1932 1875 1988 leestianis
1892 1932 2375 1988 Ctelestianorum-

793 2039 900 2090 que
926 2022 1121 2077 haeresi
1150 2031 1469 2078 constanter
1497 2024 1700 2092 ubique
1731 2023 1965 2084 siluerit,
1991 2032 2047 2077 et
2066 2024 2372 2092 prtesertim

794 2116 848 2168 in
900 2129 1101 2184 Opere,
1156 2130 1267 2184 quo
1325 2114 1709 2169 haereticarum
1765 2114 2013 2168 omnium
2061 2113 2373 2167 fabularum

793 2206 1204 2274 compendium,
1241 2205 1666 2274 divinorumque
1707 2204 2054 2259 decretorum
2096 2203 2371 2272 epitomen

793 2296 1077 2366 promisit;
1104 2311 1269 2350 nemo
1299 2297 1392 2365 qui
1426 2295 1759 2350 Theodoreti
1799 2311 1965 2365 Opera
1991 2293 2203 2364 legerit,
2236 2294 2373 2349 dilli-

794 2386 894 2438 teri
933 2385 1098 2439 valet.
1139 2384 1352 2439 Silentii
1396 2400 1528 2439 vero
1561 2400 1683 2454 quae
1717 2392 1917 2454 praeter
1954 2383 2371 2439 consensionem

793 2489 957 2528 causa
990 2473 1197 2527 fuerit?

861 2563 946 2618 An
984 2564 1130 2632 quod
1172 2564 1418 2634 ignotum
1448 2574 1595 2618 esset
1630 2563 1977 2618 Theodoreto
2009 2561 2367 2618 Caelestiano-

794 2669 915 2708 rutn
963 2657 1203 2709 nomen?
1253 2656 1324 2709 At
1373 2655 1506 2708 illud
1558 2656 1762 2724 Ephesi
1813 2654 2081 2709 catholica
2129 2654 2373 2726 synodus

793 2746 1175 2809 schismaticae,
1205 2747 1553 2801 schismatica
1577 2746 1861 2801 catholicae
1887 2746 2109 2815 ohjecit.

864 2835 946 2890 An
973 2834 1120 2905 quod
1150 2835 1374 2891 latuerit
1408 2851 1533 2889 eum
1562 2835 1821 2890 haeresis?
1852 2836 2014 2904 Atqui
2050 2836 2105 2888 in
2136 2838 2152 2854 ⁸
2179 2834 2373 2890 Orien-

794 2924 865 2979 tis
905 2925 1151 2989 dioscesi,
1180 2924 1275 2979 ubi
1317 2940 1533 2993 semper
1577 2922 1698 2987 fuit,
1739 2933 1794 2976 ct
1828 2933 1947 2977 orta
1984 2931 2087 2987 est,
2118 2924 2367 2993 Mopsue-

794 3017 940 3083 stiae;
976 3027 1031 3071 et
1064 3016 1289 3071 tertium
1336 3015 1609 3079 damnata,
1649 3015 1817 3069 semel
1866 3015 2130 3084 Diospoli,
2170 3016 2369 3069 iterum

2475 579 2614 622 ctam
2645 569 2903 633 credidit,
2934 569 3091 638 cujus
3134 584 3333 623 nomen
3378 569 3637 623 audiebat
3665 568 3730 635 ad
3769 569 4053 622 infamiam

2475 661 2675 730 objici?
2710 660 2914 715 Deinde
2957 660 3123 732 490
3160 660 3400 730 plurium
3451 662 3732 716 haereseon
3776 662 4051 722 meminit,

2474 765 2628 821 quas,
2657 768 2783 805 cum
2810 751 3080 815 meminit,
3107 752 3405 806 exstinctas
3432 750 3620 805 refert.
3638 751 4054 805 Crediditcerte

2473 842 2799 896 exstinctam
2844 843 3066 912 penitus
3111 843 3538 915 Eutychianam,
3578 858 3703 897 cum
3751 840 4053 903 scriberet;

2474 932 2643 987 refert
2667 943 2848 987 tamen
2871 941 2928 987 et
2953 934 3256 1004 impugnat.

2545 1024 2627 1077 An
2672 1024 2820 1093 quod
2868 1023 3174 1078 doctrinam
3221 1025 3291 1078 de
3332 1032 3559 1094 peccato
3607 1022 3860 1093 originali
3906 1024 4059 1079 inter

2473 1116 2737 1184 ἀδιάφορα
2769 1116 3034 1184 posuerit,
3065 1117 3528 1186 quaestionemque
3558 1130 3678 1169 esse
3715 1114 4043 1180 crediderit,

2474 1220 2583 1259 non
2618 1204 2847 1274 dogma?
2884 1204 2990 1260 Sed
3031 1206 3105 1259 ita
3150 1206 3376 1270 sentire,
3413 1215 3495 1261 est
3535 1206 3776 1261 hominis
3804 1215 3901 1261 aut
3930 1205 4057 1261 Cm-

2474 1296 2711 1361 lestiani,
2743 1305 2838 1350 aut
2865 1312 2992 1350 cum
3015 1296 3271 1352 leestio
3297 1298 3591 1366 loquentis.

2546 1389 2629 1443 An
2679 1389 2955 1459 denique,
3002 1390 3147 1459 quod
3203 1391 3413 1444 silendo
3466 1392 3758 1448 indulserit
3804 1392 4056 1455 all‘ectui,

2474 1479 2821 1548 volueritque
2871 1496 2970 1549 pro
3021 1480 3224 1545 studio,
3276 1489 3372 1535 aut
3418 1480 3714 1547 Theodori,
3749 1484 3841 1551 qui
3890 1493 4059 1538 sectr

2474 1580 2687 1631 auctor,
2730 1579 2826 1624 aut
2868 1570 3131 1637 Nestorii,
3163 1572 3257 1641 qui
3304 1581 3588 1642 patronus,
3620 1573 3827 1626 nomini
3874 1575 4057 1642 parcio

2475 1670 2611 1726 tum,
2647 1663 2887 1717 noluerit
2931 1679 3171 1733 quoque,
3205 1680 3318 1733 prie
3351 1665 3501 1728 odio,
3539 1665 3819 1720 celebrare
3850 1681 4057 1719 nomen

2476 1761 2570 1806 aut
2612 1751 2893 1807 leestini
2942 1753 3237 1822 pontificis,
3280 1762 3376 1809 aut
3427 1755 3715 1823 Ephesina:
3766 1754 3985 1825 synodi,
4028 1774 4059 1806 ει

2477 1842 2679 1910 quibus
2706 1843 2998 1909 postremis
3022 1842 3245 1897 haeresis
3274 1843 3573 1914 proscripta
3602 1844 3724 1898 est?

2545 1929 2625 1994 Id,
2667 1931 2769 1984 etsi
2816 1947 2913 2000 per
2960 1946 3019 1986 se
3071 1933 3409 1992 simillimum
3452 1948 3587 1987 vero
3633 1942 3735 1996 est,
3776 1934 3821 1986 si
3873 1945 4058 1987 tamen

2475 2023 2731 2078 laudibus
2754 2023 3027 2079 Theodori
3076 2025 3331 2091 addatur,
3372 2026 3595 2080 maximi
3635 2025 3725 2079 lict
3765 2027 4057 2088 momenti,

2474 2115 2777 2184 praesertim
2819 2131 2943 2170 cum
2987 2116 3237 2185 nuspiam
3286 2126 3475 2186 aperte
3522 2133 3625 2187 pro
3671 2116 4061 2170 defensoribus

2474 2206 2681 2275 peccati
2715 2207 3018 2276 originalis,
3054 2208 3258 2281 ubique
3294 2223 3403 2261 non
3437 2207 3672 2262 obscure
3707 2223 3832 2262 cum
3874 2208 4056 2277 impu-

2473 2297 2793 2368 gnatoribus
2821 2297 3079 2366 loquatur
3107 2299 3168 2352 ῖθ.

2542 2390 2628 2444 Vl.
2661 2389 2799 2444 Illud
2840 2398 3045 2454 autem,
3075 2391 3223 2460 quod
3267 2391 3320 2445 in
3357 2390 3652 2461 partitione
3687 2391 3899 2443 tertium
3948 2400 4058 2451 est,

2473 2497 2584 2535 non
2631 2480 2837 2536 dillicili
2870 2483 3093 2553 negotio
3120 2481 3431 2544 conﬁcitur,
3463 2482 3507 2536 si
3550 2481 3882 2536 Theodoreti
3925 2482 4057 2536 doc-

2472 2574 2617 2628 trina
2663 2589 2788 2628 cum
2826 2575 3089 2643 opinione
3129 2574 3480 2628 defensorum
3516 2574 3730 2643 peccati
3766 2574 4061 2643 originalis

2473 2675 2850 2734 componatur.
2865 2665 2969 2729 Ilii,
3001 2674 3061 2719 ut
3080 2667 3276 2719 scitum
3301 2675 3411 2731 est,
3445 2667 3785 2736 argumentis
3804 2666 3919 2720 suis
3945 2665 4081 2720 duo-

2473 2756 2706 2811 maxime
2746 2756 3054 2825 probabant
3084 2774 3095 2810 :
3129 2758 3389 2820 alterum,
3416 2757 3564 2825 quod
3623 2764 3853 2825 peccato
3890 2756 4062 2825 primi

2472 2846 2709 2901 hominis
2735 2860 2884 2899 mors
2905 2846 3190 2901 intraVerit
3217 2846 3270 2898 in
3296 2846 3562 2900 mundum
3588 2846 3883 2909 :alterum,
3906 2846 4061 2913 quod

2473 2953 2582 2990 non
2610 2937 2857 3005 corporis
2891 2938 3083 3000 solius,
3108 2937 3204 2991 sed
3232 2937 3426 2991 animae
3452 2938 3616 2991 etiam
3650 2953 3797 2991 mors
3832 2946 4064 3006 peccato

2473 3026 2663 3080 Adami
2696 3025 2969 3080 transfusa
3013 3026 3084 3079 sit
3124 3025 3180 3078 in
3209 3034 3479 3093 posteros.
3517 3025 3596 3078 Ad
3629 3025 3681 3079 id
3711 3025 4063 3094 probandum

794 3107 1119 3171 Antiochiae,
1153 3108 1377 3161 tertium
1422 3105 1693 3160 Anazarbi
1738 3105 1791 3158 in
1842 3105 2033 3160 Cilicia
2080 3105 2365 3159 secunda:
2401 3130 2440 3184 ο
2478 3118 2656 3171 uibus
2706 3116 3009 3186 pmsemm
3062 3132 3131 3169 ex
3178 3116 3313 3170 locis
3365 3126 3691 3185 argumenta
3740 3115 4062 3180 sumebant,

794 3197 889 3267 qui
923 3213 1053 3251 vero
1094 3197 1194 3251 ista
1239 3196 1447 3250 homini
1488 3195 1883 3259 curiosissimo,
1916 3195 1969 3248 in
2009 3194 2209 3248 vicinia
2241 3210 2370 3248 con-

792 3289 1007 3353 stituto,
1041 3298 1264 3357 propter
1295 3288 1599 3341 doctrinam
1634 3287 1745 3357 jam
1782 3295 1898 3339 tum
1933 3284 2157 3347 celebri,
2191 3284 2370 3338 Theo-

798 3381 919 3439 dori
940 3382 1335 3443 amantissimo,
1360 3379 1635 3433 Theodori
1658 3377 1983 3433 Antiocheni
2011 3376 2369 3431 dilectissimo

794 3470 1099 3541 discipulo,
1140 3470 1399 3525 inaudita
1450 3485 1571 3525 esse
1626 3469 1940 3539 potuerint,
1995 3483 2119 3522 cum
2172 3484 2370 3538 magno

796 3564 1030 3632 strepitu
1058 3574 1277 3633 peracta
1302 3563 1432 3626 sint,
1460 3578 1583 3617 cum
1606 3561 1825 3630 scriptis
1846 3577 1875 3615 a
1902 3559 2191 3614 Theodoro
2216 3561 2371 3615 libris

796 3656 1068 3725 evulgata,
1101 3671 1225 3709 cum
1251 3655 1455 3709 nemini
1485 3670 1581 3724 per
1602 3652 1885 3708 Orientem
1914 3654 2095 3723 ignota
2117 3653 2198 3706 7"?

867 3745 947 3800 An
983 3746 1128 3814 quod
1158 3745 1345 3800 isthazc
1376 3744 1597 3798 haeresis
1619 3743 1986 3807 Theodoreto,
2012 3743 2369 3812 Quemadmo-

796 3835 926 3890 dum
953 3846 1008 3889 et
1029 3835 1227 3892 Joamti
1270 3835 1781 3905 llierosolymitano,
1811 3835 1926 3888 visa
1952 3834 2022 3888 sit
2051 3834 2368 3889 Latinorum

797 3928 986 3996 magis,
1015 3943 1176 3995 quam
1207 3924 1553 3982 Graecorum?
1588 3927 1807 3990 Verum,
1832 3937 2193 3996 pneterquam
2224 3928 2368 3996 quod

797 4035 955 4074 antea
1001 4019 1068 4073 de
1111 4026 1236 4073 ortu
1269 4019 1476 4072 dictum
1515 4029 1619 4081 est,
1650 4018 1824 4085 deque
1853 4017 1993 4072 trina
2023 4017 2369 4073 damnatione

798 4112 855 4165 in
905 4109 1145 4165 Orientis
1192 4109 1446 4172 ditecesi,
1490 4118 1545 4162 ct
1585 4110 1654 4163 de
1702 4108 1823 4162 aliis
1866 4118 2123 4177 quatuor,
2169 4111 2369 4179 Ephesi

796 4201 1031 4263 duabus,
1075 4200 1544 4269 ConstantinOpoli
1591 4200 1819 4253 totidem
1867 4201 2045 4260 factis.
2095 4202 2373 4256 recensuit

796 4298 944 4344 certe
994 4290 1138 4342 inter
1188 4289 1475 4343 haereticos
1519 4288 1821 4351 Novatum,
1869 4291 1959 4359 qui
2012 4290 2197 4345 Romae
2243 4290 2373 4345 fecit

798 4380 1067 4443 hieresin;
1111 4381 1387 4433 recensuit
1432 4387 1488 4433 ct
1529 4380 1907 4444 lllontauistas,
1954 4382 2046 4451 qui
2091 4398 2156 4436 ex
2192 4382 2372 4437 Africa

796 4472 1140 4540 prodierunt.

874 4565 952 4617 An
985 4564 1129 4633 quod
1171 4564 1351 4617 nullos
1390 4564 1631 4633 legisset,
1670 4565 1765 4632 qui
1798 4565 1881 4618 vel
1916 4581 2016 4635 pro
2055 4567 2249 4622 haeresi
2289 4569 2371 4623 vel

798 4665 988 4709 contra
1020 4656 1252 4710 haeresin
1284 4654 1663 4723 scripsissent?
1690 4654 1795 4709 Sed
1833 4663 1890 4708 ut
1918 4656 2144 4711 Latinos
2177 4668 2373 4712 tracta—

799 4757 888 4799 tus
920 4746 1142 4800 Graecus
1184 4747 1349 4799 homo
1384 4762 1493 4798 non
1538 4745 1757 4808 viderit,
1794 4748 2070 4815 quomodo
2119 4764 2241 4801 cum
2293 4741 2375 4801 i'n—

800 4836 1137 4891 credibiliter
1166 4836 1399 4905 cupidus
1438 4836 1578 4889 foret
1618 4837 1851 4901 sciendi,
1882 4854 2003 4907 qua:
2035 4840 2237 4907 ubique
2266 4840 2373 4895 Ec-

801 4929 983 4982 clesia:
1017 4938 1361 4997 gererentur,
1396 4929 1573 4997 potuit
1606 4928 1793 4983 Grazca
1834 4930 1949 4983 haec
1989 4931 2090 4983 tria
2136 4932 2372 4997 nescire,

803 5016 965 5070 fidem
996 5017 1198 5077 Rufini,
1232 5018 1503 5071 Theodori
1532 5034 1669 5086 opus
1696 5018 1963 5073 adversus
1991 5020 2373 5089 Augustinum,

803 5108 936 5162 Acta
983 5108 1368 5175 Diospolitanm
1414 5109 1635 5179 synodi,
1685 5126 1805 5180 quae
1850 5119 2046 5166 cuncta
2083 5112 2137 5164 in
2177 5112 2375 5166 vicinia

802 5199 950 5258 edita
983 5201 1147 5254 sunt?

874 5289 956 5345 An
1004 5291 1292 5344 evanuisse
1349 5300 1498 5344 ratus
1544 5301 1627 5344 est
1674 5291 1929 5355 haeresin,
1962 5292 2197 5362 ideoque
2229 5310 2381 5363 sper-

2478 3223 2674 3276 nempe
2704 3223 2769 3261 ex
2799 3208 3133 3265 testimoniis
3168 3206 3485 3274 Seripturte,
3517 3222 3583 3260 ex
3627 3205 3923 3259 traditione
3955 3206 4061 3260 Ec-

2477 3297 2656 3350 clesiae
2685 3297 3011 3366 baptizantis
3040 3298 3319 3367 parvulos,
3348 3313 3413 3351 ex
3438 3297 3695 3360 miseriis,
3724 3297 3929 3365 quibus
3959 3296 4058 3351 ob-

2476 3388 2699 3441 noxium
2725 3397 2808 3442 est
2834 3404 3005 3457 genus
3031 3389 3331 3441 humanum
3359 3406 3371 3440 :
3398 3403 3565 3457 quare
3594 3387 3868 3441 eluccscet
3905 3402 4061 3441 ment

2476 3486 2531 3532 et
2572 3477 2821 3532 doctrina
2864 3477 3221 3541 Theodoreti,
3264 3479 3623 3547 clarcbitque,
3664 3488 3931 3548 quantum
3966 3488 4061 3533 aut

2476 3569 2781 3623 consentiat
2824 3578 2919 3621 aut
2961 3567 3249 3623 dissentiat
3286 3568 3569 3623 catholica:
3599 3568 3725 3623 fidei
3754 3568 4054 3622 defensori-

2477 3660 2598 3724 bus,
2625 3660 2668 3714 si
2693 3668 2969 3728 quazratur
3005 3676 3018 3711 :

2549 3752 2658 3807 γη.
2687 3751 2828 3817 Quid
2860 3752 3095 3805 senserit
3126 3752 3178 3804 l°
3203 3750 3271 3804 de
3302 3752 3499 3805 mortis
3527 3766 3824 3821 corporum
3858 3767 4061 3819 causa;

2477 3844 2534 3897 2°
2565 3843 2632 3896 de
2672 3842 3039 3896 transfusione
3078 3842 3251 3911 culpa:
3285 3857 3383 3896 seu
3415 3844 3607 3896 mortis
3639 3845 3873 3910 animae;
3908 3847 3965 3899 δ”
3994 3847 4062 3900 dc

2479 3935 2809 3988 testimoniis
2852 3935 3181 4002 Scriptum,
3228 3949 3349 4002 qua:
3398 3935 3452 3987 in
3502 3946 3792 4004 utramque
3845 3946 4065 4006 partem

2479 4027 2855 4092 adducuntur;
2904 4027 2959 4080 4ο
2992 4026 3059 4080 de
3099 4026 3372 4095 baptismo
3414 4027 3804 4095 parvulorum;
3846 4036 3901 4081 et
3942 4038 4063 4080 tan-

2479 4116 2601 4170 dem
2634 4118 2688 4171 5°
2714 4116 2781 4170 de
2815 4117 3027 4187 origine
3068 4116 3439 4181 miseriarum,
3468 4117 3671 4186 quibus
3709 4117 4065 4172 conflictatur

2479 4208 2776 4262 humanum
2803 4210 3021 4278 genus.'

2548 4297 2682 4351 Vill.
2716 4297 2874 4350 Morti
2902 4298 3148 4365 corporis
3172 4298 3469 4352 obnoxium
3498 4296 3700 4352 factum
3732 4314 3855 4352 esse
3886 4314 4063 4367 genus

2480 4389 2779 4442 humanum
2805 4388 2968 4456 primi
2994 4389 3234 4444 hominis
3265 4400 3510 4459 peccato,
3542 4398 3860 4443 constanter
3892 4389 4064 4444 tradit

2405 4476 2443 4530 D
2476 4480 2530 4534 iu
2575 4480 2981 4535 commentariis
3022 4481 3219 4535 Psalmi
3255 4499 3285 4536 ι.
3310 4482 3374 4536 τ’.
3418 4501 3436 4532 ι
3474 4482 3740 4547 Quoniam
3789 4496 4065 4550 peccave-

2477 4579 2627 4632 runt,
2666 4570 2911 4624 interitui
2964 4571 3151 4625 traditi
3201 4582 3358 4638 sunt;
3409 4572 3668 4625 mortales
3714 4586 3847 4625 vero
3902 4571 4063 4637 facti,

2479 4661 2613 4719 tales
2643 4672 3071 4729 procreaverunt
3099 4663 3324 4717 liberos.
3367 4685 3384 4714 ι

2547 4749 2606 4802 In
2644 4748 2859 4819 dialogo
2900 4767 2976 4812 tu,
3022 4752 3116 4820 qui
3166 4751 3520 4821 lmpassihilis
3556 4752 3899 4813 inscribitur,
3936 4762 4067 4823 post

2477 4841 2740 4910 prolixam
2781 4841 3229 4910 disputationem,
3268 4842 3638 4905 Orthodoxus,
3700 4862 3717 4893 ‹
3773 4842 3929 4905 Erat,
3984 4844 4067 4898 in-

2480 4932 2627 5000 quit,
2683 4932 2875 4986 mortis
2944 4934 3163 5002 quidem
3227 4944 3402 4988 mater
3463 4944 3747 5004 peccatum
3788 4934 3857 4996 ⁸ο,
3898 4935 4069 5004 hujus

2477 5038 2609 5077 vero
2649 5033 2804 5092 pater
2854 5023 3124 5079 diabolus.
3162 5045 3178 5075 ι
3221 5025 3360 5078 Tum
3410 5026 3741 5079 assentiente
3781 5024 4065 5089 Erauista,

2477 5114 2654 5184 pergit
2687 5134 2699 5167 :
2737 5133 2753 5164 ι
2786 5115 2825 5167 Α
2860 5125 3084 5184 peccato
3120 5115 3284 5186 igitur
3316 5116 3733 5186 oppugnabatur
3768 5116 4067 5172 hominum

2480 5214 2673 5258 natura
2702 5224 2714 5258 ε
2741 5206 2845 5259 hoc
2874 5208 3019 5259 enim
3051 5208 3102 5260 in
3128 5208 3446 5261 servitutem
3476 5208 3730 5277 redigcns
3750 5207 4066 5277 obsequen-

2482 5306 2582 5359 tes,
2618 5305 2673 5351 ct
2723 5297 2790 5350 ad
2838 5298 3133 5366 pessimum
3186 5307 3395 5367 patrem
3440 5296 3747 5352 adducebat
3790 5305 3849 5350 et
3910 5314 4057 5352 acer~

2135 5495 2446 5549 Silllllllll
2479 5497 2700 5551 ΝΟΤΔΕ.

875 5625 925 5695 ’ᾗ
944 5622 1115 5695 Epist.
1154 5622 1238 5683 νισί,
1275 5622 1339 5695 ad
1373 5623 1656 5695 lrenmum.
1736 5626 1936 5695 τίνω.
1971 5642 2155 5695 supra,

2184 5644 2235 5696 p.
2263 5628 2383 5681 396.

2464 5631 2508 5658 7“
2540 5630 2853 5682 Dissensum
2884 5629 3065 5697 potius
3100 5639 3327 5682 testatus
3350 5639 3431 5683 est
3458 5644 3555 5696 per
3577 5644 3639 5680 ca
3675 5643 3792 5699 quae
3846 5629 4068 5699 scripsit

803 5696 863 5767 in
890 5691 1193 5767 lipjstnlatn
1371 5694 1762 5767 [tomanos,_et
1797 5694 1941 5767 Hmr:
1988 5691 2095 5750 fait.
2136 5691 2248 5759 lfv,
2282 5713 2329 5749 c.
2368 5715 2438 5751 xu.
2490 5699 2715 5752 Exstant
2764 5691 2928 5751 etiam
2969 5700 3082 5751 lora
3130 5698 3233 5751 alia
3278 5699 3405 5751 huic
3436 5691 3722 5767 lfypothesi
3759 5691 4070 5755 contraria.

807 5762 1047 5837 V’icl.§8
1151 5762 1338 5815 "\‘id.
1391 5774 1426 5814 ι.
1486 5764 1759 5833 1,ιι.957.

1848 5767 1890 5795 ³⁸
1922 5766 2214 5820 Peccatum.
2251 5768 2394 5821 Edit.
2450 5770 2599 5840 prior
2649 5769 2769 5830 hah.
2827 5767 3001 5837 (mira.
3037 5768 3141 5821 Sed
3181 5768 3292 5821 vid.
3323 5766 3571 5838 ι.1γ,⁷⁷ρ.
3613 5767 3729 5823 197.
