4224 6442
185 395 280 460 137

1391 413 1488 472 DE
1527 415 1703 476 FIDE
1743 419 2248 484 THEODORETI.

3347 433 3450 498 ωδ

183 509 421 618 tussim:
443 512 606 615 5,91
638 516 777 586 proli
803 519 1229 618 transmittebat.
1269 540 1287 572 ι
1334 521 1403 576 Et
1427 535 1634 593 postea,
1676 527 1762 581 di-
1793 538 1834 590 Α
1865 536 2058 589 Adami
2096 555 2107 588 :
2145 547 2246 590 etsn
2278 539 2423 591 enim
2449 539 2583 593 illud
2629 540 2947 596 mandatum
2976 558 3086 598 non
3119 549 3448 618 transgressi

181 608 332 654 cente
373 603 675 660 Eranista:
718 625 734 658 ι
769 607 938 662 Adam
991 621 1113 679 post
1167 617 1658 682 transgressionem
1705 630 1761 673 et

181 690 420 746 divinam
460 697 791 750 sententiam
828 701 1021 754 mortis
1064 701 1295 771 imperio
1322 704 1597 770 subditus,
1632 723 1760 761 uxo-

182 797 288 833 rem
337 788 634 853 cognovit.
681 797 736 842 et
774 801 930 858 pater
975 793 1279 860 appellatus
1325 804 1410 849 est
1457 815 1468 849 :
1516 800 1761 854 mortalis

175 881 352 924 autem
384 889 515 927 cum
541 886 708 941 esset,
735 878 1048 932 mortalium
1082 891 1237 950 pater
1268 882 1441 938 factus
1461 893 1564 950 est,
1599 906 1616 937 ι
1663 903 1760 941 ex-

173 964 301 1031 cipit
336 962 698 1021 Orthodoxus
733 985 745 1021 :
787 987 808 1019 ι
846 970 1060 1040 Optime
1103 973 1262 1026 nobis
1303 975 1588 1030 ostendisti
1628 993 1759 1032 cau-

172 1070 299 1116 sam,
329 1072 434 1109 cur
461 1059 655 1112 mortis
686 1059 1001 1130 participes,
1035 1081 1051 1108 ι
1096 1072 1199 1116 etc.

234 1145 290 1198 In
322 1146 758 1204 Commentariis
782 1150 1038 1220 Epistulae
1063 1153 1129 1207 ad
1167 1153 1324 1207 Rom.
1359 1171 1477 1225 cap.
1525 1175 1576 1221 v,
1606 1174 1757 1212 num.

170 1235 271 1288 l4:
312 1255 330 1286 ι
376 1237 537 1292 Sicut
581 1241 692 1297 ille.
729 1242 822 1310 qui
873 1243 1085 1311 primus
1131 1245 1396 1314 peccavit,
1435 1250 1628 1302 mortis
1669 1250 1762 1304 de-

168 1337 317 1378 creto
372 1328 659 1397 subjectus
701 1338 806 1394 est,
855 1339 910 1384 et
964 1340 1140 1386 totum
1179 1349 1352 1403 genus
1387 1335 1622 1403 primum
1665 1352 1759 1406 pa-

169 1425 384 1469 rcntem
438 1429 692 1473 secutum
737 1430 850 1485 est;
887 1423 957 1476 ita
989 1425 1152 1478 etiam
1197 1426 1460 1480 Dominus
1487 1427 1757 1494 Christus,

168 1521 286 1558 cum
318 1523 596 1562 summam
623 1511 891 1581 justitiam
932 1513 1306 1583 adimplesset,
1338 1516 1531 1570 mortis
1572 1529 1762 1586 poten-

169 1599 291 1650 tiam
357 1598 648 1668 dissolvit;
695 1611 751 1658 et
790 1603 883 1672 qui
933 1605 1144 1673 primus
1192 1621 1260 1659 ex
1308 1609 1544 1661 mortuis
1574 1623 1759 1662 resur-

171 1693 329 1756 rexit,
397 1709 620 1748 omnem
690 1702 942 1750 naturam
1001 1696 1288 1750 hominum
1340 1697 1405 1751 ad
1454 1698 1620 1753 vitam
1672 1716 1758 1755 re-

164 1781 318 1835 duxit
370 1784 439 1847 ⁸¹,
484 1803 503 1835 ι
545 1793 651 1840 etc.

229 1897 402 1950 Libro
432 1913 466 1950 γ
491 1899 870 1954 [hereticorum
895 1901 1223 1969 fabularum,
1267 1917 1384 1972 cap.
1417 1903 1473 1955 ll
1519 1920 1533 1954 :
1576 1921 1592 1953 ‹
1615 1902 1760 1958 Mors

159 1990 302 2042 enim
347 2002 473 2044 erat
505 2007 661 2061 poma
693 1993 920 2060 peccati.
955 2013 972 2045 ι
1012 1994 1078 2048 Ει
1114 2004 1301 2063 postea
1335 2013 1347 2048 :
1388 2016 1406 2045 ι
1437 1995 1572 2050 Cum
1614 2012 1756 2051 unus

161 2094 466 2150 peccasset,
523 2084 840 2138 universum
902 2100 1075 2154 genus
1129 2087 1290 2140 morti
1348 2085 1575 2139 tradidit
1619 2086 1684 2138 ⁶¹.
1727 2105 1744 2136 ›

226 2171 550 2237 Ουκειίοιιεξ
575 2191 749 2228 xxxvii
771 2175 827 2228 in
849 2175 1085 2230 Genesin
1107 2175 1152 2207 ⁸³
1179 2195 1191 2230 :
1224 2196 1241 2227 ι
1264 2177 1404 2230 Deus
1428 2185 1550 2245 post
1582 2186 1758 2230 trans-

161 2262 504 2328 gressionem
554 2261 664 2318 fert
712 2264 907 2319 mortis
938 2266 1288 2329 sententiam,
1345 2274 1402 2319 ut
1454 2266 1754 2319 humanum

160 2367 330 2420 genus
367 2353 554 2408 oderit
613 2364 923 2424 peccatum,
955 2356 1160 2426 quippe
1189 2356 1336 2426 quod
1367 2355 1533 2411 fuerit
1561 2355 1754 2411 mortis

158 2457 342 2495 causa.
380 2463 396 2490 ι

222 2535 238 2551 ’
275 2531 373 2586 IX.
406 2534 483 2587 De
511 2533 878 2590 transfusione
921 2537 1114 2590 mortis
1144 2537 1358 2595 animae.
1395 2537 1506 2592 sive
1532 2536 1755 2590 macula:

156 2625 386 2692 peccati,
425 2635 667 2680 mentem
699 2642 852 2680 suam
889 2629 1084 2697 aperit,
1135 2629 1334 2698 partim
1379 2627 1434 2681 in
1468 2626 1756 2682 Commen-

156 2716 306 2769 tariis
349 2717 419 2770 ad
453 2732 672 2770 versum
704 2718 732 2769 7
782 2718 980 2772 Psalmi
1019 2733 1076 2782 L;
1102 2719 1296 2787 partim
1337 2719 1390 2771 in
1413 2719 1754 2787 espositione

154 2803 412 2873 Epistula:
473 2807 542 2860 ad
574 2808 887 2872 Romanos;
923 2809 1122 2876 partim
1158 2809 1396 2877 denique
1443 2809 1497 2861 in
1532 2810 1675 2862 libro
1723 2825 1753 2860 v

155 2895 544 2950 Utereticarum
601 2897 929 2966 fabularum,
963 2913 1082 2966 cap.
1135 2898 1222 2952 11.
1274 2898 1462 2952 Trium
1507 2900 1754 2954 locorum

153 2988 444 3042 referenda
483 2997 611 3041 sunt
659 2988 849 3052 verba,
901 2989 1031 3042 licet
1074 2971 1308 3057 prolixa.

220 3079 299 3131 Ad
350 3093 577 3131 versum
619 3078 912 3144 septimum
959 3077 1158 3130 Psalmi
1205 3094 1235 3130 ι
1279 3096 1291 3130 :
1333 3078 1461 3153 Ecpe
1515 3081 1652 3132 enim
1697 3083 1752 3134 in

153 3169 526 3238 iniquitatibus
563 3176 838 3236 conceptus
879 3182 1018 3228 sum,
1069 3175 1118 3218 et
1166 3168 1219 3219 in
1259 3169 1481 3236 peccatis
1523 3171 1753 3239 concepit

155 3279 231 3314 me
295 3271 476 3314 mater
513 3277 658 3323 mea,
732 3261 811 3312 sic
862 3259 1027 3312 habet
1086 3276 1097 3310 :
1153 3277 1169 3308 ι
1234 3258 1406 3320 Olim,
1455 3261 1548 3324 ait,
1616 3271 1670 3315 et
1724 3278 1753 3316 a

152 3353 450 3422 principio,
492 3359 773 3419 peccatum
805 3351 858 3403 in
884 3359 1136 3403 naturam
1167 3350 1459 3418 imperium
1486 3352 1750 3415 obtinuit,

152 3447 278 3515 quia
320 3444 573 3498 mandati
599 3444 957 3513 transgressio
987 3442 1113 3496 Evae
1164 3445 1580 3512 conceptionem
1613 3462 1752 3515 pra:-

150 3541 334 3595 cessit.
365 3540 500 3592 Post
527 3536 1012 3605 transgressionem
1057 3536 1203 3588 enim
1246 3535 1596 3604 divinamque
1627 3553 1751 3590 sen-

154 3633 407 3692 tentiam,
467 3639 524 3682 et
572 3627 805 3697 paradisi
857 3626 1220 3695 privationem
1268 3627 1522 3696 cognovit
1582 3628 1752 3682 Adam

153 3740 383 3778 umrein
441 3736 598 3774 suam
641 3721 829 3781 Evam,
871 3728 927 3772 et
974 3733 1097 3771 cum
1144 3720 1505 3787 concepisset,
1542 3722 1757 3790 peperit

148 3814 407 3869 Caiuuzn.
467 3811 638 3880 Igitur
683 3810 798 3862 vult
852 3810 1058 3870 dicere,
1106 3810 1274 3877 quod,
1313 3825 1434 3862 eum
1473 3819 1756 3878 peccatum

150 3906 393 3973 majores
459 3913 682 3955 n0stros
713 3901 1021 3963 invasisset,
1053 3899 1198 3953 viam
1234 3902 1522 3969 quamdam
1559 3911 1613 3954 et
1642 3913 1757 3955 tra-

151 3999 345 4051 mitem
398 4010 501 4064 pt-r
545 3993 864 4061 progeniem
908 3991 1172 4045 ell'eeerit.
1223 3992 1333 4046 Hoc
1362 4002 1417 4046 et
1464 3993 1656 4047 beatus
1683 3994 1760 4047 ait

149 4088 352 4143 Paulus
399 4105 410 4140 :
474 4085 737 4150 Quonitm
792 4086 931 4137 enim
985 4099 1078 4151 per
1144 4085 1408 4137 hominem
1483 4095 1754 4154 peccatum

150 4183 376 4234 intrarit
426 4181 484 4232 in
534 4177 812 4240 mundum,
846 4185 894 4228 et
940 4193 1034 4246 per
1069 4185 1339 4246 peccatum
1377 4193 1535 4239 mors,
1600 4179 1683 4244 ἐφ’
1713 4171 1755 4244 ᾦ

151 4274 355 4333 πάντες
419 4271 690 4339 ἥμαρτον,
739 4277 1018 4338 propterea
1078 4269 1217 4339 quod
1271 4285 1448 4322 omnes
1506 4286 1752 4338 peccave-

151 4371 276 4415 runt
309 4363 378 4424 ⁸⁸,
428 4379 446 4412 ι
481 4369 586 4414 etc.

221 4453 281 4507 In
303 4451 736 4506 Commentariis
759 4450 826 4504 ad
852 4459 1016 4519 caput
1035 4467 1069 4505 v
1115 4449 1372 4518 Epistolas
1393 4449 1459 4503 ad
1488 4449 1646 4503 Rom.
1671 4450 1748 4502 “z

1863 637 2010 689 sunt,
2064 630 2168 683 alia
2223 640 2404 685 tamen
2448 632 2646 687 delicta
2698 635 3114 691 commiserunt.
3179 659 3195 690 ι

1933 718 2100 773 Libro
2152 738 2183 773 v
2236 721 2619 776 ereticarum
2669 725 3008 794 fabularum,
3066 744 3186 798 cap.
3229 730 3288 783 11
3346 733 3442 784 ⁸⁷ε

1871 827 1887 858 ι
1927 809 2035 863 Lex
2063 813 2284 880 iustitiae
2312 829 2502 868 omnes
2527 815 2592 868 ad
2620 817 2947 885 supplicium
2976 819 3228 884 ducebat,
3257 837 3445 876 omnes

1862 903 2006 954 enim
2040 914 2350 972 peccatores
2379 907 2423 938 ⁸⁸
2453 908 2734 962 constituti
2767 924 2955 963 sumus
2983 928 2996 964 :
3032 912 3076 966 si
3118 913 3285 978 enim,
3321 927 3445 966 cum

1866 1004 2007 1043 unus
2052 1004 2354 1060 peccasset,
2407 997 2831 1052 condemnatum
2886 1007 2970 1053 est
3015 1017 3206 1070 genus,
3271 1003 3444 1057 multo

1866 1080 2277 1151 utiquejustius
2312 1097 2449 1149 erat,
2477 1103 2572 1140 eos
2595 1087 2688 1156 qui
2717 1099 2941 1157 peccato
2967 1091 3174 1145 subditi
3194 1091 3239 1140 ⁸9
3262 1101 3440 1158 erant,

1863 1171 2193 1239 supplicium
2240 1173 2449 1236 subire,
2489 1194 2505 1224 ι
2562 1183 2668 1228 etc.

1933 1261 2133 1315 Verum
2171 1257 2292 1316 mox
2338 1265 2499 1318 allato
2523 1267 2766 1335 Apostoli
2799 1270 3157 1324 celeberrimo
3194 1273 3442 1326 testimo-

1863 1350 1975 1412 nio,
2009 1367 2117 1419 quo
2149 1368 2236 1406 res
2278 1355 2582 1423 Augustino
2620 1356 2837 1409 videtur
2885 1359 3171 1414 manifeste
3204 1361 3397 1415 conﬁci
3427 1379 3440 1414 :

1863 1436 2008 1490 Sicut
2042 1442 2180 1492 enim
2229 1457 2320 1510 per
2357 1444 2760 1498 inobedientiam
2801 1449 2955 1500 unius
2994 1449 3216 1501 hominis
3259 1465 3441 1518 pecca-

1864 1537 1998 1581 tores
2022 1533 2288 1584 constituti
2323 1542 2442 1584 sunt
2481 1534 2663 1598 multi;
2689 1537 2762 1588 ita
2791 1555 2880 1606 per
2915 1540 3068 1591 unius
3102 1539 3444 1593 obeditionem

1855 1621 1990 1690 justi
2025 1625 2294 1678 constituti
2332 1634 2454 1678 sunt
2486 1627 2678 1691 multi;
2726 1629 2875 1682 addit
2922 1646 3004 1692 ea,
3037 1631 3239 1700 quibus
3267 1631 3443 1686 videri

1863 1721 2041 1782 potest
2074 1717 2211 1770 velle
2241 1718 2551 1779 ostendere,
2584 1720 2992 1790 Pelagianorum
3027 1739 3198 1785 more,
3247 1739 3442 1793 pecca-

1864 1814 2011 1860 tores
2064 1807 2266 1860 multos
2307 1823 2404 1876 per
2453 1810 2614 1862 unius
2658 1811 3084 1864 inobedientiam
3119 1815 3444 1868 constitutos

1860 1911 2001 1960 esse,
2037 1912 2146 1950 non
2182 1901 2589 1968 propagatione,
2624 1901 2718 1955 sed
2765 1903 3088 1958 imitatione.
3130 1906 3219 1959 Ait
3253 1906 3439 1959 enim:

1867 2005 1886 2036 ι
1925 1987 2088 2041 Valde
2113 1989 2356 2056 apposite
2379 1991 2424 2021 ’°
2447 1992 2500 2043 in
2527 2003 2756 2059 utroque
2790 1995 2993 2062 posuit,
3013 1995 3167 2048 multi
3198 1995 3437 2050 :etenim

1859 2093 1983 2132 cum
2014 2079 2186 2132 Adam
2211 2090 2513 2148 peccasset,
2541 2092 2597 2135 et
2623 2084 2841 2152 plurimi
2871 2084 3085 2138 divinas
3117 2088 3439 2155 transgressi

1857 2168 2005 2238 leges
2036 2179 2242 2233 essent,
2277 2183 2697 2240 permanserunt
2731 2175 2784 2228 in
2830 2185 3036 2229 natura:
3071 2175 3270 2229 finibus
3299 2193 3438 2230 non-

1857 2259 2016 2324 nulli,
2083 2271 2138 2314 et
2189 2260 2407 2316 virtutis
2456 2278 2644 2316 curam
2694 2275 3010 2333 gesserunt;
3073 2266 3215 2318 sicut
3279 2266 3436 2331 Abel,

1857 2349 2066 2415 Enoch,
2122 2359 2178 2406 et
2225 2352 2360 2415 Noe,
2419 2362 2474 2406 et
2519 2354 2864 2422 patriarchaz,
2919 2364 2976 2410 et
3027 2356 3325 2425 prophetae,
3383 2366 3440 2410 et

1857 2441 1946 2495 alii
2001 2443 2246 2512 plurimi,
2307 2460 2415 2498 non
2467 2446 2641 2498 solum
2686 2447 2825 2514 apud
2867 2446 3100 2511 Judazos,
3137 2447 3231 2502 sed
3270 2449 3436 2502 etiam

1855 2533 1998 2602 apud
2020 2534 2156 2588 alias
2176 2546 2386 2604 gentes,
2411 2546 2466 2589 et
2493 2543 2615 2606 post
2643 2536 2948 2590 Servatoris
2981 2538 3296 2602 adventum,
3327 2554 3437 2593 non

1855 2639 2045 2678 omnes
2081 2626 2309 2680 salutem
2356 2637 2743 2695 assequuntur,
2795 2628 2890 2682 sed
2940 2629 3032 2698 qui
3090 2630 3338 2694 credunt,
3382 2639 3438 2684 et

1854 2714 2021 2768 vitam
2071 2733 2137 2769 ex
2188 2717 2390 2771 divinis
2439 2718 2652 2787 legibus
2699 2717 2927 2772 ducunt.
2976 2720 3272 2789 Propterea
3301 2721 3437 2774 etin

1855 2805 2090 2875 imagine
2139 2815 2194 2860 et
2247 2808 2300 2860 in
2333 2808 2631 2880 archetypo
2685 2810 2839 2872 illud,
2874 2809 3044 2874 multi,
3078 2811 3278 2879 posuit.
3308 2829 3327 2861 ›

1925 2898 1992 2952 Χ.
2023 2900 2062 2952 Α
2101 2899 2376 2962 Patrihus,
2411 2901 2502 2968 qui
2530 2902 2693 2954 tidem
2732 2901 3057 2955 catholicam
3087 2901 3293 2970 peccati
3324 2902 3437 2955 ori-

1854 2985 2047 3054 ginalis
2091 2987 2476 3052 defenderunt,
2526 2990 2822 3059 Scripturce
2870 2991 3201 3054 testimonia,
3238 2991 3438 3061 partim

1855 3091 1921 3129 ex
1962 3076 2165 3138 Veteri,
2227 3079 2426 3146 partim
2469 3095 2534 3133 ex
2586 3080 2735 3133 Novo
2771 3079 3124 3135 Testamento
3172 3082 3437 3151 producta

1856 3175 2004 3218 sunt.
2059 3165 2380 3232 Videndum,
2435 3184 2545 3239 quo
2596 3185 2756 3226 sensu
2804 3186 2869 3224 ea
2923 3171 3302 3229 Theodoretus
3357 3173 3438 3227 in-

1858 3256 2145 3310 tellexerit.

1925 3347 2004 3401 Ex
2039 3348 2236 3402 Vetere
2286 3349 2637 3407 Testamento
2687 3352 2923 3407 adducta
2978 3363 3106 3407 sunt
3153 3362 3432 3423 quatuor:

1853 3452 1978 3488 nam
2003 3435 2229 3490 Genesis
2255 3455 2302 3492 vn
2337 3450 2390 3492 et
2413 3457 2500 3493 vin
2535 3440 2972 3494 dicitur/mminit;
2995 3443 3236 3510 cogitatio
3266 3458 3434 3511 prona

1852 3528 1906 3580 in
1953 3527 2152 3580 malum
2209 3533 2349 3582 omni
2392 3541 2641 3600 tempore.
2686 3533 2753 3586 Et
2807 3532 3034 3587 Genesis
3076 3550 3234 3587 ιιι-ιιι
3291 3533 3432 3587 Deus

1855 3623 1996 3676 hanc
2039 3624 2210 3692 legem
2262 3624 2367 3678 fert
2407 3643 2418 3678 :
2463 3625 2758 3690 Masculus,
2822 3629 2970 3697 cujus
3020 3629 3264 3699 ρτωριιιὶἰ
3309 3643 3433 3680 caro

1856 3715 2162 3768 circumcisa
2219 3717 2554 3785 non~fuerit,
2590 3718 2844 3771 delebitur
2887 3721 3066 3773 anima
3111 3719 3209 3772 illa
3251 3719 3313 3772 de
3343 3736 3434 3789 po-

1859 3803 1980 3873 pulo
2025 3823 2141 3868 suo,
2177 3809 2302 3876 quia
2342 3817 2555 3876 pactum
2595 3825 2764 3861 meum
2797 3811 3007 3863 irritum
3036 3812 3174 3879 fecit.
3210 3809 3278 3863 Ει
3314 3809 3435 3865 Jobi

1858 3913 1962 3960 xw,
1992 3898 2294 3952 secundum
2317 3898 2458 3952 LXX
2486 3918 2496 3951 :
2527 3900 2652 3964 Quis
2676 3904 2814 3954 enim
2840 3913 2914 3955 est
2937 3903 3158 3955 mundus
3197 3920 3227 3955 a
3247 3900 3437 3955 sorde?

1856 3987 2039 4051 Nemo,
2069 3992 2114 4042 si
2147 3989 2227 4043 vel
2252 3991 2403 4043 unius
2427 3992 2527 4044 diei
2558 3994 2624 4045 sit
2663 3994 2767 4045 vita
2790 3995 2901 4062 ejus
2935 4011 3093 4064 super
3127 4002 3346 4047 terram.
3371 3993 3439 4050 Et

1857 4080 2071 4133 Psaltno
2096 4097 2125 4134 L
2157 4100 2167 4132 :
2206 4080 2338 4134 Ecce
2367 4083 2422 4134 in
2454 4082 2814 4151 iniquitatibus
2855 4094 3128 4154 conceptus
3151 4102 3288 4149 sum,
3328 4095 3436 4140 etc.

1858 4171 2237 4227 Theodoretus
2271 4175 2598 4242 pronilatem
2631 4175 2687 4228 in
2731 4177 2933 4230 malum
2980 4177 3198 4231 insitam
3231 4179 3440 4231 homini

1857 4266 2054 4332 repetit
2097 4281 2163 4318 ex
2212 4267 2542 4320 mortalitate
2584 4268 2833 4337 corporis
2880 4268 2945 4322 ⁹¹.

1928 4357 1983 4408 In
2010 4355 2316 4412 Comment.
2351 4359 2552 4412 Psalmi
2576 4375 2604 4412 ι,
2628 4360 3108 4414 circumcisionem
3135 4361 3438 4415 institutam

1856 4449 2008 4511 dicit,
2043 4465 2148 4502 non
2192 4461 2250 4503 ut
2289 4450 2492 4504 faceret
2520 4453 2716 4521 justos,
2759 4451 2852 4506 sed
2894 4460 2953 4506 ut
2993 4451 3210 4506 Judaeos
3241 4451 3438 4506 distin-

159 4565 176 4595 ι
208 4545 357 4599 Dicit
400 4544 590 4612 itaque
625 4543 845 4597 divinus
870 4542 1182 4611 Apostolus,
1218 4541 1388 4611 quod,
1431 4557 1555 4596 cum
1583 4543 1754 4597 Adam
1789 4552 1832 4605 υ
1857 4549 2048 4610 gueret
2093 4542 2161 4594 ab
2207 4542 2524 4612 alienigenis
2555 4542 2890 4606 nationibus,
2923 4551 2980 4597 et
3036 4543 3250 4614 signum
3294 4551 3438 4597 esset

151 4642 462 4705 peccasset,
500 4635 857 4701 mortalisque
891 4641 1116 4701 propter
1141 4641 1426 4700 peccatum
1460 4630 1633 4684 factus
1663 4646 1751 4686 es-

150 4738 254 4791 set,
293 4739 598 4794 utrumque
625 4729 786 4794 (mors
817 4733 863 4777 et
897 4722 1188 4794 peccatum)
1222 4723 1289 4777 ad
1329 4739 1505 4794 genus
1532 4739 1750 4792 perma-

152 4819 406 4873 naverit:
434 4816 500 4870 ad
525 4832 716 4869 omnes
729 4817 873 4869 enim
897 4816 1148 4870 homines
1173 4830 1320 4868 mors
1352 4815 1588 4883 pervasit
1619 4830 1752 4883 qua-

154 4917 315 4975 tenus
362 4916 434 4962 ts.
469 4917 758 4977 propterea
782 4906 950 4976 quod)
986 4920 1179 4958 omnes
1200 4913 1584 4974 peccaverunt.
1629 4904 1748 4958 Non

154 5000 302 5055 enim
332 5007 563 5069 propter
604 4999 763 5066 primi
786 4997 1028 5067 parentis
1065 5004 1370 5065 peceatum,
1400 4996 1493 5050 sed
1519 5004 1746 5066 propter

155 5108 317 5147 suum
353 5091 736 5158 unusquisque
793 5088 986 5142 mortis
1017 5087 1300 5141 decretum
1335 5087 1583 5154 suscipit.
1625 5105 1641 5137 ›
1681 5087 1750 5140 Et

153 5195 347 5254 postea
373 5184 422 5215 ⁸⁶
444 5201 491 5236 ει
528 5183 794 5251 Regnavit
819 5192 1000 5236 autem
1026 5196 1176 5234 mors
1199 5181 1363 5234 etiam
1394 5181 1449 5234 in
1497 5197 1620 5240 eos.
1649 5181 1742 5249 qui

154 5291 262 5332 non
277 5273 837 5346 peccaveruntﬁgz
852 5274 904 5328 in
921 5273 1277 5328 similitudine
1297 5272 1746 5340 transgressionis

1861 4633 2006 4687 ﬁdei.

1932 4724 2131 4789 Quaest.
2182 4742 2338 4779 vani
2389 4725 2440 4778 in
2476 4726 2676 4782 Genes.
2723 4726 2841 4781 Jobi
2873 4727 3054 4780 locum
3082 4726 3333 4794 nuspiain
3359 4725 3440 4777 vi—

1859 4815 2018 4868 detur
2063 4816 2338 4884 attigisse;
2379 4818 2443 4870 dc
2472 4817 2691 4871 Davidis
2724 4819 2994 4871 sententia
3025 4817 3229 4871 dictum
3256 4826 3433 4870 antea.

1931 4909 2176 4962 Adducta
2228 4919 2355 4963 sunt
2405 4925 2472 4962 ex
2520 4909 2670 4964 Novo
2704 4909 2968 4979 quinque.
2998 4909 3153 4964 Joan.
3188 4924 3242 4962 ιιι
3282 4925 3294 4959 :
3324 4907 3436 4960 Nisi

1855 5003 1968 5068 quis
2014 5010 2230 5054 renatus
2271 5002 2428 5071 fuerit
2458 5018 2518 5054 ea:
2563 5019 2704 5070 aqua
2744 5011 2792 5054 et
2834 5001 3032 5070 Spiritu
3074 5011 3276 5064 sancto,
3334 5015 3435 5053 non

1856 5099 2020 5159 potest
2063 5093 2279 5144 introire
2310 5094 2362 5144 in
2412 5108 2628 5160 regnum
2674 5092 2786 5146 Dei.
2838 5090 2986 5155 Quod
3025 5099 3208 5144 natum
3246 5099 3318 5143 est
3374 5104 3438 5141 ea:

1856 5197 2032 5238 carne,
2063 5197 2185 5232 caro
2211 5191 2324 5243 est;
2352 5189 2398 5233 et
2423 5181 2560 5248 quoa‘
2582 5189 2766 5234 natum
2792 5190 2866 5234 est
2891 5196 2953 5234 ea:
2981 5182 3188 5250 spiritu,
3219 5181 3435 5249 spiritus

1855 5282 1947 5324 est.
1997 5271 2151 5323 Rom.
2190 5289 2242 5334 γ,
2297 5271 2361 5324 12
2396 5289 2408 5323 :
2443 5270 2588 5325 Sicut
2638 5289 2728 5340 per
2780 5289 2937 5327 unum
2975 5274 3256 5336 hominem,
3304 5279 3434 5332 etc.,

1506 5453 1823 5508 SCllUl.le
1856 5452 2078 5506 IVOT/E.

311 5589 608 5653 Ἐπανάξει
640 5595 844 5645 reducet
876 5591 1075 5659 legitur
1114 5600 1149 5646 t.
1185 5593 1272 5652 Ill.
1310 5608 1362 5660 p.
1399 5593 1484 5645 57.

154 5731 201 5760 ὀ
237 5733 365 5786 Vid.
425 5741 464 5784 t.
513 5731 554 5792 ι,
611 5747 662 5799 ρ.
697 5731 818 5785 936.
930 5730 974 5762 οδ
1009 5732 1125 5785 Vid.

159 5811 322 5862 tores,
359 5803 460 5871 τῆς
500 5802 771 5871 ἁμαρτίας
820 5801 1063 5870 ἐργάται.

169 5886 221 5940 p.
286 5873 376 5927 59.
457 5873 497 5903 τί
525 5871 600 5924 Ex
627 5879 845 5940 peccato
882 5873 1063 5940 potius

1210 5741 1246 5786 t.
1291 5733 1378 5795 ιιι,
1429 5749 1481 5801 p.
1515 5733 1600 5786 se.

1561 5593 1604 5623 ⁸¹
1642 5593 1928 5658 Legendus
1953 5601 2036 5644 est.
2082 5601 2227 5645 totus
2254 5594 2354 5646 iste
2387 5593 2558 5654 locus,
2591 5601 2628 5645 t.
2659 5592 2746 5654 IV,

156 5663 409 5785 apprittlne
461 5662 612 5784 ullilis
655 5661 1392 5786 agagbstezquamtillqun
1447 5663 2144 5786 mavré'ulam“ﬁeggianismi
2196 5663 2395 5785 Γέρδῦιὲ
2440 5678 2734 5786 εἷρθῖῗωὶ

189 5733 662 5786 "i.t..o.
807 5771 818 5781 .
1057 5750 1125 5785 ιι.
1236 5774 1246 5783 .
1367 5747 1600 5786 .ι).δ›.
1742 5734 2133 5786 "i..n.5’i7.
2245 5745 2252 5760 '
2347 5750 2520 5785 ι..
2651 5773 2663 5786 .

1809 5749 1925 5786 ΗΟ..
1965 5749 2133 5786 0.31.

1210 5749 1246 5786 t.
1292 5749 1378 5795 Ill,
1429 5749 1481 5801 p.
1515 5749 1600 5786 oti.
1716 5749 1925 5795 "imm,
1965 5749 2015 5799 p.
2048 5749 2133 5786 tu.

1143 5801 1187 5832 ⁸⁸
1225 5802 1326 5854 ὑπὸ
1364 5805 1460 5854 τὶν
1517 5802 1788 5871 ἁμαρτίαν
1818 5803 2157 5864 “celeumate.

457 5873 497 5903 τί
525 5871 600 5924 Ex
627 5879 845 5943 peccato
882 5873 1063 5940 potius
1098 5872 1396 5941 primorum
1442 5881 1748 5937 parentum,
1783 5881 1838 5925 ut
1876 5872 1988 5925 loca
2025 5873 2186 5926 citata
2209 5873 2458 5940 probant.

2788 5593 2970 5661 p._423
2992 5607 3104 5659 seq.
3135 5591 3227 5661 Est
3289 5591 3434 5643 enim

2841 5659 2886 5691 ⁸³
2934 5661 3054 5714 Vid.
3109 5668 3144 5712 t.
3183 5659 3223 5718 ι,
3259 5675 3313 5726 ρ.
3347 5661 3434 5712 51.

2212 5731 2257 5760 ιτ
2297 5733 2418 5785 vsa.
2487 5729 2520 5785 ιῖ
2577 5733 2663 5789 IV.
2719 5748 2769 5800 p.
2821 5732 2924 5786 tat
2974 5746 3105 5800 seq.
3164 5730 3208 5759 ⁸⁸
3240 5729 3434 5800 Parca.-

2258 5801 2304 5832 ⁹⁰
2335 5803 2506 5856 Aliter
2575 5796 2730 5857 hunc
2777 5803 2952 5855 locum
3009 5796 3240 5870 legimus
3276 5808 3313 5851 t.
3347 5796 3434 5863 lV,
