4224 6442
763 375 867 437 439

1855 367 2231 426 GARNERII
2274 361 2772 425 DISSERTATIO
2806 348 2919 418 ΙΙΙ.

3909 341 4018 405 440

757 483 917 553 493
972 494 1144 550 usque
1186 479 1252 533 ad
1308 493 1522 534 versum
1574 477 1640 531 i9
1683 477 1838 531 Rom.
1893 494 1992 542 vn,
2043 476 2136 531 ubi
2197 478 2341 531 lucta
2371 482 2602 535 Auerno
2652 471 2932 541 puniatur,
2992 463 3097 519 nisi
3148 476 3306 527 reus;
3356 474 3417 513 ac
3485 454 3713 553 proinde
3756 452 4016 553 infantes,

756 570 938 624 carnis
961 578 1018 625 et
1048 569 1277 639 spiritus
1306 567 1656 624 describitur.
1696 567 1717 621 l
1743 566 1867 622 Cor.
1904 583 1991 632 xv,
2042 567 2114 621 22
2145 584 2159 621 :
2186 564 2333 621 Sicut

756 662 812 713 in
863 661 1064 716 Adamn
1099 678 1276 715 omnes
1315 660 1632 725 moriuntur,
1659 661 1736 714 ita
1767 667 1817 713 et
1852 660 1905 713 in
1932 658 2135 715 Christo
2158 674 2333 712 omnes

758 750 1180 818 viviﬁcabuntur.
1234 751 1416 820 Ephes
1482 769 1553 815 ιι,
1596 751 1630 804 5
1670 767 1682 803 :
1721 749 1950 804 Eramus
1998 757 2193 803 natura
2233 746 2337 816 ﬁlii

759 842 873 905 irae,
923 843 1056 894 sicut
1097 849 1145 893 ct
1175 842 1368 894 ceteri.
1402 840 1732 895 Theodoreti
1768 854 1925 893 mens
1970 838 2038 892 de
2066 837 2337 907 baptismo

760 931 1114 1000 parvulorum
1138 948 1264 987 mox
1284 932 1565 1002 aperietur
1592 948 1604 982 :
1629 930 1905 999 quomodo
1923 930 2104 983 locum
2128 938 2339 983 utrum-

758 1034 865 1087 que
890 1019 1136 1089 Apostoli
1164 1034 1231 1075 ex
1257 1020 1499 1090 Epistola
1528 1018 1594 1072 ad
1622 1019 1897 1073 Romanos
1926 1018 2338 1087 interpretetur,

757 1110 865 1176 iam
912 1118 1191 1163 ostensum
1226 1116 1309 1162 est
1348 1124 1360 1161 :
1402 1108 1495 1177 qui
1530 1107 1763 1161 sumitur
1803 1122 1869 1159 ex
1910 1105 2152 1174 Epistola
2201 1103 2223 1157 Ι
2273 1103 2341 1157 ad

757 1198 1010 1252 Corinth.
1041 1198 1283 1268 pertinet
1310 1197 1378 1251 ad
1406 1196 1794 1250 mortalitatem
1824 1195 2091 1264 corporis,
2134 1193 2201 1248 de
2235 1208 2342 1263 qua

758 1287 964 1342 dictum
1008 1305 1022 1341 :
1071 1296 1408 1357 postremum
1456 1286 1700 1347 videtur,
1752 1294 1808 1340 ut
1860 1286 1950 1340 alii
2003 1285 2196 1350 Graeci,
2255 1284 2343 1337 in-

760 1379 1001 1450 telligere
1057 1378 1123 1434 de
1166 1379 1251 1443 iis,
1308 1378 1402 1447 qui
1462 1392 1590 1432 vere
1637 1388 1860 1446 prepter
1910 1384 2131 1447 peccata
2192 1373 2340 1445 digni

759 1478 888 1523 sunt
938 1470 1017 1524 ira
1055 1477 1111 1523 et
1140 1468 1337 1523 ultimo
1366 1468 1660 1539 supplicio,
1699 1468 1770 1521 ita
1814 1477 1874 1521 ut
1907 1467 2065 1535 φύσει
2104 1465 2343 1535 positum

762 1562 835 1611 sit
880 1576 979 1628 pro
1032 1558 1247 1629 ἀληθῶς
1259 1600 1273 1614 .

827 1649 919 1703 XI.
952 1650 1070 1704 Jam
1105 1666 1237 1705 vero
1270 1650 1337 1704 de
1381 1666 1567 1713 causa,
1605 1666 1703 1704 cur
1740 1649 2011 1718 baptismo
2063 1648 2343 1718 tingantur

763 1738 1016 1804 infantes,
1070 1740 1256 1810 prodit
1310 1751 1547 1795 mentem
1601 1756 1754 1795 suam
1804 1740 2089 1794 manifeste
2149 1738 2246 1793 lib.
2318 1755 2348 1790 v

765 1830 958 1883 Haeret.
1017 1832 1122 1900 fab.
1170 1847 1288 1901 cap.
1347 1832 1432 1895 18,
1481 1833 1574 1885 ubi
1642 1832 1753 1885 fere
1800 1831 2060 1885 exscribit
2092 1845 2160 1885 ex
2224 1845 2346 1883 ora-
2378 1823 2417 1876 Β

766 1920 910 1973 tione
953 1918 1322 1991 Chrysostomi
1372 1922 1437 1974 ad
1492 1922 1814 1991 neophytos,
1872 1920 2020 1989 quod
2097 1919 2346 1973 Julianus

763 2010 1082 2067 Eclanensis
1120 2028 1232 2066 sua:
1252 2012 1581 2067 confessioni
1606 2012 1983 2082 subiunxit”:
2024 2030 2041 2062 ι
2070 2011 2344 2081 Baptisma

764 2118 872 2156 non
892 2103 1069 2157 solum
1102 2103 1475 2158 remissionem
1497 2103 1663 2157 donat
1694 2113 1940 2157 veterum
1970 2111 2342 2170 peccatorum,

765 2193 862 2246 sed
916 2193 1080 2248 etiam
1133 2209 1286 2264 spem
1351 2194 1549 2264 ingerit
1602 2196 1998 2263 promissorum
2052 2195 2342 2262 bonorum,

767 2285 1069 2353 mortisque
1119 2284 1414 2338 Dominicae
1454 2295 1510 2337 et
1566 2285 1986 2342 resurrectionis
2016 2287 2180 2341 eilicit
2216 2302 2344 2356 par-

769 2376 985 2445 t'icipes,
1017 2384 1074 2429 et
1122 2374 1251 2429 doni
1284 2374 1522 2445 Spiritus
1548 2376 2019 2446 participationem
2048 2380 2062 2395 ‘
2092 2377 2342 2448 largitur,

766 2475 821 2519 et
860 2465 1000 2520 filios
1052 2465 1148 2520 Dei
1202 2464 1404 2528 reddit,
1439 2480 1541 2519 nec
1584 2466 1723 2520 filios
1754 2467 1951 2529 solum,
1999 2466 2091 2521 sed
2141 2476 2199 2520 et
2231 2467 2343 2521 hae-

768 2554 928 2608 redes
970 2553 1066 2608 Dei
1126 2562 1182 2609 et
1229 2554 1545 2609 cohaeredes
1583 2553 1789 2611 Christi
1836 2573 1849 2608 :
1898 2571 2002 2610 nec
2052 2556 2222 2619 enim,
2285 2563 2346 2610 ut

769 2654 1015 2699 amentes
1048 2652 1244 2713 putant
1269 2644 1598 2709 Messaliani,
1624 2644 1947 2699 novaculam
1980 2652 2191 2699 tantum
2220 2645 2347 2698 imi.

769 2745 915 2791 tatur
963 2735 1291 2805 baptismus,
1352 2736 1716 2804 prmcedentia
1768 2736 2024 2790 auferens
2083 2746 2345 2805 peccata:

770 2829 873 2881 hoc
919 2829 1064 2882 enim
1104 2842 1169 2881 ex
1202 2826 1662 2895 superabundanti
1691 2827 1955 2897 largitur;
1998 2828 2043 2880 si
2070 2826 2216 2879 enim
2247 2826 2350 2879 hoc

769 2918 945 2973 solum
975 2934 1114 2987 opus
1143 2927 1262 2973 erat
1283 2917 1564 2987 baptismi,
1593 2932 1855 2987 quorsum
1895 2916 2129 2971 infantes
2173 2917 2350 2985 bapti-

771 3025 973 3070 zamus,
1021 3008 1116 3079 qui
1170 3017 1452 3078 peccatum
1494 3009 1735 3063 nondum
1770 3008 2096 3079 gustarunt?
2133 3027 2149 3057 ι

840 3100 955 3155 ΧΠ.
988 3100 1064 3154 De
1086 3108 1211 3153 ortu
1234 3099 1596 3163 miseriarum,
1632 3098 1745 3152 sive
1770 3095 2033 3165 corporis,
2070 3095 2185 3149 sive
2227 3095 2348 3149 ani-

2433 564 2526 634 qui
2549 558 2859 633 huiusmodi
2879 554 3116 613 miseriis
3146 547 3637 612 conﬂictantur,rei
3653 546 3765 600 sint
3782 544 4016 615 peccati,

2433 633 2543 707 non
2576 666 2673 705 sua
2713 649 2993 703 voluntate
3019 686 3034 709 ,
3059 643 3154 699 sed
3182 651 3405 712 paterna
3430 679 3444 702 ,
3480 634 3776 693 commissi.
3811 633 4016 688 Verum

2436 759 2506 798 an
2532 742 2704 798 Graaci
2730 756 2795 795 ea
2818 736 3105 810 posuerint
3140 732 3430 805 principia,
3454 745 3521 784 ex
3550 728 3752 798 quibus
3795 724 4019 779 ratioci-

2438 843 2597 888 natus
2619 842 2704 888 est
2732 829 3089 901 Augustinus,
3117 841 3228 881 non
3263 831 3451 894 aperte
3477 826 3725 885 constat;
3772 817 3884 871 imo
3914 815 4022 869 ali-

2440 936 2522 981 ter
2550 925 2617 979 de
2642 921 2956 977 conditione
3004 916 3168 988 primi
3215 915 3455 970 hominis
3491 910 3808 979 conditique
3840 906 4020 976 quali-

2442 1023 2551 1068 tate
2597 1010 2877 1080 opinatum
2941 1004 3385 1069 Theodoretum,
3433 1015 3599 1073 quam
3650 996 4017 1068 Augustinus,

2440 1119 2508 1158 ex
2536 1102 2793 1155 omnibus
2813 1100 2926 1154 fere
2957 1097 3111 1161 locis,
3152 1096 3208 1149 in
3232 1094 3435 1164 quibus
3482 1094 3586 1146 hoc
3629 1094 4015 1159 argumentum

2443 1203 2661 1259 tractat,
2696 1210 2804 1249 non
2830 1191 2984 1245 valde
3017 1190 3312 1243 obscurum
3337 1192 3440 1239 est.

2516 1286 2629 1340 XV.
2656 1284 2922 1339 Omnibus
2969 1281 3136 1350 igitur
3160 1278 3264 1332 rite
3290 1275 3596 1345 perpensis,
3632 1269 3807 1324 videri
3836 1276 4019 1339 potest

2449 1376 2827 1431 Theodoretus
2848 1374 2900 1426 in
2924 1372 3026 1425 hac
3045 1370 3216 1424 fuisse
3250 1365 3520 1422 sententia
3548 1363 3616 1417 de
3658 1367 4018 1422 nocumento,

2447 1470 2591 1540 quod
2625 1467 2861 1539 posteris
2888 1463 3077 1521 Adami
3097 1468 3379 1532 peccatum
3404 1456 3609 1510 intulit.
3637 1454 3880 1509 Adamus
3912 1452 4019 1505 im-

2447 1558 2699 1616 mortalis
2758 1556 2937 1610 factus
2978 1563 3106 1608 est:
3143 1549 3392 1621 peccavit
3436 1548 3755 1615 priusquam
3811 1544 4024 1596 liberos

2449 1654 2785 1721 susciperet:
2815 1648 2990 1701 factus
3018 1654 3101 1698 est
3130 1641 3375 1696 mortalis
3418 1640 3471 1692 in
3503 1652 3718 1707 poenam
3762 1633 3977 1704 peccati
4006 1651 4018 1683 :

2453 1743 2699 1801 mortalis
2723 1754 2847 1795 cum
2873 1744 3038 1801 esset,
3064 1733 3321 1788 mortales
3345 1733 3564 1801 genuit:
3590 1744 3656 1782 ex
3686 1724 4022 1780 mortalitate

2449 1833 2696 1903 corporis
2732 1839 2867 1885 ortae
2905 1824 3349 1898 perturbationes
3383 1822 3549 1875 animi
3584 1838 3595 1872 :
3632 1835 3699 1873 ex
3730 1815 4026 1886 perturba-

2449 1924 2689 1981 tionibus
2740 1929 2992 1990 peccata:
3021 1932 3089 1970 ex
3118 1913 3456 1983 singulorum
3502 1908 3741 1979 peccatis
3782 1907 4024 1977 dignitas

2448 2012 2662 2068 mortis.
2694 2010 2871 2076 Quare
2894 2007 3015 2061 duae
3032 2014 3163 2060 sunt
3190 2002 3335 2072 apud
3371 2003 3549 2070 ipsum
3598 2013 3777 2052 causa:
3809 2004 4021 2050 morta-

2447 2105 2643 2159 litatis:
2674 2097 2998 2155 universalis
3024 2112 3152 2161 una,
3194 2092 3343 2148 nasci
3393 2106 3461 2145 ex
3507 2088 4022 2156 mortalibus;par-

2446 2194 2691 2250 ticularis
2718 2192 2907 2253 altera,
2935 2201 3189 2258 peccasse
3214 2191 3408 2251 suopte
3434 2181 3682 2235 arbitrio.
3706 2179 4024 2237 Moriuntur

2448 2288 2685 2343 infantes
2717 2292 2772 2336 et
2800 2281 2934 2351 justi
2978 2289 3202 2349 pr0pter
3234 2274 3600 2331 universalem
3647 2286 3890 2334 causam,
3924 2270 4022 2324 alii

2447 2387 2674 2451 propter
2702 2385 3012 2441 utramque.
3038 2369 3345 2439 Baptismus
3373 2365 3483 2420 duo
3516 2372 3760 2433 praestat,
3784 2363 3882 2417 sed
3920 2362 4027 2416 ali-

2450 2479 2531 2524 ter
2558 2468 2745 2523 aliud:
2792 2465 2933 2519 tollit
2975 2469 3199 2532 peccata
3225 2479 3239 2525 ;
3262 2475 3328 2513 ex
3362 2456 3662 2512 abundanti
3698 2454 3840 2509 dona
3884 2466 4025 2507 con-

2448 2559 2553 2614 fert
2577 2577 2589 2612 :
2623 2574 2688 2613 ex
2718 2567 2917 2611 natura
2949 2569 3047 2613 sua
3071 2562 3365 2620 utrumque
3384 2548 3552 2604 eilioit
3592 2548 3646 2602 in
3672 2546 3904 2609 adultis,
3930 2560 4025 2599 se-

2449 2648 2694 2703 cundum
2734 2646 2788 2700 in
2817 2643 3157 2698 infantibus:
3196 2640 3433 2694 infantes
3463 2638 3609 2692 enim
3636 2645 3926 2707 peccatum
3955 2650 4028 2688 ne

2449 2734 3193 2809 degustaruntquidem,cum
3211 2744 3389 2799 neque
3400 2730 3485 2786 vis
3499 2727 3708 2798 peccati
3723 2727 3795 2780 sit
3808 2734 4031 2779 natura-

2448 2833 2721 2898 lis,neque
2739 2828 2919 2898 proles
2935 2826 3007 2879 sit
3020 2832 3260 2894 paternae
3272 2818 3719 2890 transgressionis
3728 2818 4027 2887 particeps.

2522 2921 2653 2976 inde
2679 2934 2810 2975 vero
2834 2924 3069 2977 constat,
3103 2916 3158 2969 in
3188 2928 3300 2983 quo
3331 2910 3616 2966 catholica:
3638 2909 3763 2965 ﬁdei
3791 2923 4033 2962 consen-

2451 3013 2608 3077 serit,
2660 3011 2717 3065 in
2770 3024 2879 3079 quo
2927 3005 3277 3063 Theodorum
3321 3003 3643 3072 magistrum
3690 3005 3936 3061 secutus,
3970 2996 4032 3050 in

2453 3119 2562 3174 quo
2596 3102 2775 3171 ipsum
2798 3098 3125 3161 deseruerit,
3148 3096 3279 3165 quid
3321 3110 3351 3149 a
3384 3094 3770 3163 Chrysostomo
3797 3103 4031 3157 accepe-

770 3192 868 3257 mi,
921 3206 989 3245 ex
1033 3191 1363 3245 mortalitate
1393 3204 1490 3258 per
1516 3198 1799 3257 peccatum
1832 3194 2129 3248 contracta,
2173 3185 2355 3240 Theo-

2459 3193 2551 3257 rit,
2575 3192 2707 3261 quid
2741 3191 2809 3245 de
2838 3202 2939 3243 suo
2978 3184 3253 3241 addiderit
3295 3201 3310 3237 :
3351 3195 3664 3252 quanquam
3692 3176 4033 3235 Theodoreti

772 3283 951 3347 doreti
985 3282 1172 3352 opinio
1203 3290 1419 3343 constat
1456 3296 1523 3335 ex
1549 3278 1968 3343 Commentariis
2002 3276 2054 3332 in
2086 3277 2284 3331 Psalm.
2318 3294 2348 3331 ι.

772 3385 925 3430 ωοι¹
944 3374 1250 3445 appellatis.

841 3467 983 3523 Xlll.
1032 3467 1129 3521 liis
1181 3466 1438 3521 omnibus
1486 3464 1561 3519 ita
1607 3462 1918 3533 disputatis,
1963 3463 2181 3518 videtur
2216 3462 2350 3517 mihi

776 3559 1157 3615 Theodoretus
1182 3558 1419 3628 procula
1449 3556 1737 3611 Theodoro
1768 3564 1823 3608 et
1850 3552 2107 3608 leestio
2130 3555 2349 3610 abesse:

776 3650 940 3705 docet
998 3649 1145 3705 enim
1191 3648 1426 3719 posteris
1474 3645 1667 3702 Adami
1717 3645 1967 3699 nocuisse
2023 3657 2350 3715 peccatum;

778 3742 976 3797 asserit
1007 3750 1340 3795 contractam
1385 3753 1505 3794 esse
1539 3744 1762 3809 peccato
1798 3735 1963 3805 primi
1994 3734 2234 3788 hominis
2260 3749 2357 3787 ne»

780 3835 1088 3890 cessitatem
1137 3831 1438 3896 moriendi;
1490 3829 1686 3885 asserit
1728 3828 1935 3898 pariter
1994 3826 2120 3882 inde
2179 3838 2355 3881 ortam

779 3924 1237 3995 concupiscentiae
1252 3922 1641 3985 eilrenita‘tem,
1666 3933 1917 3989 corpore,
1944 3918 2089 3987 quod
2113 3931 2356 3972 corrum-

778 4017 949 4086 pitur,
984 4016 1221 4070 animam
1267 4020 1592 4084 aggravante
1642 4029 1654 4064 :
1707 4026 1829 4080 qua
1879 4010 1985 4063 tria
2036 4008 2358 4063 Theodorus

774 4124 906 4165 cum
951 4108 1067 4163 suis
1099 4106 1351 4162 sectariis
1379 4112 1559 4174 negat.
1589 4103 1650 4157 in
1692 4100 1956 4172 primario
1992 4099 2157 4169 igitur
2178 4101 2357 4169 capite

781 4201 1039 4255 dissentit
1098 4198 1386 4269 magistro;
1434 4194 1502 4249 de
1556 4202 1730 4248 morte
1775 4194 1990 4257 animai,
2049 4190 2357 4262 cuiusmodi

783 4288 1022 4343 infertur
1070 4295 1317 4357 peccato,
1372 4292 1611 4339 mentem
1662 4298 1772 4336 non
1826 4280 2061 4350 aperuit,
2116 4280 2360 4334 imitatus

782 4378 1018 4433 alterum
1062 4391 1223 4430 suum
1256 4374 1577 4444 magistrum
1625 4372 2094 4442 Chrysostomum,
2151 4370 2245 4440 qui
2293 4384 2359 4423 ea

783 4471 851 4525 de
902 4484 961 4523 re
1014 4483 1124 4525 non
1159 4467 1361 4520 diserte
1410 4466 1627 4519 locutus
1667 4472 1769 4517 est.
1804 4462 1917 4527 Qua
1957 4462 2123 4532 igitur
2147 4461 2358 4515 ratione

2462 3284 2804 3355 temporibus
2844 3297 2955 3338 non
3006 3277 3307 3335 clarissima
3329 3274 3431 3330 fuit
3455 3273 3597 3343 apud
3631 3272 3851 3327 Graecos
3905 3282 4037 3337 peev

2458 3376 2563 3431 cati
2589 3374 2876 3445 originalis
2900 3370 3167 3427 doctrina.
3198 3367 3268 3423 Et
3293 3380 3427 3419 vero
3453 3379 3574 3433 qua:
3616 3361 3743 3416 inde
3772 3359 4039 3429 Augusti-

2458 3484 2564 3523 nus
2592 3466 2839 3531 adduxit,
2874 3480 2939 3519 ea
2978 3463 3067 3517 vix
3118 3461 3263 3515 aliud
3304 3473 3401 3526 per
3445 3471 3503 3510 se
3541 3454 3797 3524 probant,
3834 3459 4038 3521 praeter

2460 3554 2847 3608 mortalitatem
2871 3568 2937 3606 ex
2966 3557 3194 3620 peccato
3228 3545 3423 3602 Adami
3460 3544 3515 3596 in
3548 3550 3797 3612 posteros
3841 3538 4037 3592 tradu-

2460 3654 2624 3705 ctam,
2655 3642 2784 3695 licet
2807 3640 2990 3710 adiuta
3014 3636 3299 3708 Augustini
3326 3633 3620 3706 principio,
3640 3632 3786 3702 quod
3812 3644 4038 3700 pinnam

2461 3734 2620 3804 culpa
2648 3732 2961 3795 comitatur,
2996 3731 3155 3800 longe
3188 3730 3312 3799 plus
3343 3726 3546 3781 virium
3564 3723 3822 3777 habeant.

3074 3862 3299 3920 CAPUT
3347 3861 3413 3917 V.

2463 3981 2542 4037 De
2566 3981 2777 4036 auxiliis
2806 3979 3070 4034 interioris
3098 3978 3286 4047 gratia:
3314 3973 3612 4047 divinae,“
3636 3972 3846 4040 pietatis
3875 3986 4043 4040 opera

2908 4043 3230 4119 praesta-uda,
3258 4043 3582 4100 necessariis.

2537 4184 2576 4239 l.
2609 4183 2727 4239 Non
2756 4183 3035 4238 immerito
3061 4181 3340 4252 quaesierit
3384 4178 3617 4249 aliquis,
3645 4191 3808 4246 quam
3861 4175 4046 4230 Theo-

2465 4275 2691 4328 doretus
2736 4274 3063 4328 sententiam
3110 4280 3333 4327 secutus
3364 4270 3436 4326 sit
3480 4271 3546 4325 de
3589 4267 3810 4324 auxiliis
3855 4267 4047 4336 gratia-

2469 4364 2700 4418 divinae:
2732 4379 2800 4417 an
2826 4379 2947 4432 qua
2971 4362 3230 4417 Ecclesiae
3244 4370 3347 4426 est,
3374 4376 3443 4415 an
3473 4376 3592 4430 quae
3613 4361 3741 4414 olim
3771 4358 4005 4430 Pelagii.

2539 4456 2602 4508 ll.
2636 4454 2909 4507 Nonnulla
2964 4461 3068 4517 est,
3123 4458 3218 4507 aut
3262 4450 3569 4516 dubitandi,
3613 4459 3708 4504 aut
3756 4450 4045 4518 quaerendi

784 4564 1210 4635 Chrysostomus
1267 4560 1335 4615 ab
1399 4559 1703 4629 Augustino
1756 4556 1812 4609 in
1868 4528 2053 4626 partes
2110 4554 2363 4610 Ecclesiae
2397 4528 2439 4582 θ
2467 4543 2813 4601 causa.Nam
2838 4543 3035 4612 primo,
3072 4549 3153 4607 ut,
3188 4540 3333 4610 quod
3370 4540 3438 4595 de
3467 4539 3729 4595 Caelestio
3761 4540 3808 4571 "
3829 4538 4045 4595 factum

786 4655 1023 4724 benigna
1060 4650 1512 4721 interpretatione
1548 4649 1817 4704 adductus
1841 4656 1944 4709 est,
1971 4646 2160 4701 eadem
2196 4644 2369 4697 Theo-

789 4734 1013 4801 doretus
1062 4744 1117 4797 in
1156 4742 1570 4799 consensionem
1620 4739 1803 4793 vocari
1850 4746 2060 4806 potest;
2096 4734 2364 4803 siquidem

795 4850 895 4889 nec
924 4834 1027 4887 alia
1050 4832 1289 4901 scripsit,
1322 4846 1426 4884 nec
1455 4828 1575 4883 aliis
1613 4827 1724 4880 fere
1756 4825 1960 4887 verbis,
2001 4838 2162 4892 quam
2192 4821 2366 4890 Chry-

791 4934 1079 4979 sostomus.
1110 4923 1169 4977 ld
1211 4936 1339 4975 vero
1369 4920 1524 4973 facile
1562 4917 1846 4985 intelliget,
1878 4916 1969 4982 qui
1997 4912 2364 4983 Chrysostomi

791 5016 1319 5086 interpretationem,
1355 5022 1468 5065 tum
1513 5010 1579 5062 ad
1609 5018 1773 5076 caput
1798 5024 1829 5059 v
1862 5005 2115 5073 Epistula:
2162 5003 2227 5057 ad
2262 5004 2364 5055 Ro-

792 5123 1002 5171 manos,
1030 5113 1143 5159 tum
1175 5104 1239 5157 ad
1269 5117 1488 5155 versum
1520 5099 1811 5167 septimum
1838 5095 2037 5150 Psalmi
2068 5111 2095 5148 L
2118 5134 2130 5157 ,
2162 5093 2365 5146 oratio-

792 5213 1025 5267 nemque
1071 5195 1137 5250 ad
1178 5194 1481 5262 neophytos
1514 5189 1724 5258 legerit.

860 5287 1001 5344 XIV.
1027 5287 1263 5356 Benigna
1284 5298 1450 5354 porro
1470 5278 1759 5349 Augustini
1778 5277 2155 5346 interpretatio
2176 5274 2369 5328 nititur

794 5382 1149 5437 fundamento
1170 5377 1463 5433 admodum
1484 5375 1658 5435 firmo,
1679 5387 1876 5440 nempe
1900 5369 2043 5439 quod
2076 5368 2239 5439 494
2269 5368 2367 5420 hn—

795 5488 967 5528 mana:
1009 5469 1241 5524 miseria:
1264 5468 1499 5536 indignae
1525 5464 1635 5517 sint
1669 5462 1901 5529 imagine
1931 5459 2021 5513 Dei
2060 5457 2367 5517 innocente,

797 5573 961 5634 atque
991 5562 1065 5616 ita
1095 5560 1203 5614 sint
1226 5559 1448 5613 omnino
1477 5570 1685 5628 poenae;
1719 5552 1974 5622 quodque.
2017 5566 2044 5604 a
2082 5550 2230 5618 iusto
2261 5547 2371 5600 Deo

2465 4644 2569 4697 est,
2600 4634 2652 4687 id
2680 4636 2856 4702 ipsum
2878 4632 2947 4687 de
2966 4633 3185 4703 Pelagio
3216 4639 3525 4701 praestetur.

2545 4724 2739 4789 Quaero
2763 4725 3003 4795 primum
3035 4724 3102 4789 ",
3135 4738 3235 4778 cur
3268 4723 3544 4793 Pelagium
3581 4721 3770 4792 gratiae
3796 4719 3893 4773 Dei
3944 4733 4047 4788 per

2468 4816 2744 4871 Christum
2806 4816 3128 4879 inimicum,
3197 4815 3339 4868 inter
3406 4813 3695 4867 hagreticos
3758 4827 4048 4881 nunquam

2470 4907 2829 4969 recensuerit,
2844 4922 2967 4961 cum
2991 4914 3169 4959 tamen
3188 4920 3380 4958 omnes
3396 4919 3453 4958 sc
3465 4903 3626 4975 495
3642 4903 4051 4957 recensitnrum

2468 4995 2853 5063 Spopondisset
2878 4996 2932 5049 in
2975 4995 3133 5048 libris
3178 4995 3560 5047 Hmreticarum
3593 4992 3919 5061 fabularum.
3965 4992 4050 5046 An

2470 5088 2597 5157 quia
2620 5088 2837 5155 ignotus
2872 5087 3035 5139 erat?
3069 5085 3170 5151 Qui
3193 5100 3324 5138 vero
3350 5086 3526 5153 potuit
3547 5083 3755 5137 homini
3782 5082 4054 5137 curiosis-

2470 5179 2803 5233 simo?cnm
2851 5178 3042 5231 eadem
3082 5187 3240 5231 mtale
3281 5176 3442 5230 ambo
3497 5176 3768 5236 vixerint;
3809 5191 3936 5228 eum
3996 5176 4054 5230 in

2474 5269 2671 5322 vicinis
2717 5269 2853 5321 locis
2898 5268 3101 5322 versati
3129 5268 3260 5331 sint,
3298 5268 3437 5322 alter
3474 5281 3669 5330 nempe
3716 5266 4056 5332 Antiochize,

2473 5362 2609 5413 alter
2632 5359 3022 5430 Hierosolymis
3047 5376 3059 5410 :
3091 5374 3215 5413 cum
3250 5358 3495 5429 Pelagius
3523 5357 3713 5410 turbas
3732 5356 4054 5426 Hierosoly-

2476 5453 2581 5505 mis
2626 5451 2878 5512 moverit,
2932 5467 3107 5520 neque
3157 5465 3372 5520 parvas,
3414 5465 3592 5519 neque
3645 5448 3872 5501 tacitas:
3924 5464 4055 5501 cum

2478 5544 2563 5598 bis
2617 5543 2671 5596 in
2727 5543 2962 5597 concilio
3011 5557 3228 5597 causam
3289 5540 3507 5603 dixerit,
3567 5539 3731 5594 semel
3782 5538 4053 5608 Diospoli,

2141 5699 2452 5756 SCIIULZII
2482 5696 2702 5753 ΝΟΤᾹΞ.

864 5792 909 5825 υ
937 5788 1055 5854 Vid.
1086 5795 1126 5842 t.
1161 5787 1245 5854 Ν,
1272 5802 1323 5858 p.
1356 5785 1477 5842 441.
1590 5783 1635 5816 ’³
1653 5781 1840 5851 Capite
1864 5774 2221 5847 precedente.

2331 5770 2378 5802 "’
2411 5768 2527 5826 Vid.
2568 5783 2751 5837 supra,
2775 5765 2985 5843 p.596.
