4224 6442
185 374 286 439 Ml

1426 379 1525 439 DE
1560 378 1734 438 FIDE
1772 378 2275 438 THEODORETI.

3335 376 3438 437 ΗΞ

187 488 392 542 iterum
451 486 762 542 Antiochiae
787 530 800 553 ,
866 488 958 542 ubi
1006 498 1124 543 erat
1174 487 1550 543 Tbeodoretus
1580 506 1591 541 :
1648 503 1771 542 cum
1799 491 1849 549 Α
1878 486 2145 541 beneflcio
2180 486 2394 540 tribuit.
2459 487 2612 552 Quod
2645 487 2746 542 etsi
2781 487 2978 556 passim
3018 495 3270 539 occurrat
3298 488 3439 541 inter

185 576 493 631 damnatus
518 577 613 640 sit,
643 585 699 631 et
730 578 917 631 Romae
972 592 1001 630 a
1051 576 1180 631 sede
1222 577 1544 646 apostolica,
1576 588 1629 632 et
1656 577 1765 631 An-

186 664 413 720 tiochiae
457 682 492 721 a
536 665 927 731 Theodoreto,
968 672 1025 719 et
1087 666 1143 719 in
1194 666 1375 721 Africa
1434 681 1465 721 a
1518 667 1770 737 pluribus

182 757 479 813 conciliis:
518 774 642 813 cum
663 758 942 813 damnatio
966 757 1106 813 facta
1132 758 1317 812 Romae
1346 772 1375 811 a
1404 756 1622 813 Zosimo
1667 758 1768 812 toti

180 848 453 902 Ecclesia:
501 848 827 911 innotuerit,
876 847 1083 902 directa
1133 848 1202 901 ad
1237 850 1253 868 '
1284 849 1569 903 universos
1616 849 1767 903 orbis

180 938 481 1007 episcopos
506 940 766 994 tractoria
790 955 803 993 :
838 954 963 995 cum
1008 939 1279 993 sententia
1304 941 1655 995 Antiocheam
1677 956 1765 994 se-

179 1027 266 1081 dis
310 1029 424 1082 lata
456 1028 553 1091 sit,
589 1037 872 1098 spectante
922 1030 1272 1087 Theodoreto
1296 1071 1309 1095 ,
1361 1046 1485 1085 cum
1511 1031 1765 1087 Africana

178 1120 421 1173 concilia
464 1122 653 1190 ignota
700 1136 809 1174 non
855 1121 1062 1175 fuerint
1115 1120 1511 1183 Orientalibus,
1572 1122 1765 1175 saltem

178 1219 306 1278 post
328 1210 635 1265 concilium
661 1210 1019 1280 Ephesinum,
1051 1210 1144 1264 ubi
1178 1210 1354 1264 adfuit
1381 1210 1603 1265 Bessula
1624 1210 1761 1266 Car-

176 1301 536 1371 thaginensis
573 1302 858 1365 diaconus,
883 1300 1060 1356 allatis
1091 1288 1376 1372 A'ugustini
1410 1302 1596 1367 libris;
1638 1318 1763 1356 cum

176 1392 387 1461 Ephesi
438 1393 659 1463 vulgata
689 1400 873 1448 essent
909 1394 1041 1448 Acta
1088 1394 1272 1448 Romae
1311 1412 1341 1449 a
1381 1393 1437 1448 S.
1468 1392 1764 1449 Caelestino

174 1481 451 1537 adversus
479 1484 819 1554 Pelagianos,
850 1485 1027 1554 iisque
1069 1486 1218 1539 Actis
1250 1485 1598 1555 superiorum
1630 1500 1765 1554 pon-

175 1574 395 1629 tiﬁcum
432 1575 662 1630 decreta
684 1586 740 1630 et
762 1575 1141 1631 Africanarum
1178 1577 1507 1648 synodorum
1552 1577 1757 1631 mentio

177 1661 491 1716 haberetur
534 1679 547 1714 :
604 1678 727 1715 cum
771 1662 1009 1732 denique
1048 1664 1396 1734 Pelagianum
1454 1680 1652 1718 nomen
1701 1674 1757 1717 et

172 1761 328 1806 secta
381 1754 532 1807 foret
572 1753 693 1806 orbi
735 1756 834 1808 toti
882 1763 1031 1819 nota,
1072 1762 1127 1807 et
1182 1754 1504 1823 probrosum
1551 1756 1753 1824 ubique

175 1856 482 1907 terrarum,
510 1843 860 1898 damnatione
888 1846 1070 1898 mundi
1103 1862 1263 1898 manu
1283 1846 1611 1915 subscripta.

240 1930 451 1998 Quaero
466 1932 691 1997 deinde,
709 1948 807 1987 cur
834 1936 1193 2003 quaestionem
1221 1937 1287 1990 de
1315 1938 1499 2004 gratia:
1524 1939 1751 1991 interio—

172 2025 252 2078 ris
296 2024 529 2079 auxiliis
580 2040 847 2094 nusquam
908 2027 1188 2097 attigerit;
1234 2028 1481 2097 quamvis
1537 2028 1755 2082 dicendi

172 2115 397 2170 occasio
436 2130 583 2185 sepe
620 2116 820 2185 saepius
849 2119 1173 2181 occurrerit,
1217 2119 1325 2173 imo
1358 2126 1413 2173 et
1444 2120 1755 2175 incubuerit

172 2205 389 2261 homini
415 2220 529 2259 non
561 2204 853 2275 refugienti
881 2209 1093 2276 aperire
1127 2218 1363 2263 mentem
1402 2211 1470 2263 ".

237 2294 444 2361 Quaero
495 2296 740 2360 tertium,
767 2314 867 2351 cur
905 2297 1119 2352 Veteris
1148 2298 1393 2367 Novique
1417 2299 1752 2354 Testamenti

168 2387 311 2450 loca,
347 2386 561 2457 quibus
614 2385 695 2442 uti
740 2387 918 2441 solent
965 2387 1232 2443 Catholici
1268 2389 1335 2443 ad
1372 2391 1751 2445 necessitatem

168 2479 361 2547 gratia:
423 2478 712 2533 interioris
771 2480 1118 2534 astruendam
1149 2521 1164 2543 ,
1239 2481 1634 2551 interpretetur
1694 2492 1751 2536 ut

167 2572 472 2640 plurimum
529 2570 820 2641 Pelagiano
860 2587 1052 2637 more;
1097 2583 1243 2627 certe
1288 2588 1397 2627 non
1433 2589 1542 2643 quo
1574 2576 1751 2629 solent

166 2662 594 2733 Pelagianorum
618 2661 1050 2733 impugnatores.

237 2751 451 2818 Quaero
482 2762 766 2821 quartum,
788 2767 887 2807 cur
917 2753 1062 2808 inter
1094 2754 1427 2823 loquendum
1461 2757 1528 2811 de
1561 2757 1748 2826 gratiae

169 2844 376 2899 divinae
405 2843 654 2909 auxiliis,
700 2843 843 2898 nihil
882 2844 1099 2910 aﬂ‘erat,
1125 2847 1272 2915 quod
1300 2847 1458 2902 facile
1484 2863 1591 2901 non
1622 2864 1748 2917 pos-

165 2935 259 2998 sit.
289 2945 388 2991 aut
414 2935 489 2990 de
521 2936 641 3005 lege
674 2936 792 2991 sive
820 2935 1072 2990 doctrina
1145 2925 1241 2990 aut
1278 2937 1346 2992 de
1381 2940 1748 2995 exterioribus

164 3023 509 3094 adjumentis
531 3023 728 3093 accipi.

1870 576 2182 645 legendum,
2210 572 2559 645 producenda
2581 577 2939 631 nihilominus
2959 576 3269 630 testimonia
3292 578 3435 630 duo:

1869 668 2107 736 primum
2131 683 2197 722 ex
2233 666 2653 721 Commentariis
2711 668 2767 721 in
2802 668 3076 722 Psalmum
3112 681 3162 728 ι,
3206 667 3435 721 alterum

1868 774 1933 813 ex
1964 759 2249 813 Philotheo
2280 774 2398 828 cap.
2447 758 2517 811 22
2566 758 2668 812 sub
2704 757 2886 810 ﬁnem.

1939 850 2024 905 IV.
2056 850 2429 919 lnterpretans
2473 848 2639 918 igitur
2670 847 2988 916 ptenitentis
3020 844 3240 900 Davidis
3268 844 3433 898 verba

1869 939 1958 992 illa
1990 957 2001 991 :
2032 940 2135 995 Cor
2187 940 2441 993 mundum
2494 955 2615 992 crea
2658 939 2713 991 in
2753 952 2853 1000 me,
2907 936 3065 999 Deus,
3098 944 3143 989 et
3188 936 3433 1004 spiritum

1869 1040 2064 1083 rectum
2093 1032 2284 1084 innoua
2324 1033 2380 1083 in
2410 1032 2684 1084 visceribus
2715 1031 2840 1083 meis
2880 1045 2897 1081 :
2958 1046 2976 1079 ι
3033 1028 3298 1092 Quoniam
3356 1028 3425 1087 ⁸⁷.

1870 1120 2068 1189 inquit,
2094 1121 2301 1189 peccati
2335 1121 2545 1174 senium
2572 1121 2839 1182 contraxi,
2876 1130 2965 1173 tua
2992 1134 3080 1172 me
3102 1117 3432 1185 benignitate

1868 1221 2092 1259 renova.
2153 1206 2277 1261 Haec
2331 1208 2497 1260 etiam
2554 1222 2651 1275 per
2722 1207 3042 1275 prophetam
3090 1206 3431 1260 Ezechielem

1867 1298 2097 1366 captivis
2124 1298 2267 1367 apud
2291 1298 2619 1369 Babylonem
2652 1298 2913 1351 Dominus
2938 1297 3258 1366 spopondit:
3290 1296 3433 1349 Dabo

1866 1390 1991 1458 ipsis
2022 1406 2110 1443 cor
2139 1406 2347 1452 novum,
2378 1400 2426 1443 et
2449 1392 2694 1459 spiritum
2723 1404 2931 1442 novum.
2969 1387 3230 1456 Spiritum
3250 1398 3430 1440 autem

1866 1494 1973 1534 non
2008 1490 2251 1535 sanctum
2287 1481 2441 1540 dicit.
2486 1481 2579 1534 sed
2621 1480 2788 1533 animi
2822 1480 3137 1547 impulsum,
3182 1479 3285 1530 hoc
3326 1485 3428 1538 est,

1868 1587 1991 1626 cum
2038 1573 2192 1642 longa
2241 1572 2594 1642 castigatione
2647 1572 2984 1641 castigavero
3035 1585 3172 1631 vos,
3206 1580 3261 1623 et
3294 1584 3434 1637 quos

1869 1663 2079 1717 fructus
2105 1672 2389 1732 peccatum
2422 1662 2709 1731 producat,
2745 1676 2842 1714 vos
2866 1660 3125 1723 docuero,
3152 1660 3345 1713 faciam
3373 1669 3430 1711 ut

1867 1756 2129 1809 virtutem
2157 1755 2389 1824 eligatis.
2418 1754 2475 1808 Id
2502 1762 2557 1809 et
2586 1755 2691 1807 hoc
2730 1754 2784 1807 in
2820 1753 2939 1806 loco
2987 1766 3215 1821 magnus
3262 1751 3427 1805 David

1792 1818 1837 1877 Β
1866 1847 2021 1914 petit.
2047 1855 2104 1899 ut
2124 1854 2180 1899 et
2213 1847 2401 1900 laesum
2428 1859 2525 1899 cor
2548 1845 2667 1914 ejus
2693 1854 3006 1905 renovetur,
3041 1852 3095 1897 et
3124 1858 3276 1895 mens
3304 1858 3425 1895 cor-

1861 1938 2147 1991 roboretur
2179 1937 2245 1990 ad
2278 1936 2676 1991 decurrendam
2702 1935 2842 1988 viam
2865 1935 3126 1987 divinam.
3162 1953 3178 1983 ι

1926 2030 1988 2081 V.
2027 2029 2130 2083 Ubi
2168 2029 2404 2097 elogium
2442 2027 2633 2081 scribit
2666 2025 2853 2079 Jacobi
2876 2026 2920 2057 "
2966 2026 3145 2078 adhuc
3171 2024 3425 2085 viventis,

1855 2127 2142 2188 postquam
2193 2118 2445 2187 exposuit
2498 2116 2821 2171 admirabile
2876 2116 3000 2169 vita:
3075 2115 3423 2176 institutum.

1853 2210 1997 2278 quod
2038 2209 2273 2264 visibilis
2300 2209 2388 2263 ille
2418 2209 2645 2279 angelus
2684 2208 2904 2263 tenebat
2939 2226 2951 2260 :
2993 2226 3011 2258 r
3060 2207 3421 2266 Athletarum.

1854 2302 2030 2369 inquit
2091 2303 2158 2364 ”,
2211 2301 2430 2370 pietatis
2466 2301 2790 2370 agonotheta
2840 2298 2997 2353 linem
3046 2299 3179 2353 huic
3244 2306 3421 2352 certa-

1852 2394 2096 2447 minibus
2124 2394 2349 2462 dignum
2378 2393 2604 2456 tribuat,
2638 2400 2719 2455 ut,
2748 2389 2895 2459 quod
2927 2400 3179 2459 superest
3206 2404 3420 2452 cursus,

1852 2486 2023 2556 priori
2052 2485 2376 2543 consentiat.
2413 2484 2700 2551 victorque
2730 2483 2949 2537 tandem
2976 2481 3041 2536 ad
3060 2490 3260 2535 metam
3291 2498 3416 2551 per-

1850 2577 2055 2638 veniat,
2091 2585 2146 2629 et
2172 2575 2547 2629 infirmitatem
2582 2584 2821 2628 nostram
2851 2573 2966 2642 ejus
3000 2572 3258 2642 precibus
3283 2589 3417 2627 con-

1850 2665 2050 2728 firmet,
2088 2674 2148 2719 ut
2188 2662 2527 2718 corroborati
2564 2662 2762 2716 multas
2790 2662 2971 2717 clades
3001 2670 3213 2715 nostras
3241 2675 3421 2715 resar-

1849 2758 2079 2818 ciantus,
2114 2762 2168 2808 et
2200 2768 2265 2807 ex
2306 2754 2409 2807 hac
2431 2754 2541 2806 vita
2568 2753 2806 2806 victores
2836 2752 3182 2807 excedamus.
3223 2770 3241 2803 ι
3287 2750 3420 2816 Qui-

1848 2846 1952 2899 bus
1978 2845 2161 2899 verbis
2190 2854 2427 2913 quatuor
2453 2843 2569 2897 hzec
2591 2858 2621 2896 a
2648 2844 2759 2897 Deo
2794 2842 3053 2912 postulat,
3079 2840 3419 2904 confirmari,

1846 2935 2146 2997 emendari,
2175 2936 2509 2989 tentationes
2535 2934 2777 2998 vincere,
2830 2943 2886 2988 et
2928 2935 2994 2987 ad
3041 2934 3202 2987 linem
3247 2948 3420 3002 usque

1846 3042 2221 3098 perseverare.
2262 3027 2387 3082 Haec
2422 3036 2607 3081 autem
2642 3025 2786 3080 dona
2815 3034 2943 3079 sunt
2974 3025 3210 3096 Spiritus
3240 3027 3413 3080 sancti

232 3112 437 3180 Quaero
469 3113 753 3183 quintum,
782 3127 881 3169 cur
910 3115 1055 3171 inter
1075 3119 1451 3187 exponendam
1476 3119 1632 3174 liberi
1653 3138 1743 3176 ar-
1771 3154 1817 3213 α
1851 3119 2131 3173 hominem
2163 3118 2352 3188 gratiae
2376 3133 2490 3173 sua:
2524 3118 2726 3171 auxilio
2749 3118 3009 3187 juvantis.

164 3205 314 3260 hitrii
348 3214 705 3274 potestatem,
744 3220 809 3260 ea
855 3205 992 3272 fere,
1039 3222 1162 3277 quae
1192 3208 1500 3280 Pelagiani,
1530 3212 1740 3277 afferat,

161 3310 395 3370 quaeque
424 3295 609 3359 affert,
639 3295 834 3351 iisdem
859 3294 1157 3366 Scriptura:
1188 3300 1517 3356 testimoniis
1542 3303 1743 3357 confir-

161 3402 314 3443 mare
348 3385 594 3441 studeat.

226 3477 437 3543 Quaaro
469 3484 713 3542 sextum,
744 3494 844 3533 cur
893 3480 949 3533 in
987 3482 1197 3549 prolixa
1234 3484 1484 3539 oratione
1515 3485 1583 3539 de
1614 3487 1743 3541 cha-

159 3568 345 3631 ritate,
372 3582 505 3621 cum
537 3568 779 3637 singulas
802 3568 968 3638 hujus
988 3571 1210 3625 virtutis
1233 3588 1426 3629 causas
1450 3575 1742 3647 diligenter

160 3667 615 3729 prosequeretur,
642 3658 835 3727 ipsam,
859 3674 929 3714 ne
958 3662 1128 3715 semel
1161 3662 1382 3731 quidem
1411 3665 1542 3735 (96),
1566 3682 1596 3720 a
1620 3667 1742 3737 Spi-

159 3751 267 3803 ritu
303 3757 504 3805 sancto
532 3749 737 3805 dixerit
762 3750 999 3806 diffundi
1050 3754 1103 3808 in
1143 3755 1441 3823 cordibus;
1487 3758 1584 3812 sed
1623 3774 1740 3813 me-

157 3842 394 3897 moriam
437 3840 705 3895 duntaxat
742 3842 1135 3900 beneficiorum
1178 3846 1295 3912 Dei,
1328 3858 1385 3904 et
1429 3852 1738 3920 exemplum

154 3930 365 3987 Christi
386 3940 815 4001 sanctorumque
848 3944 1136 3989 memorat.

222 4022 319 4077 ill.
345 4022 581 4087 Verum,
607 4023 654 4077 si
681 4024 936 4089 velimus,
994 4035 1055 4081 ut
1107 4037 1255 4083 certe
1289 4029 1575 4097 debemus,
1620 4032 1735 4089 Au-

156 4111 373 4181 gustini
406 4111 636 4166 Patrum
677 4112 822 4167 dicta
856 4114 1181 4170 catholicam
1216 4117 1271 4171 in
1322 4129 1531 4187 partem
1563 4121 1736 4177 inter-

154 4200 435 4271 pretantis
464 4202 776 4271 exemplum
812 4203 989 4272 sequi,
1009 4204 1417 4260 Theodoretum
1444 4208 1610 4281 496
1627 4227 1735 4266 non

155 4292 393 4347 invitum
447 4291 671 4347 veritati
722 4294 1157 4351 conciliabimus.
1194 4297 1329 4351 Nam
1379 4314 1504 4353 cum
1561 4304 1737 4358 oratio

152 4382 465 4439 clarissima
491 4384 564 4439 sit
590 4384 778 4453 gratiae
808 4385 1141 4451 testificatio,
1164 4390 1346 4459 sitque
1370 4390 1611 4447 hominis
1641 4405 1736 4449 aut

1922 3210 2010 3264 Vl.
2067 3208 2334 3264 Neutrum
2391 3209 2762 3263 testimonium
2819 3208 2993 3264 fateor
3059 3208 3258 3263 habere
3311 3209 3418 3263 vim

1852 3302 2353 3367 demonstrationis,
2403 3300 2868 3371 quemadmodum
2921 3315 3023 3354 nec
3051 3300 3156 3354 alia
3194 3300 3250 3353 in
3293 3316 3417 3369 spe-

1849 3392 1990 3447 ciem
2034 3392 2287 3457 clariora,
2339 3409 2464 3463 qua:
2504 3392 2726 3447 aliunde
2787 3391 2983 3446 adduci
3020 3399 3284 3461 possent:
3324 3392 3419 3447 sed

1847 3483 2124 3538 contendo
2146 3498 2209 3538 ea
2239 3483 2470 3552 perinde
2497 3497 2657 3552 posse
2696 3482 2930 3553 benigna
2971 3481 3419 3552 interpretatione

1848 3575 1903 3627 in
1929 3574 2258 3628 catholicum
2285 3588 2506 3628 sensum
2539 3572 2712 3643 accipi
2768 3589 2833 3627 ac
2855 3587 2976 3642 quae
2997 3571 3421 3642 Chrysostomus

1848 3665 1917 3720 de
1949 3666 2141 3719 eodem
2164 3674 2487 3735 argumento
2510 3665 2765 3734 scripsit:
2787 3662 3237 3734 Chrysostomum
3271 3666 3416 3717 enim

1848 3755 2227 3810 'l‘heodoretus
2258 3763 2480 3810 secutus
2505 3765 2608 3819 est,
2642 3770 2752 3825 quo
2779 3754 2898 3812 fere
2924 3755 3090 3811 modo
3115 3755 3417 3826 discipulus

1846 3848 2170 3918 magistrum
2207 3846 2367 3902 solet.

1918 3940 2027 3994 VII.
2053 3940 2128 3993 De
2149 3938 2317 4007 gratia
2350 3939 2594 4008 loquitur
2619 3941 2841 4009 copiose
2875 3939 2944 3994 ad
2983 3949 3148 4010 caput
3180 3955 3252 3993 vn
3289 3940 3417 4009 Epi-

1844 4028 1997 4083 stolze
2024 4028 2091 4081 ad
2126 4029 2431 4091 Romanos,
2466 4027 2558 4081 ubi
2584 4028 2875 4097 Apostolus
2898 4030 3080 4083 carnis
3106 4036 3161 4082 et
3191 4030 3415 4098 spiritus

1844 4123 2045 4177 luctam
2088 4122 2142 4174 in
2186 4135 2244 4174 se
2289 4120 2717 4175 lamentabiliter
2749 4121 3023 4189 exprimit.
3071 4120 3206 4174 Cum
3250 4121 3415 4188 igitur

1846 4212 2123 4266 retulisset
2154 4210 2401 4279 Apostoli
2426 4212 2615 4274 verba,
2656 4220 2709 4263 ut
2742 4209 3115 4278 fructiﬁcarem
3148 4212 3323 4272 morti,
3347 4225 3409 4264 ea

1843 4304 1921 4358 sic
1948 4303 2338 4371 interpretatur
2376 4304 2391 4332 ¹
2437 4318 2450 4353 :
2506 4318 2524 4351 r
2562 4302 2663 4354 Per
2718 4301 2831 4354 haec
2872 4316 2972 4354 nos
2995 4300 3156 4369 A97
3184 4301 3406 4359 docuit.

1841 4394 1985 4464 quod
2014 4402 2140 4447 ante
2168 4394 2420 4462 gratiam,
2450 4393 2578 4446 dum
2609 4393 2711 4447 sub
2759 4392 2894 4461 legis
2926 4400 3068 4445 statu
3102 4407 3407 4461 ageremus,

152 4467 411 4559 vecordis
436 4476 533 4522 aut
553 4469 827 4559 stulti,iab
864 4470 972 4525 alio
999 4481 1205 4540 petere,
1248 4484 1308 4528 ut
1333 4475 1401 4529 ad
1438 4476 1493 4530 id
1527 4476 1734 4533 facien-
1768 4503 1812 4559 υ
1842 4484 2048 4552 peccati
2089 4483 2532 4537 vehementiores
2562 4484 2797 4552 impetus
2835 4482 3255 4545 sustinebamus,
3283 4498 3406 4536 cum

152 4557 283 4611 dum
317 4557 574 4628 juvetur,
606 4558 754 4627 quod
798 4559 854 4613 in
893 4575 1013 4625 sua,
1053 4562 1147 4631 qui
1180 4564 1338 4632 petit,
1375 4575 1646 4634 potestate
1675 4583 1733 4622 se

150 4650 358 4705 habere
391 4649 571 4712 novit,
595 4650 865 4705 dicendus
893 4660 977 4706 est
1002 4654 1092 4708 ille
1122 4653 1191 4709 de
1223 4657 1413 4726 gratiae
1454 4658 1733 4715 interioris

150 4742 358 4796 auxilio
388 4741 535 4795 bene
567 4742 794 4805 sentire,
816 4744 908 4812 qui
938 4745 1023 4799 vel
1058 4746 1175 4815 ipse
1205 4762 1234 4801 a
1258 4748 1370 4803 Deo
1399 4759 1547 4819 petat
1575 4752 1642 4805 ad
1679 4753 1730 4807 id

148 4846 204 4886 se
229 4832 442 4902 juvari,
475 4832 621 4900 quod
660 4831 779 4887 sine
811 4835 998 4903 gratim
1032 4836 1314 4894 interioris
1354 4843 1560 4897 auxilio
1591 4860 1731 4913 prae.-

149 4925 281 4978 Itari
337 4924 578 4993 nequit;
628 4924 714 4979 vel
749 4925 841 4979 ubi
872 4927 1091 4997 adjutus
1126 4930 1217 4993 sit,
1261 4934 1499 5001 agendas
1530 4938 1732 5005 gratias

149 5024 325 5082 putet.
359 5016 527 5071 Petiit
552 5031 687 5070 vero
716 5017 821 5071 sibi
854 5017 1234 5075 Theodoretus
1269 5024 1602 5094 adjutorium
1634 5030 1726 5083 Dei

147 5107 213 5160 ad
239 5106 385 5161 bene
417 5104 690 5175 agendum
715 5146 731 5173 ,
757 5115 815 5161 et
836 5123 959 5161 cum
991 5109 1129 5165 bene
1156 5113 1379 5181 egisset,
1406 5116 1605 5172 factum
1632 5120 1728 5174 Dei

1840 4576 1946 4637 lex,
1979 4574 2109 4643 quid
2133 4583 2278 4629 esset
2306 4574 2529 4642 quidem
2569 4575 2862 4648 agendum,
2883 4574 3218 4641 ostenderet,
3248 4580 3403 4632 auxi-

1839 4666 1971 4719 lium
2013 4674 2197 4720 autem
2242 4680 2350 4718 non
2394 4664 2583 4722 ferre’t.
2634 4688 2652 4718 ι
2710 4668 2775 4721 Et
2828 4677 3014 4737 postea
3076 4669 3095 4698 ²
3147 4685 3217 4720 ε(
3269 4668 3405 4721 Cum

1837 4754 1941 4823 legi
1986 4768 2234 4808 essemus
2282 4752 2526 4818 obnoxii,
2578 4756 2907 4809 accessimus
2937 4756 3003 4808 ad
3035 4754 3360 4825 baptismum
3392 4775 3403 4819 ;

1835 4845 1998 4899 simul
2030 4856 2213 4900 autem
2244 4859 2366 4898 cum
2394 4844 2614 4898 Christo
2643 4846 2865 4907 mortui,
2898 4862 2961 4899 ac
3010 4861 3134 4898 cum
3173 4846 3289 4914 ipso
3316 4862 3404 4899 re-

1834 4945 2145 5006 surgentes,
2203 4935 2499 5005 legislatori
2543 4935 2821 5004 conjuncti
2866 4951 3073 4996 sumus,
3107 4950 3207 4987 nec
3252 4934 3405 5001 legali

1832 5030 1957 5084 vitae
2015 5030 2227 5083 ratione
2271 5027 2505 5096 amplius
2549 5041 2689 5094 opus
2724 5028 3007 5082 habemus.
3051 5028 3225 5094 Ipsam
3258 5027 3403 5080 enim

1833 5122 2071 5191 Spiritus
2113 5124 2339 5191 gratiam
2388 5120 2719 5187 accepimus.
2757 5139 2772 5169 ι
2812 5121 2877 5173 Et
2938 5119 3003 5172 ad
3059 5120 3157 5172 ista
3185 5118 3349 5171 verba
3391 5136 3401 5166 :

1486 5293 1801 5351 SCHULZII
1837 5296 2062 5353 NOT/E.

214 5426 260 5506 ξ’
292 5424 375 5480 Ad
403 5425 563 5510 “hanc
584 5435 992 5510 _et'_scquent_e.s
1023 5432 1352 5510 quaestiones
1379 5424 1796 5510 responsionem
1831 5437 2180 5506 suppeditare
2215 5440 2472 5493 videntur
2523 5440 2635 5510 loca
2667 5450 2692 5505 ς
2722 5441 2770 5494 .i.
2873 5446 2929 5510 et
2967 5439 2995 5492 7
3035 5438 3211 5510 allata.
3235 5435 3396 5505 ΑΕᾳυὶ

146 5498 289 5549 enim
333 5496 535 5576 arbitri
558 5496 737 5577 facile
784 5496 1127 5577 intelligent,
1169 5496 1545 5577 Pelagianismi
1577 5507 1740 5577 culpa
1772 5496 1963 5561 vacare
2006 5524 2152 5570 eum,
2184 5510 2275 5576 qui
2315 5512 2462 5561 vires
2498 5509 2562 5562 ad
2616 5496 2983 5577 peragendum
3042 5507 3248 5560 bonum
3301 5496 3393 5575 tie-

147 5567 413 5647 cessarias
464 5582 493 5621 a
556 5567 668 5647 Deo
707 5568 864 5647 petit,
897 5567 1255 5639 acceptasque
1420 5567 1688 5647 beneficia
1730 5577 1832 5630 sibi
1899 5593 1927 5630 a
1992 5579 2100 5631 Deo
2138 5567 2329 5632 coilala
2383 5582 2565 5632 refert.
2618 5567 2908 5631 ""Pi-oli-at
2953 5587 3129 5629 tamen
3180 5571 3399 5647 Davidis

145 5639 883 5717 aliorumqygtqstimgpjm
925 5654 1049 5717 garp
1099 5656 1281 5717 refugit
1333 5642 1641 5717 divinarum
1690 5647 2149 5716 contemplatione
2199 5658 2253 5701 et
2299 5649 2548 5701 Numinis
2591 5648 2757 5700 divini
2806 5648 3007 5700 auxilio
3066 5646 3279 5699 incendi
3315 5660 3396 5717 Aet

146 5708 374 5786 ῥυείη-ἱ.Δ
497 5705 849 5786 Τλημριρ.
925 5706 971 5738 ⁸⁸
993 5708 1194 5786 Jacobi.
1228 5711 1644 5786 NortANisibeni.
1683 5717 1776 5768 sed
1806 5705 1926 5781 eius
1964 5718 2026 5769 ad
2063 5734 2223 5786 quem
2264 5720 2496 5785 pertinet
2539 5717 2805 5770 Pbilothei
2841 5733 2886 5769 (ε.
2924 5717 3008 5768 9i.
3045 5718 3221 5771 Editio
3246 5715 3391 5784 prior

146 5774 378 5832 habebat
414 5774 671 5832 Simeonis
695 5774 917 5831 Stulitre.
994 5779 1038 5808 ”
1081 5780 1194 5833 Vid.
1244 5789 1278 5833 t.
1311 5782 1397 5847 lli,
1433 5800 1482 5853 p.
1536 5786 1687 5837 1253.

1772 5786 1933 5840 'Vid.
1972 5787 2125 5843 ibid.
2162 5806 2210 5857 ι»,
2247 5790 2327 5837 7H.
2378 5792 2391 5817 ’
2420 5788 2535 5840 Vill.
2572 5787 2726 5843 ibid.
2766 5804 2813 5856 ιτ.
2860 5788 2946 5837 70.
