4224 6442
831 367 935 435 443

1933 382 2137 441 GAllN
2147 382 2312 441 ERII
2356 382 2855 442 DIS'SERTATIO
2893 384 2983 443 III

4000 390 4104 453 444

832 478 944 550 Ego
979 491 1154 536 autem
1178 486 1411 540 carnalis
1438 505 1575 551 smn,
1601 498 1732 553 etc.,
1764 491 1844 545 sic
1876 501 2281 547 commentatur
2311 492 2405 557 ',':
2438 497 2485 551 Α
2513 490 2652 545 istos
2690 490 2801 546 Leo
2834 492 3084 546 Allatius.
3108 493 3375 564 Congerit
3394 495 3647 562 Dallzeus,
3677 504 3793 551 tum
3825 513 3948 567 qua:
3973 508 4105 555 sunt

772 608 775 615 ς
838 592 855 621 ι
885 570 1194 629 Introducit
1244 576 1520 633 hominem
1573 591 1699 635 ante
1727 582 1956 652 gratiam
1988 585 2058 638 ab
2096 583 2263 639 animi
2292 598 2413 651 per-

830 662 1246 719 turbationibus
1268 667 1584 722 obsessum':
1612 672 1888 726 carnalem
1913 674 2059 728 enim
2084 682 2242 728 vocat
2263 690 2411 737 eum,

831 754 925 821 qui
982 755 1225 808 nondum
1270 758 1615 826 spiritualem
1668 763 1897 832 gratiam
1940 773 2023 818 est
2050 775 2353 820 assecutus.
2389 784 2406 814 ι

831 844 900 899 Iit
948 856 1137 914 postea
1174 848 1193 876 ⁸
1230 866 1242 900 :
1284 868 1298 897 ι
1336 849 1459 904 Ilaec
1500 852 1685 905 omnia
1739 868 1864 906 cum
1897 853 2246 908 disseruisset
2274 856 2415 923 Apo-

832 937 1026 1000 stolus,
1077 948 1136 990 ut
1185 940 1521 1005 ostenderet,
1550 944 1742 1010 quales
1784 944 2055 1001 fuerimus
2108 955 2233 1000 ante
2288 962 2412 1016 gra-

834 1028 988 1089 tiam,
1047 1039 1105 1084 et
1155 1033 1347 1099 quales
1391 1043 1514 1103 post
1555 1038 1787 1106 gratiam
1838 1036 1968 1093 facti
2014 1039 2222 1103 simus,
2262 1040 2416 1093 velut

831 1132 1089 1190 suscepta
1120 1139 1350 1191 persona
1387 1141 1604 1191 eorum,
1654 1130 1748 1197 qui
1796 1137 1925 1184 ante
1953 1131 2183 1200 gratiam
2221 1146 2251 1185 a
2282 1146 2415 1200 pec-

832 1220 958 1265 cato
1004 1213 1215 1267 obsessi
1256 1216 1502 1282 fuerunt,
1552 1230 1808 1288 tauquam
1855 1236 1885 1274 a
1927 1222 2123 1276 mediis
2166 1222 2417 1276 hostibus

832 1301 1227 1366 circumdatus,
1269 1314 1323 1358 et
1361 1307 1415 1360 in
1446 1309 1771 1363 servitutem
1797 1311 2090 1373 abductus,
2127 1318 2183 1365 et
2205 1310 2415 1365 servire

831 1401 1077 1455 coactus,
1110 1402 1166 1448 et
1193 1396 1402 1448 nullum
1435 1398 1658 1453 aliunde
1696 1400 1890 1455 videns
1913 1403 2201 1464 auxilium.
2235 1402 2417 1471 gravi-

833 1491 920 1536 ter
949 1485 1117 1553 gemit
1147 1502 1209 1541 ac
1246 1488 1601 1555 lamentatur,
1644 1494 1997 1563 ostenditque
2042 1496 2217 1566 legent
2254 1511 2414 1564 opem

830 1571 977 1626 ferre
1007 1589 1116 1628 non
1148 1591 1328 1643 posse,
1358 1588 1414 1632 et
1441 1580 1607 1634 dicit:
1638 1582 1834 1652 Infelix
1863 1602 1955 1653 ego
1981 1586 2156 1644 homo,
2188 1586 2303 1655 quis
2334 1601 2416 1638 me

833 1659 1071 1715 liberabit
1104 1664 1166 1717 de
1194 1682 1409 1735 corpore
1450 1673 1632 1724 mortis
1666 1672 1871 1741 hujus?
1918 1674 2132 1729 Gratias
2165 1692 2264 1746 ago
2307 1675 2416 1730 Deo

832 1766 947 1804 meo
972 1769 1066 1821 per
1092 1754 1272 1809 Iesum
1305 1757 1569 1813 Christum
1604 1761 1890 1817 Dominum
1923 1775 2184 1820 nostrum.
2226 1766 2417 1823 Mortis

2517 581 2573 634 in
2599 580 2750 635 Actis
2779 582 2999 636 concilii
3022 581 3347 647 Florentini,
3380 593 3495 639 tum
3528 585 3634 641 alia
3662 586 4105 655 quaelibet.Alla-

2517 673 2627 727 tius
2653 684 2867 727 veteres
2909 672 3140 742 perinde
3181 673 3599 745 interpretatur,
3646 690 3710 731 ac
3735 666 3798 731 ἐἰ
3831 675 3899 731 de
3947 691 4104 747 qna-

2517 764 2695 819 stione
2725 764 2991 818 hodierna
3009 765 3334 819 sententiam
3361 765 3661 821 dixissent:
3696 765 3924 821 credere
3952 766 4103 821 enim

2515 856 2756 921 videtur,
2792 873 2888 911 eos
2910 857 3003 926 qui
3058 857 3125 911 de
3169 857 3489 927 purgatorio
3528 857 3652 929 igne
3691 858 3822 912 olim
3853 857 4105 927 disputa-

2515 946 2668 1011 bant,
2699 962 2939 1016 eumque
2963 962 3085 1001 esse
3109 948 3400 1018 negabant,
3426 957 3620 1003 contra
3644 948 3809 1004 ﬁdem
3841 948 4104 1005 Ecclesiae

2515 1036 2726 1093 Latina:
2763 1054 3065 1109 pugnasse;
3100 1039 3195 1109 qui
3226 1056 3358 1095 vero
3392 1041 3731 1105 asserebant,
3767 1056 3868 1111 pro
3905 1042 4105 1096 catho-

2517 1131 2622 1185 lica
2648 1130 2754 1184 fide
2779 1131 3009 1196 fecisse;
3038 1132 3184 1200 quod
3209 1140 3527 1200 utrumque,
3570 1147 3689 1185 mea
3717 1132 3943 1202 quidem
3974 1147 4102 1186 sen-

2518 1220 2711 1285 tentia,
2741 1231 2837 1276 aut
2862 1222 3011 1277 nulla
3042 1238 3109 1277 ex
3135 1230 3289 1293 parte
3326 1237 3515 1277 verum
3556 1232 3662 1287 est,
3692 1232 3790 1278 aut
3830 1240 3940 1279 non
3973 1225 4103 1278 nni-

2518 1328 2695 1369 verse.

2592 1405 2649 1460 Id
2683 1420 2816 1459 vero
2853 1413 2915 1458 ut
2949 1410 3173 1473 planum
3221 1406 3330 1469 flat,
3378 1407 3852 1474 praetermittenda
3881 1416 3967 1461 est
3997 1406 4106 1463 hoc

2519 1494 2576 1547 in
2628 1495 2751 1549 loco
2807 1492 3130 1563 disputatio,
3168 1494 3367 1563 partim
3417 1495 3487 1549 de
3532 1495 3808 1551 inerudita
3836 1496 4103 1566 opinione

2518 1584 2903 1638 haereticorum
2968 1594 3168 1638 nostrae
3208 1585 3403 1649 aetatis,
3449 1586 3880 1642 existimantium
3920 1587 4105 1642 nullas

2519 1672 2723 1727 divinae
2764 1673 2993 1743 justitia:
3024 1684 3148 1742 post
3178 1676 3346 1728 vitam
3383 1676 3668 1730 mortalem
3708 1677 3873 1747 pendi
3908 1693 4105 1747 pinnas

2519 1762 2589 1816 ab
2635 1763 2763 1817 ullis
2804 1762 3061 1819 ﬁdelibus
3089 1764 3145 1817 in
3179 1764 3413 1819 Domino
3448 1766 3758 1834 defunctis;
3798 1769 4003 1838 partim
4034 1768 4104 1823 de

832 1852 1035 1909 corpus
1062 1854 1242 1903 vocat.
1286 1857 1344 1900 ut
1366 1848 1669 1905 obnoxium
1712 1854 1877 1907 morti
1908 1853 2134 1919 factum,
2171 1856 2275 1911 hoc
2304 1866 2410 1922 est,
2450 1833 2489 1886 Β
2522 1853 2795 1908 catholica
2839 1854 3098 1909 Ecclesia:
3140 1854 3393 1910 doctrina
3438 1858 3584 1912 circa
3640 1867 3860 1913 sanctos
3900 1860 4105 1914 eximie

834 1935 1109 1989 mortale:
1154 1939 1333 1992 anima
1374 1941 1522 1995 enim
1582 1943 1931 1999 immortalis.
1987 1946 2169 2010 Solus,
2209 1949 2409 2017 inquit,

832 2023 1098 2081 Dominus
1129 2039 1317 2085 noster
1355 2032 1514 2087 Jesus
1550 2034 1805 2090 Christus
1841 2052 1943 2090 nos
1976 2054 2008 2092 a
2046 2040 2197 2108 gravi
2237 2040 2413 2095 domi-

831 2125 963 2170 natu
989 2118 1267 2185 liberavit,
1317 2133 1494 2177 morte
1522 2125 1742 2191 quidem
1794 2127 2097 2197 proﬂigata,
2125 2130 2286 2183 nobis
2309 2147 2410 2184 au-

831 2218 942 2263 tem
993 2209 1401 2267 immortalitate
1457 2216 1745 2283 promissa,
1778 2227 1835 2272 et
1885 2219 2292 2275 vitailaborum
2347 2239 2411 2278 ac

828 2301 1228 2367 molestiarum,
1285 2306 1525 2375 bellique
1583 2324 1647 2363 ac
1697 2311 1905 2378 peccati
1954 2324 2197 2381 experte.
2230 2314 2410 2384 Atque

830 2390 1028 2445 horum
1054 2394 1277 2462 quidem
1308 2396 1364 2450 in
1388 2398 1499 2451 vita
1534 2398 1719 2453 futura
1745 2398 1985 2454 fructum
2019 2403 2405 2472 percipiemus;

828 2480 886 2535 In
912 2486 1167 2551 praesenti
1196 2497 1377 2541 autem
1403 2490 1576 2543 sancti
1602 2490 1842 2559 Spiritus
1875 2493 2104 2563 gratiam
2140 2495 2411 2564 recipien-

828 2578 933 2635 tes,
959 2587 1069 2627 non
1100 2574 1202 2629 soli
1232 2577 1498 2633 adversus
1526 2582 1693 2634 animi
1722 2586 2167 2651 perturbationes
2202 2587 2255 2640 in
2291 2589 2409 2643 acie

740 2686 743 2688 -
829 2670 1061 2727 stamus,
1093 2665 1189 2720 sed
1222 2682 1342 2721 eam
1379 2669 1788 2739 epitulatricem
1826 2674 2112 2739 habentes,
2149 2677 2248 2732 has
2284 2679 2409 2732 viu-

827 2767 961 2812 cere
984 2770 1293 2823 possumus.
1333 2778 1352 2810 ›

896 2843 1034 2900 VIII.
1068 2846 1175 2901 Sed
1206 2864 1387 2919 neque
1437 2850 1544 2906 hoc
1586 2854 1961 2910 testimonium
2011 2874 2127 2912 rem
2156 2859 2363 2914 evincit
2391 2878 2405 2914 :

825 2934 1098 3006 siquidem
1148 2940 1453 3010 intelligere
1489 2944 1706 2999 videtur
1750 2948 2131 3004 Theodoretns
2164 2952 2408 3021 Apostoli

826 3027 996 3082 verba
1019 3028 1087 3084 de
1108 3032 1283 3099 gratia
1321 3048 1444 3101 quae
1471 3035 1756 3091 confertur
1784 3040 1838 3092 in
1866 3042 2158 3110 baptismo,
2190 3060 2407 3114 quaque

822 3117 1124 3174 Christiani
1173 3121 1309 3177 fiunt
1352 3126 1410 3191 5;
1453 3142 1565 3181 non
1598 3138 1779 3182 autem
1828 3131 1895 3185 de
1946 3148 2043 3192 ea,
2076 3149 2197 3202 quae
2243 3135 2405 3189 datur

825 3209 894 3263 ad
926 3210 1172 3280 singulos
1195 3224 1370 3279 actus,
1402 3228 1457 3272 et
1502 3235 1609 3288 qua
1632 3220 1947 3277 Christiane
1976 3225 2197 3280 vivitur.
2237 3227 2401 3298 Atqui

824 3302 1054 3385 gratiam
1091 3304 1349 3373 baptismi
1380 3325 1487 3364 non
1530 3313 1729 3383 refugit
1774 3315 1933 3368 fateri
1974 3317 2243 3385 Pelagius,
2294 3320 2405 3375 imo

822 3381 1082 3461 espresse
1105 3397 1350 3453 admittit
1375 3400 1428 3453 in
1457 3401 1884 3460 Commentariis
1925 3408 1991 3459 ad
2033 3408 2181 3463 hunc
2223 3410 2403 3479 ipsum

823 3480 1004 3536 locum
1035 3484 1280 3553 Apostoli
1311 3506 1324 3542 :
1360 3491 1521 3546 docet
1558 3494 1726 3557 enim,
1777 3515 1795 3546 ε
1848 3512 2009 3565 quem
2048 3499 2134 3553 lex
2161 3516 2268 3553 non
2303 3518 2404 3570 po-

824 3574 933 3625 tuit
962 3574 1223 3641 liberare,
1250 3583 1424 3649 gratia
1453 3584 1548 3637 Dei
1573 3585 1867 3641 liberatum
1898 3604 2018 3643 esse
2044 3607 2059 3655 ;
2090 3606 2200 3645 non
2224 3593 2402 3646 solum

825 3660 986 3714 nobis
1002 3663 1172 3718 Deum
1208 3683 1307 3737 per
1330 3670 1448 3723 Filii
1483 3673 1567 3725 sui
1604 3684 1832 3728 mortem
1864 3689 2087 3745 peccata
2105 3679 2401 3747 dimisisse,

824 3752 920 3807 sed
944 3764 999 3808 et
1022 3755 1289 3825 Spiritum
1330 3773 1579 3817 sanctum
1612 3767 1775 3821 nobis
1807 3769 2047 3833 dedisse,
2084 3791 2100 3823 ι
2141 3782 2247 3828 etc.

895 3842 988 3897 IX.
1022 3847 1225 3901 Verum
1261 3852 1313 3904 id
1346 3868 1538 3908 rursus
1572 3871 1758 3910 assero
1787 3860 1933 3927 quod
1958 3870 2138 3925 antea,
2168 3865 2403 3935 benigna

824 3933 1039 3989 scilicet
1065 3936 1520 4009 interpretatione
1550 3944 1973 4002 ‘Theodoretum
2019 3967 2178 4020 posse
2202 3933 2402 4010 adduci

822 4024 893 4079 ad
941 4028 1102 4081 tidem
1148 4029 1403 4087 Ecclesiae
1446 4036 1619 4088 instar
1666 4036 1901 4091 aliorum
1940 4038 2259 4097 Graecorum
2294 4045 2401 4100 Pa-

829 4128 998 4177 trum,
1022 4118 1385 4191 inprimisque
1408 4124 1785 4195 Chrysostomi
1814 4147 1827 4182 :
1856 4130 1924 4185 de
1960 4148 2194 4201 quorum
2219 4146 2402 4193 mente

824 4205 881 4260 in
920 4222 1085 4261 causa
1114 4206 1310 4279 gratia:
1339 4214 1808 4270 ediditcruditum
1838 4235 1976 4290 opus
2003 4223 2403 4282 illustrissimus

828 4295 1104 4354 Ilabertus
1127 4299 1492 4357 Vabrensium
1515 4308 1830 4378 cpiscopus.

1280 4436 1448 4508 493
1474 4440 1697 4497 CAPUT
1743 4444 1830 4499 vr.

1300 4549 1376 4601 De
1410 4552 1529 4620 igne
1576 4560 1911 4624 purgatorio.

890 4659 1129 4725 Quaestio
1161 4662 1229 4716 de
1268 4662 1391 4731 igne
1424 4668 1774 4733 purgatorio,
1811 4684 1936 4723 cum
1973 4688 2070 4741 per
2098 4690 2156 4729 se
2192 4677 2402 4747 simpli-

817 4751 960 4804 citer
1003 4762 1290 4821 tractatur.
1340 4757 1616 4826 implicata
1668 4762 1892 4829 quidem
1938 4774 2069 4819 est:
2113 4770 2208 4823 sed
2237 4770 2397 4840 longe

822 4841 1152 4909 implicatior
1201 4848 1403 4911 evadit,
1453 4866 1578 4905 cum
1630 4853 1809 4921 agitur
1839 4854 1907 4908 de
1937 4870 2121 4912 mente
2153 4869 2397 4917 veterum

818 4931 1064 4995 Patrum,
1090 4944 1252 5004 atque
1279 4939 1443 4993 etiam
1486 4942 1554 4996 de
1594 4944 1847 5000 doctrina
1890 4947 2147 5005 Ecclesiae
2172 4950 2394 5008 Graecae.

820 5022 1071 5077 Fuerunt
1105 5027 1274 5089 enim,
1294 5030 1388 5097 qui
1412 5032 1793 5100 opinarentur,
1826 5038 2127 5094 Ecclesiam
2153 5040 2395 5096 Graecam

815 5200 989 5263 ditur,
1016 5211 1111 5255 aut
1156 5220 1402 5275 negasse,
1456 5220 1551 5264 aut
1597 5229 1706 5267 non
1755 5220 2064 5285 agnovisse.
2112 5220 2253 5276 Sunt
2305 5224 2399 5293 qui

814 5293 1237 5349 consensionem
1264 5299 1554 5370 utriusque
1581 5304 1839 5362 Ecclesia:
1871 5321 2195 5381 perpetuam
2230 5316 2397 5370 exsti-

819 5385 950 5437 tisse
1003 5384 1288 5442 aflirment.
1340 5390 1485 5446 Inter
1533 5395 1655 5451 illos
1704 5402 1909 5455 eminet
1947 5404 2216 5472 Dallmus;
2258 5409 2403 5462 inter

2515 1944 2716 2013 justos,
2763 1946 2857 2013 qui
2907 1945 2975 2000 ad
3023 1946 3421 2001 beatitudinem
3460 1961 3739 2003 momento
3789 1958 4104 2009 transeunt.

2520 2034 2705 2105 Longe
2748 2036 2895 2089 enim
2947 2036 3053 2089 alia
3098 2054 3247 2092 nunc
3294 2040 3525 2109 qumstio
3580 2051 3876 2095 versatur:
3916 2058 4107 2097 remr-

2519 2127 2761 2182 dandum
2802 2129 2951 2183 enim
3004 2128 3326 2185 defensores
3361 2132 3501 2202 ignis
3531 2134 3851 2202 purgatorii,
3880 2136 3975 2203 qui
4018 2137 4104 2189 vi-

2520 2229 2723 2273 xerunt
2753 2220 2947 2289 primis
2969 2222 3338 2290 temporibus,
3372 2225 3594 2293 quando
3644 2226 3891 2281 fervebat
3911 2226 4103 2299 Orige-

2517 2312 2679 2365 niana
2708 2312 3011 2376 contentio,
3047 2312 3101 2365 in
3130 2323 3239 2369 tres
3262 2317 3564 2370 sententias
3586 2317 3925 2383 discessisse,
3960 2336 4105 2391 qua-

2521 2419 2639 2457 rum
2668 2403 2827 2458 unica
2867 2403 2969 2458 fuit
3008 2404 3297 2461 catholica.

2587 2495 2771 2549 Prima
2810 2507 2961 2559 erat,
3001 2512 3197 2551 omnes
3244 2500 3472 2556 omnino
3519 2501 3635 2556 sive
3674 2502 3932 2570 spiritus,
3982 2506 4101 2560 sive

2518 2586 2789 2649 homines,
2834 2589 3275 2658 quantiscunque
3316 2592 3621 2646 sceleribus
3673 2594 3947 2662 pollutos,
3998 2596 4099 2649 ali-

2516 2678 2737 2748 quando
2778 2680 2899 2749 igne
2930 2683 3335 2752 expurgandos,
3386 2699 3489 2738 nec
3529 2684 3669 2739 ullas
3712 2685 3898 2744 ullius.
3930 2694 4117 2747 etiam~

2517 2770 2803 2835 damonis,
2832 2787 3022 2841 poenas
3048 2783 3319 2829 aeternum
3349 2775 3668 2830 duraturas.
3700 2776 3907 2840 Altera,
3955 2778 4102 2832 solas

2518 2861 2819 2919 inﬁdelium
2865 2880 3056 2935 ptenas
3102 2877 3339 2922 aeternas
3392 2867 3538 2933 fore;
3590 2866 3783 2923 ﬁdeles
3806 2883 3962 2926 vero.
3997 2871 4101 2921 eui

2516 2955 2718 3009 obeant
2765 2973 3225 3028 quorumennque
3286 2961 3554 3015 scelerum
3605 2960 3725 3023 rei,
3781 2962 4101 3031 purgandos

2516 3047 2669 3110 olim,
2702 3055 2757 3100 et
2779 3048 2959 3103 salvos
2995 3065 3093 3118 per
3122 3050 3302 3119 ignem
3334 3050 3568 3105 futuros.
3613 3051 3817 3112 Tertia,
3849 3051 4098 3106 solorum

2511 3136 2809 3205 justorum,
2860 3136 2913 3189 id
2954 3144 3061 3200 est,
3102 3138 3194 3205 qui
3237 3137 3292 3191 in
3321 3136 3588 3191 charitate
3619 3137 3955 3200 moriuntur,
4005 3146 4099 3190 aut

2507 3234 2732 3296 peccata
2759 3227 2877 3296 ipsa
2902 3228 3161 3291 venialia,
3194 3237 3288 3281 aut
3319 3228 3566 3282 debitum
3596 3242 3792 3297 preme,
3824 3242 3927 3297 pro
3974 3228 4101 3283 aliis

2510 3318 2755 3385 peccatis
2787 3318 3035 3373 nondum
3080 3320 3366 3383 exsoluta,
3396 3320 3518 3387 igne
3550 3320 3792 3389 purgari.

2584 3410 2821 3464 Primam
2864 3419 3088 3465 secutus
3128 3421 3212 3466 est
3256 3412 3543 3482 Origenes.
3595 3427 3798 3465 vesana
3855 3412 4098 3480 quadam

2509 3502 2890 3556 misericordia
2920 3501 3137 3565 illusus,
3159 3513 3221 3557 ut
3253 3504 3526 3566 crederet,
3551 3504 3754 3557 nullam
3783 3511 4095 3557 creaturam

2508 3596 2832 3650 rationalem
2873 3604 3143 3649 aeternum
3179 3596 3480 3665 perituram
3503 3637 3518 3657 ,
3568 3596 3663 3650 sed
3714 3596 3963 3656 singulas
4000 3612 4099 3665 per

2508 3686 2946 3741 innumerabiles
2970 3686 3259 3750 circuitus,
3294 3701 3663 3754 ascensusque
3700 3695 3756 3739 et
3793 3685 4099 3740 descensus

2506 3778 2698 3832 tandiu
2727 3779 3083 3841 exercendas,
3105 3777 3284 3832 donec
3312 3793 3505 3831 omnes
3529 3793 3596 3831 eo
3620 3777 3883 3846 puritatis
3910 3776 4095 3830 redie-

2506 3866 2639 3930 rint,
2666 3866 2720 3920 in
2752 3882 2863 3936 quo
2892 3876 3072 3929 erant,
3121 3882 3248 3921 cum
3297 3883 3326 3920 a
3364 3867 3475 3919 Deo
3515 3873 3941 3934 processerunt;
3986 3880 4097 3934 quo

2507 3966 2754 4025 tempore
2798 3956 2963 4027 499
2991 3964 3115 4026 post
3141 3965 3304 4010 exuta
3336 3956 3597 4011 omnibus
3642 3955 3927 4009 mentibus
3966 3970 4094 4009 cor-

2506 4062 2663 4117 pora,
2722 4047 2972 4101 futurum
3019 4046 3239 4102 dicebat
3282 4046 3377 4100 Dei
3426 4061 3679 4113 regnum,
3721 4055 4096 4113 aeternamque

2505 4139 2685 4193 lucem
2718 4154 2783 4192 ac
2808 4138 3210 4192 beatitudinem
3245 4135 3733 4197 interminabilem,
3776 4134 3947 4189 rebus
3972 4150 4094 4189 om-

2504 4231 2671 4286 nibus
2694 4230 3096 4300 corporalibus,
3141 4230 3384 4299 ipsisque
3416 4227 3555 4282 adeo
3590 4226 3805 4289 inferis,
3847 4227 3969 4281 sive
4014 4242 4098 4281 er-

2504 4324 2735 4393 gastulis
2767 4339 3011 4385 reorum,
3053 4322 3368 4377 destructis.

2574 4412 2632 4465 In
2659 4412 2831 4465 altera
2856 4412 3080 4466 fuerunt
3111 4413 3315 4481 plures,
3350 4413 3445 4481 qui
3478 4419 3678 4480 quarto
3700 4410 3902 4463 smeulo
3932 4409 4099 4479 quin-

2504 4502 2655 4571 tique
2685 4502 2842 4556 initio
2876 4504 3150 4557 vixerunt.
3182 4504 3287 4566 Illi,
3319 4513 3379 4557 ut
3433 4504 3603 4558 refert
3652 4504 4004 4573 Augustinus
4049 4503 4091 4565 ⁸,

2508 4602 2716 4647 tantam
2769 4595 2877 4646 vim
2927 4595 3110 4649 inesse
3158 4594 3284 4648 fidei
3332 4611 3460 4648 vere
3497 4595 3820 4656 credebant,
3852 4612 3871 4644 ι
3909 4604 3975 4648 ut
4006 4595 4098 4648 ba-

2509 4684 2962 4752 ptismotinetus,
3008 4700 3070 4739 ea
3097 4692 3343 4749 retenta,
3402 4686 3522 4739 sine
3576 4701 3682 4754 qua
3736 4684 3790 4738 in
3821 4693 4095 4739 aeternum

2506 4775 2735 4843 periret,
2770 4775 2824 4828 in
2855 4775 3103 4844 quolibet
3142 4782 3160 4797 ‘
3209 4777 3417 4831 scelere
3459 4777 3917 4845 immunditiaque
3968 4794 4095 4846 per-

2506 4866 2787 4929 manserit,
2846 4869 3028 4920 salvus
3074 4867 3292 4921 futurus
3323 4868 3393 4921 sit
3447 4879 3705 4936 tanquam
3755 4883 3851 4936 per
3885 4868 4093 4935 ignem,

2506 4956 2657 5011 velut
2689 4957 2783 5025 qui
2806 4957 3165 5012 aedificaverit
3227 4948 3394 5027 super
3449 4958 3892 5019 fundamentum,
3944 4958 4094 5026 quod

2504 5061 2590 5107 est
2611 5052 2885 5116 Christus,
2918 5069 3028 5107 non
3056 5069 3274 5115 aurum,
3299 5064 3610 5121 argentum,
3642 5050 3853 5119 lapides
3888 5052 4097 5118 pretio—

2505 5157 2616 5203 sos,
2651 5141 2746 5195 sed
2778 5142 2947 5211 ligna,
2982 5142 3194 5204 fenum,
3238 5142 3517 5212 stipulam,
3546 5141 3600 5194 id
3630 5149 3734 5203 est,
3772 5156 3884 5195 non
3909 5142 4094 5209 justos

2505 5239 2795 5299 castosque
2839 5247 3041 5295 mores,
3094 5232 3190 5286 sed
3236 5233 3457 5301 iniquos
3480 5241 3535 5285 et
3572 5231 3885 5301 impudicos
3912 5250 3926 5261 -
3966 5247 4089 5285 cum

2505 5322 2655 5375 enim
2685 5321 2888 5375 vellent
2918 5322 3001 5376 eis
3037 5320 3347 5391 suﬂragari,
3384 5321 3450 5374 ad
3481 5320 3861 5390 accipiendum
3909 5320 4091 5390 baptio

2508 5426 2710 5473 smum,
2752 5426 2890 5480 quos
2933 5412 3193 5466 adulterii
3243 5412 3443 5481 laqueo
3484 5412 3557 5464 ita
3598 5420 3787 5481 captos
3815 5411 4090 5476 viderent,

2171 5560 2485 5616 SCIIULZII
2514 5562 2741 5618 ΝΟΤᾹΞ.

922 5639 942 5668 ³
972 5641 1113 5695 Ibid.
1179 5660 1229 5711 p.
1260 5643 1326 5719 ῖξί
1351 5659 1431 5712 sq.
1510 5644 1533 5673 ⁸
1566 5644 1699 5719 ibid.
1742 5664 1794 5719 p.
1830 5650 1915 5704 79.

1995 5653 2014 5683 '
2051 5652 2209 5728 ﬁunt.
2256 5654 2366 5728 lmo
2389 5656 2578 5720 etiam,
2612 5658 2903 5713 utexloco
2962 5657 3305 5728 prmcedente
3356 5665 3604 5727 apparet,
3644 5657 4091 5728 adjuvantngut

817 5712 1343 5797 ﬂl‘pectareqmssint
1392 5712 1756 5773 tentationes:
1792 5720 2022 5777 Videtur
2049 5712 2229 5791 itaque
2261 5712 2577 5781 Garnerius'
2611 5728 2665 5780 in
2708 5712 2983 5797 culpandi;
3037 5712 3403 5783 Theodoreto'
3429 5712 3644 5782 'nimius
3689 5712 3831 5782 esse.
3912 5730 3932 5757 ‘
3968 5712 4088 5782 Lib.

820 5774 901 5828 Dc
925 5779 1031 5843 [ide
1063 5791 1108 5832 cl
1136 5774 1409 5850 operibus,
1444 5799 1553 5851 cap.
1589 5801 1625 5837 l.
