4224 6442
164 424 264 488 H5

1383 427 1479 485 DE
1517 423 1690 483 FIDE
1725 418 2232 479 THEOL‘OliETl.

3328 418 3431 482 116

166 548 245 601 ιιι,
267 538 315 592 si
354 551 471 590 non
509 536 941 590 admitterentur
970 536 1037 589 ad
1085 537 1443 607 baptismum,
1496 538 1614 591 sine
1646 535 1754 588 ullo
1786 538 1825 593 Α
1860 532 2102 600 procula
2143 530 2445 599 quaistiune
2492 528 2742 597 praesenti
2774 527 2931 581 abest
2965 545 2977 580 :
3020 543 3331 597 quanquam
3364 545 3432 584 ne

163 638 516 683 sacramento
557 628 785 680 mallent
826 628 1028 689 vivere,
1060 630 1141 682 vel
1185 629 1352 683 etiam
1389 630 1551 690 mori,
1588 643 1749 696 quam

165 720 390 788 dirupto
420 719 685 773 adulterii
710 720 933 773 vinculo
964 720 1207 784 liberari,
1241 720 1479 775 humana
1516 720 1749 788 quadam

165 810 525 862 miseratione
550 810 813 862 commoti
854 819 982 862 sunt
1010 808 1077 863 ad
1100 825 1294 864 eorum
1320 812 1539 863 causam
1565 810 1643 862 sic
1665 824 1753 861 ac-

163 900 505 968 cipiendam,
528 908 591 953 ut
617 915 812 954 omnes
838 915 961 955 cum
999 902 1081 955 eis
1120 901 1457 955 facinorosos
1503 909 1558 954 et
1600 898 1750 967 flagi-

165 993 358 1055 tiosos,
398 992 571 1045 etiam
602 992 756 1046 nulla
810 991 1183 1060 prohibitione
1233 999 1552 1061 correptos,
1600 990 1751 1043 nulla

164 1084 539 1138 instructione
573 1091 875 1147 correctos,
919 1082 1070 1137 nulla
1118 1083 1440 1154 ptenitentia
1489 1089 1749 1143 mutatos,

164 1173 547 1228 admittendos
571 1188 691 1229 esse
725 1182 1058 1237 censerent,
1093 1174 1470 1228 existimantes
1493 1188 1608 1237 eos,
1645 1171 1752 1226 nisi

164 1265 342 1329 ﬁeret,
364 1265 421 1319 in
452 1276 723 1320 aeternum
750 1266 1060 1335 perituros;
1097 1264 1141 1318 si
1179 1275 1360 1319 autem
1394 1262 1752 1323 tleret.etiam

164 1358 217 1410 in
252 1358 366 1411 illis
400 1357 564 1412 malis
607 1364 1049 1426 perseverantes,
1081 1356 1258 1409 salvos
1291 1371 1389 1425 per
1436 1356 1615 1425 ignem
1650 1354 1749 1407 'fu-

164 1456 341 1500 turos.
380 1465 399 1496 ι

229 1538 477 1602 Quinam
506 1536 585 1590 illi
613 1536 840 1601 fuerint,
873 1538 1190 1606 aperuimus
1218 1536 1271 1589 in
1310 1536 1464 1591 Notis
1493 1536 1557 1591 ad
1589 1535 1749 1589 fidem

161 1627 349 1681 Ruﬁni
380 1629 679 1685 Palmstini.
714 1627 1169 1696 ostendimusque
1203 1629 1223 1659 ⁷
1251 1628 1750 1682 nominatissimum

160 1734 357 1772 eorum
379 1716 550 1773 fuisse
564 1730 811 1773 sanctum
840 1719 1247 1786 Hieronymum,
1269 1735 1431 1787 quem
1465 1724 1631 1773 tacito
1655 1734 1752 1772 no-

160 1810 309 1866 mine
350 1810 699 1879 Augustinus
727 1807 929 1862 refellit
960 1808 1015 1861 in
1041 1808 1184 1861 libro
1224 1807 1302 1861 De
1338 1807 1443 1875 ﬁde
1485 1817 1533 1860 et
1582 1808 1753 1876 operi-

1858 623 1926 675 de
1952 623 2273 691 purgatione
2303 621 2521 689 quidem
2558 635 2821 674 noxarum
2860 619 3122 689 loquitur.
3164 620 3268 673 Sed
3305 636 3431 674 cum

1857 714 1924 766 de
1962 714 2185 767 ductore
2215 722 2271 767 et
2296 711 2641 765 auditoribus
2678 713 2813 781 legis
2834 711 3163 767 Christianas
3195 712 3279 779 agi
3318 720 3430 765 tra-

1856 804 1969 865 dat,
2009 804 2401 873 doctorenique
2429 812 2575 856 recta
2611 802 2830 869 quidem
2859 804 3057 857 docere
3084 802 3246 863 dicat,
3273 803 3431 855 audi-

1863 907 2007 950 tores
2047 912 2178 951 vero
2210 898 2345 950 alios
2390 896 2528 949 bene
2562 896 2638 947 uti
2672 894 2943 957 doctrina,
2974 895 3110 947 alios
3147 894 3323 955 abuti.
3363 892 3432 946 il~

1857 992 2049 1060 losque
2109 990 2377 1044 tedilieare
2417 1005 2633 1049 aurum.
2673 996 2957 1057 argentum
2984 996 3040 1039 et
3073 986 3279 1054 lapides
3306 1001 3432 1055 pro-

1853 1079 2061 1143 tiosos;
2093 1078 2230 1131 istos
2264 1077 2472 1146 lignum
2521 1086 2578 1131 et
2620 1076 2899 1144 stipulam,
2961 1073 3014 1128 id
3057 1083 3163 1135 est,
3211 1073 3332 1126 illos
3370 1088 3430 1127 se

1854 1167 2052 1237 dignos
2083 1173 2342 1236 prastare
2386 1164 2632 1233 praemio,
2680 1165 2813 1218 istos
2843 1178 3003 1233 pcena
3064 1161 3235 1232 ignis:
3272 1180 3288 1211 ι
3325 1162 3427 1215 Do-

1859 1270 2000 1323 ctor,
2034 1240 2233 1326 inquii,
2260 1256 2389 1310 dum
2416 1254 2437 1287 ⁸
2468 1255 2780 1310 auditorum
2806 1270 2930 1323 pars
2953 1256 3124 1311 instar
3142 1255 3293 1324 ligni,
3320 1253 3430 1309 feni

1854 1360 1909 1404 et
1943 1350 2157 1418 stipula:
2185 1348 2559 1412 comburetur,
2606 1362 2715 1401 non
2748 1347 2865 1401 luet
2897 1361 3105 1415 poenas,
3130 1345 3224 1401 sed
3255 1344 3429 1399 salute

1852 1440 2051 1509 dignus
2082 1439 2394 1501 habebitur,
2424 1447 2484 1492 ut
2515 1436 2610 1507 qui
2640 1447 2787 1491 recta
2810 1437 3081 1490 docuerit.
3112 1454 3128 1485 ι

1926 1530 2122 1583 Fateor
2151 1528 2425 1583 diilicilem
2482 1529 2671 1583 haberi
2724 1528 2905 1581 locum
2952 1526 3096 1580 libro
3139 1524 3432 1579 undecimo

1854 1619 1931 1672 De
1972 1621 2219 1673 mirandis
2267 1620 2568 1673 πτίττοι-ατη
2622 1619 2979 1687 affectionibus
3013 1618 3056 1681 ’,
3117 1616 3210 1669 ubi
3249 1616 3432 1669 Theo-

1854 1714 2080 1767 doretus
2121 1715 2340 1782 prannia
2390 1722 2594 1767 aeterna
2637 1711 2992 1767 credentibus
3020 1711 3284 1779 promissa
3309 1725 3431 1763 esse

1855 1803 2036 1867 docet,
2064 1802 2363 1857 incredulis
2390 1810 2592 1855 aaterna
2636 1802 2902 1871 supplicia
2944 1818 2957 1852 :
3004 1799 3248 1868 loquitur
3283 1799 3429 1851 enim

159 1900 273 1951 bu.
308 1866 497 1967 Hujus
530 1898 697 1952 etiam
748 1898 878 1951 libri
910 1897 1197 1951 historiam
1246 1866 1449 1950 ibidem
1489 1866 1748 1967 exposui-
1782 1866 1825 1921 Β
1854 1893 2085 1963 perinde
2118 1892 2273 1961 quasi
2314 1891 2414 1947 soli
2464 1866 2837 1945 incredulitati
2894 1866 3271 1958 posita'vellet
3309 1902 3432 1940 esse

158 2003 303 2041 nius.
360 1986 503 2040 Vide
554 1987 704 2040 hunc
750 1986 953 2047 locum,
1003 1987 1057 2040 in
1092 2001 1203 2055 quo
1242 1986 1524 2054 sequimur
1568 1988 1747 2056 magni

159 2078 375 2133 Petavii
417 2079 763 2147 opinionem,
809 2093 971 2146 quam
1024 2091 1203 2147 operte
1224 2078 1462 2147 pretium
1491 2088 1577 2131 est
1616 2080 1749 2147 ipsis

160 2174 299 2226 tanti
332 2172 443 2228 viri
486 2171 672 2225 verbis
713 2172 1015 2239 expositam
1053 2170 1233 2240 legere
1270 2181 1402 2224 tom.
1430 2169 1500 2223 111
1536 2169 1746 2223 Theolo-

158 2267 403 2333 gicorum
437 2266 773 2332 dogmatum,
805 2261 898 2319 lib.
928 2277 1007 2324 ιιι,
1037 2276 1156 2330 cap.
1203 2260 1258 2323 7,
1308 2258 1399 2317 ubi
1450 2268 1742 2313 enumerat

159 2355 396 2419 hujusce
460 2352 749 2411 sententiae
789 2359 845 2405 et
874 2358 1129 2404 auctores
1188 2359 1246 2403 et
1298 2363 1578 2418 sequaces,
1630 2360 1744 2403 tum

158 2446 404 2505 Graecos,
443 2451 562 2496 tum
596 2441 821 2496 Latinos
848 2442 986 2496 bene
1019 2441 1241 2496 multos.

228 2534 425 2587 Tertia
467 2533 741 2587 sententia
775 2541 859 2587 est
896 2532 1155 2587 Ecclesiae
1199 2530 1503 2596 catholicae,
1546 2532 1748 2586 docen-

161 2627 250 2685 tis,
285 2625 615 2694 purgatorio
639 2625 764 2693 igne
801 2624 1005 2693 expiari
1050 2622 1317 2677 duntaxat
1353 2638 1450 2677 eos
1496 2623 1589 2694 qui
1621 2626 1744 2693 puri

158 2718 413 2770 omnium
467 2717 787 2771 mortalium
835 2716 1123 2785 culparum
1192 2717 1538 2779 moriuntur,
1594 2726 1747 2772 ante-

158 2826 326 2879 quam
363 2811 596 2864 meritas
644 2824 835 2878 poenas
882 2808 1265 2878 pependerint.
1305 2810 1385 2864 An
1412 2817 1593 2864 autem
1619 2824 1746 2879 pec-

164 2909 281 2956 cata
307 2901 578 2962 venialia,
620 2902 666 2954 si
700 2916 823 2969 qua:
856 2900 1245 2961 remanserint,
1284 2901 1338 2954 in
1364 2916 1592 2955 excessu
1632 2901 1744 2955 ani-

160 3009 283 3053 nne,
341 3000 442 3045 aut
493 3000 743 3059 tempore
782 2992 968 3059 aliquo
996 2993 1204 3047 exitum
1243 3001 1618 3060 consequente
1648 2992 1747 3047 de-

159 3084 385 3134 leantur
406 3122 420 3141 ,
455 3088 514 3133 et
547 3078 844 3148 quomodo,
885 3093 997 3133 non
1035 3088 1120 3134 est
1156 3080 1351 3151 dogma
1377 3081 1706 3137 catholicum
1730 3122 1744 3145 ,

157 3174 253 3227 sed
290 3173 530 3241 quaestio
562 3172 960 3241 theologorum.

229 3262 535 3328 Quaeritur,
572 3262 660 3316 cui
702 3262 988 3317 sententia:
1015 3263 1393 3319 Tlieodoretus
1431 3266 1743 3321 accesserit.

156 3354 387 3407 Certum
418 3367 575 3415 vero,
604 3354 797 3421 procul
824 3355 1120 3409 recessisse
1161 3355 1231 3409 ab
1258 3355 1493 3425 Origene
1519 3373 1532 3408 :
1568 3358 1751 3425 sequi-

159 3456 249 3498 tur
299 3445 455 3498 enim
495 3454 551 3496 et
609 3442 1086 3514 Chrysostomum,
1121 3455 1177 3500 et
1220 3456 1517 3516 utrumque
1540 3447 1747 3519 Grego-

158 3538 325 3601 rium,
386 3536 698 3605 Nyssenum
734 3535 897 3605 500
927 3535 1053 3589 dico
1090 3546 1146 3591 et
1194 3539 1619 3601 Nazianzenum,
1652 3540 1746 3608 qui

155 3627 419 3697 Origenis
443 3627 813 3681 universalem
866 3628 1271 3684 restitutionem
1324 3630 1607 3694 damnant,
1641 3646 1746 3699 qua

154 3728 316 3789 parte
346 3719 545 3772 saltem
573 3718 847 3772 daemonas
875 3718 1091 3772 attinet.
1126 3718 1333 3773 Deinde
1357 3721 1411 3772 in
1434 3720 1747 3789 Reprehen-

156 3813 315 3865 sione
360 3810 811 3864 anathematismi
867 3827 923 3864 ιιι
980 3812 1158 3881 rejicit
1190 3813 1512 3880 Apollinarii
1543 3812 1745 3865 ἀνακύ-

156 3901 377 3967 κληςιν,
423 3914 549 3966 qua:
584 3914 831 3967 magnam
867 3898 1033 3952 habet
1087 3914 1212 3953 cum
1253 3900 1501 3969 Origenis
1549 3900 1747 3955 delirio

158 3991 572 4059 cognationem.
609 3990 761 4043 Adde
790 3990 935 4058 quod
966 3991 1036 4044 ab
1065 3989 1411 4061 Origenianis
1443 3992 1579 4061 ipsis
1618 3992 1747 4045 odio

156 4082 491 4145 haberetur,
524 4081 674 4135 velut
729 4081 844 4135 suis
890 4082 1257 4150 dogmatibus,
1291 4097 1524 4151 quorum
1556 4084 1747 4152 prteci-

156 4192 331 4246 puum
379 4184 437 4229 et
483 4176 639 4244 quasi
695 4174 1105 4229 fundamentale
1135 4184 1219 4229 est
1253 4177 1626 4229 commcntitia
1657 4178 1745 4231 illa

153 4269 465 4331 restitutio,
499 4267 859 4320 vehementer
882 4267 1211 4321 contrarius.

224 4360 339 4414 Sed
373 4369 565 4412 utrum
590 4359 914 4413 dissenserit
943 4361 1107 4414 etiam
1146 4361 1213 4412 ab
1246 4360 1388 4417 aliis.
1422 4361 1513 4429 qui
1542 4360 1746 4413 doctri-

150 4468 282 4504 nam
304 4451 569 4519 Origenis
602 4450 922 4503 mollierunt
944 4492 957 4513 ,
999 4467 1228 4519 eamque
1262 4461 1653 4505 contraxerunt
1677 4453 1744 4504 ad

1850 1992 2053 2037 aeterna
2110 1981 2401 2051 supplicia,
2447 1981 2596 2035 omni
2637 1980 2884 2035 credenti
2933 1989 3135 2033 aeterna
3169 1976 3428 2045 praemia;

1851 2090 1958 2129 non
1990 2083 2169 2128 tamen
2201 2073 2269 2126 ab
2308 2073 2583 2141 aliquibus
2610 2070 2967 2140 acquirenda,
3001 2071 3107 2123 nisi
3145 2076 3266 2137 post
3308 2069 3427 2121 ido-

1851 2181 2013 2219 neam
2047 2166 2116 2219 ab
2146 2166 2268 2234 igne
2299 2164 2679 2234 purgationem
2710 2163 2978 2217 scelerum
3015 2178 3026 2212 :
3066 2176 3187 2229 qua!
3223 2160 3344 2221 fuit,
3373 2167 3432 2213 ut

1850 2257 2056 2325 optime
2081 2264 2233 2310 notat
2260 2256 2533 2321 Petavius,
2560 2256 2797 2325 plurium
2827 2255 3049 2309 Patrum
3084 2252 3290 2322 opinio.
3324 2252 3430 2307 Ve-

1851 2365 1971 2403 rum
2005 2365 2129 2403 cum
2160 2349 2225 2402 ad
2273 2348 2493 2403 Graecos
2528 2363 2838 2401 sermonem
2870 2348 3105 2409 habeat,
3142 2346 3194 2400 id
3221 2355 3324 2408 est,
3361 2346 3427 2399 ad

1847 2439 2119 2502 intideles,
2147 2455 2285 2508 quos
2322 2439 2387 2491 ad
2427 2438 2587 2491 fidem
2621 2446 2798 2500 vocat,
2831 2439 2898 2492 de
2924 2436 3027 2491 fide
3056 2438 3227 2506 magis
3259 2451 3421 2505 quam

1849 2533 1917 2587 de
1962 2530 2226 2601 operibus
2273 2529 2490 2583 locutus
2541 2528 2648 2583 dici
2692 2536 2896 2598 potest,
2924 2528 3052 2598 quia
3107 2542 3205 2595 per
3263 2526 3426 2579 [idem

1846 2624 2066 2678 venitur
2104 2620 2169 2674 ad
2213 2634 2378 2689 opera
2419 2620 2644 2688 praemio
2678 2618 2844 2688 digna
2888 2635 2901 2671 :
2938 2619 3089 2671 locus
3120 2627 3299 2671 tamen
3338 2617 3431 2686 qui

1847 2713 2100 2785 sequenti
2153 2713 2331 2783 capite
2388 2712 2722 2777 adducetur,
2772 2712 2896 2781 plus
2941 2710 3203 2780 quiddam
3252 2710 3433 2779 reipsa

1848 2807 2047 2861 innuit.

1921 2898 2040 2952 Non
2095 2897 2312 2951 videtur
2367 2912 2498 2967 ergo
2569 2894 2953 2949 Tlieodoretus
3001 2894 3058 2948 in
3112 2894 3433 2947 alterutram

1849 2991 2188 3059 quaestionis,
2220 3007 2344 3060 quae
2372 3006 2521 3044 nunc
2554 2989 2623 3045 de
2653 2989 2973 3059 purgatorio
2999 2988 3198 3059 agitur,
3222 2995 3432 3057 partem

1849 3080 2063 3135 laudari
2102 3096 2261 3150 posse
2300 3098 2312 3133 :
2345 3096 2516 3150 quare
2545 3094 2650 3134 nec
2680 3079 3095 3150 impugnatores
3130 3079 3432 3149 purgatorii

1850 3188 1974 3227 eum
2004 3173 2201 3226 merito
2226 3188 2325 3242 pro
2350 3188 2408 3226 se
2438 3172 2739 3236 adducunt,
2778 3187 2879 3225 nec
2908 3172 3073 3225 etiam
3108 3170 3201 3240 qui
3244 3169 3435 3225 defen-

1852 3265 2010 3328 dunt,
2035 3264 2313 3334 quomodo
2352 3279 2499 3318 nunc
2540 3264 2915 3317 controversia
2940 3262 3094 3332 501
3122 3263 3386 3317 statuitur
3418 3281 3431 3315 :

1850 3357 2230 3425 purgatorium
2270 3357 2314 3387 ¹⁶
2342 3356 2490 3408 enim
2515 3354 2754 3423 aliquem
2788 3353 2966 3423 ignem
3002 3354 3240 3422 agnovit,
3268 3354 3434 3408 etiam

1853 3449 1945 3516 qui
1980 3449 2265 3517 culparum
2298 3446 2569 3503 maculam
2595 3447 2862 3508 ablueret,
2889 3444 2982 3499 sed
3010 3461 3117 3498 non
3135 3446 3228 3515 qui
3256 3447 3433 3500 solum

1854 3539 2099 3592 debitum
2130 3556 2305 3610 preme
2349 3548 2470 3609 post
2503 3538 2952 3609 justifieationem
2982 3538 3232 3591 relictum
3259 3539 3435 3593 exsol-

1850 3639 2023 3683 \‘Cl‘t‘l.

1920 3720 2023 3774 Sed
2050 3722 2369 3789 priusquam
2409 3723 2726 3791 imponatur
2773 3722 2917 3785 linis,
2950 3721 3275 3792 exponenda
3306 3730 3436 3775 sunt

1849 3814 1950 3867 tria
1990 3814 2310 3867 nonnullius
2362 3817 2646 3870 momenti.
2706 3814 2974 3877 Primum,
3010 3822 3281 3884 quantum
3327 3814 3434 3867 Pa-

1849 3910 1980 3962 tres,
2028 3915 2167 3968 quos
2191 3901 2452 3955 Petavius
2489 3902 2749 3970 appellat.
2793 3917 3043 3971 quosque
3081 3916 3182 3954 nos
3212 3898 3433 3954 addidi-

1847 4007 1989 4053 mus,
2032 3991 2289 4043 nimirum
2336 3992 2631 4061 Gregorius
2671 3991 3070 4051 Nazianzenus,
3126 3990 3430 4061 Nyssenus,

1846 4082 2191 4142 Ambrosius,
2240 4082 2637 4153 Hieronymus,
2688 4082 3103 4143 Theodoretus,
3157 4081 3420 4145 Orosius,

1846 4177 1862 4194 ‘
1889 4174 2091 4228 Marius
2115 4174 2401 4236 Mercator,
2426 4176 2494 4228 ab
2514 4174 2750 4243 Origene
2784 4174 3062 4228 recedant.
3089 4174 3427 4237 Secundum,

1846 4276 2109 4333 quantum
2135 4265 2337 4318 distent
2358 4266 2425 4318 ab
2450 4264 2723 4317 haereticis
2749 4273 3061 4317 nostrorum
3091 4272 3425 4332 temporum.

1848 4358 2213 4415 Postremum,
2238 4356 2440 4424 quibus
2467 4356 2771 4409 rationibus
2797 4355 3017 4425 impulsi
3046 4355 3099 4407 in
3122 4370 3275 4409 suam
3301 4370 3428 4409 scn-

1851 4450 2072 4501 tentiam
2108 4448 2383 4501 venerint.

154 4544 306 4597 solos
341 4542 621 4604 homines,
656 4557 862 4611 eosque
898 4542 1005 4596 fide
1033 4558 1162 4596 vera
1201 4542 1493 4611 praaditos,
1534 4542 1662 4595 licet
1692 4542 1746 4595 in
1782 4548 1823 4600 ι)
1925 4538 2076 4604 Quod
2110 4538 2176 4592 ad
2202 4539 2439 4607 primum
2472 4546 2681 4608 spectat
2718 4554 2731 4589 :
2764 4536 3031 4606 Origenes
3069 4540 3255 4605 plures
3299 4536 3425 4591 fecit

154 4634 473 4688 sceleribus
503 4632 811 4696 defunctos,
845 4632 1085 4696 definiri,
1117 4635 1332 4702 Opinor,
1387 4648 1494 4686 non
1538 4642 1745 4702 potest,

152 4739 284 4779 cum
314 4738 475 4779 suam
504 4736 671 4792 super
691 4739 754 4777 ea
788 4740 847 4777 re
880 4733 1118 4778 mentem
1151 4740 1419 4793 nusquam
1446 4724 1745 4793 aperuerit.

153 4821 294 4875 Nam
326 4818 497 4872 index
528 4817 585 4870 in
624 4817 871 4871 editione
903 4815 1289 4871 Sirmondiana
1332 4816 1593 4885 operibus
1620 4817 1749 4870 sub-

147 4914 384 4982 junctns
432 4910 577 4963 fallit
615 4926 629 4965 :
668 4925 791 4966 cum
843 4910 989 4962 enim
1031 4909 1411 4977 probationem
1446 4908 1747 4977 purgatorii

151 5004 479 5072 promittat,
510 5000 771 5054 lectorem
830 4999 1037 5053 sciendi
1078 4999 1338 5069 cupidum
1400 5000 1629 5053 remittit
1676 5001 1742 5053 ad

150 5093 605 5149 Commentarios
654 5093 709 5145 in
746 5092 1020 5146 celebrem
1062 5091 1305 5161 Apostoli
1348 5092 1525 5147 locum
1570 5092 1591 5146 1
1627 5090 1732 5145 Co-

152 5187 332 5240 rinth.
364 5201 446 5248 nt,
483 5185 548 5239 15
579 5203 591 5237 :
620 5184 738 5252 Ipse
757 5192 934 5236 autem
954 5181 1133 5236 salvus
1156 5184 1273 5245 erit,
1306 5184 1380 5236 sic
1399 5192 1574 5236 tamen
1592 5185 1745 5253 quasi

152 5295 251 5348 per
304 5281 506 5347 ignem.
564 5276 734 5341 Quem
794 5273 1174 5328 Theodoretus
1234 5274 1628 5342 interpretatur
1675 5274 1744 5327 dc

154 5374 305 5439 igne,
358 5384 474 5439 quo
522 5366 880 5436 conflagrabit
914 5365 1087 5429 orbis,
1138 5366 1341 5433 quique
1381 5364 1624 5417 creditus
1661 5374 1744 5419 est

155 5463 293 5515 olim
342 5468 678 5529 purgaturus
703 5472 894 5510 omnes
938 5456 1207 5509 bonorum
1268 5469 1456 5509 noxas.
1520 5455 1575 5509 ld
1611 5472 1745 5509 vero

1851 4632 2129 4702 Opinionis
2168 4647 2279 4684 sua:
2312 4639 2513 4699 partes,
2565 4630 2657 4683 sed
2695 4640 2803 4683 tres
2835 4628 3141 4697 pnecipuas
3181 4647 3192 4681 :
3232 4629 3279 4680 i.
3309 4628 3433 4697 Spi-

1853 4728 2011 4783 ritus,
2040 4741 2162 4777 cum
2189 4741 2215 4776 a
2241 4724 2349 4775 Deo
2376 4722 2581 4777 conditi
2615 4729 2766 4783 sunt,
2797 4720 2959 4774 unius
2982 4734 3171 4772 omnes
3197 4728 3424 4782 natura‘,

1850 4818 2058 4872 meritis
2105 4816 2221 4868 fieri
2258 4828 2351 4868 aut.
2390 4815 2642 4883 angelos,
2689 4822 2784 4866 ant
2837 4812 3142 4872 (humanas,
3180 4820 3273 4864 aut
3306 4809 3427 4864 ani~

1851 4926 1985 4964 mas.
2012 4909 2062 4961 ‘2.
2098 4908 2202 4961 Eos
2229 4923 2336 4960 non
2365 4920 2688 4976 permanere
2714 4921 2933 4973 semper
2962 4902 3300 4963 uniusmodi,
3323 4899 3422 4955 sed

1849 5020 1913 5055 ex
1944 5002 2152 5069 angelis
2178 5000 2230 5053 in
2259 5000 2552 5059 daemonas,
2576 5012 2642 5049 ex
2666 4996 3009 5049 (immunibus
3033 4997 3084 5049 in
3110 4996 3339 5058 animas,
3360 5008 3429 5047 ex

1851 5092 2134 5147 animabus
2150 5091 2390 5144 vicissim
2417 5088 2840 5155 hominibusque
2860 5084 3106 5140 converti
3134 5086 3216 5139 vel
3244 5086 3296 5138 in
3330 5102 3427 5138 an-

1847 5184 2015 5252 gelos,
2049 5182 2134 5235 vel
2167 5183 2220 5234 in
2250 5180 2565 5242 daemonas;
2598 5186 2652 5232 et
2683 5178 2733 5231 in
2767 5178 2991 5245 angelos
3020 5177 3265 5245 quidem,
3298 5191 3421 5227 cum

1848 5273 2060 5344 purgati
2088 5272 2292 5325 fuerint
2318 5270 2439 5339 igne
2463 5268 2606 5337 apud
2628 5269 2867 5331 inferos;
2898 5268 2951 5320 in
2970 5267 3248 5320 da'inonas
3269 5282 3423 5325 vero,

1847 5381 1970 5417 cum
2034 5361 2212 5415 induti
2282 5359 2608 5428 corporibus
2675 5359 2925 5427 improbe
2995 5375 3053 5411 se
3126 5358 3420 5428 gesserint.

1848 5458 1899 5509 5.
1932 5456 2255 5523 Perpetuam
2298 5452 2477 5506 inesse
2508 5450 2739 5520 singulis
2783 5451 2898 5504 sive
2936 5451 2986 5502 iu
3023 5451 3191 5513 ecelo,
3223 5448 3337 5501 sive
3366 5447 3423 5500 in

1513 5546 1590 5601 SC
1600 5547 1819 5602 [IULle
1849 5546 2075 5601 NOTJ‘I.

230 5654 247 5677 ⁷
276 5652 437 5703 Parte
472 5666 488 5703 ι
518 5649 686 5717 Oper.
718 5648 787 5701 M.
820 5647 1103 5700 Mercator.

156 5732 193 5771 t.
254 5721 321 5775 IV
367 5719 457 5773 ed.
490 5714 713 5778 nostrai,
741 5734 791 5786 p.
830 5718 986 5770 1010.
1036 5717 1242 5772 Similis
1268 5725 1447 5770 exstat
1482 5716 1622 5770 Ηων.
1673 5717 1747 5784 fat

1848 5758 1849 5766 η
1887 5733 1937 5775 \',
1973 5731 2018 5765 ι’.
2055 5714 2142 5776 ΞΟ,

1182 5647 1201 5677 ⁸
1228 5647 1777 5699 ιΙιιηι-εοιιιὸιιτριιιν.
1811 5645 1936 5699 lin-c
1968 5643 2351 5695 desiderantur
2375 5651 2410 5693 1.
2433 5640 2519 5701 111,
2558 5656 2609 5707 p.
2640 5639 2757 5691 185.

2841 5642 2859 5669 ⁹
2896 5636 3019 5689 Viti.
3055 5638 3216 5689 istum
3240 5635 3419 5685 locum

2232 5714 2271 5742 ¹⁰
2299 5703 2843 5776 ptirgnt.—;ublttcret.
2890 5708 3000 5761 lico
3047 5722 3110 5759 ex
3164 5703 3421 5774 genuinis

154 5788 495 5845 Theodoreti
546 5776 709 5841 libris
738 5776 979 5841 nondum
1010 5787 1231 5855 probari
1269 5786 1464 5855 potuit.
1498 5787 1627 5853 Quae
1650 5776 1714 5838 ex
1761 5784 1978 5855 Gagnzri
2023 5783 2257 5835 Scholiis
2287 5793 2335 5833 et
2371 5797 2435 5833 ολ
2462 5780 2666 5833 Tlioma
2706 5778 2972 5847 Aquinate
3016 5777 3067 5829 in
3107 5776 3246 5827 hanc
3301 5788 3414 5826 rem

156 5862 326 5914 allata
378 5866 529 5921 sunt,
584 5857 768 5927 spuria
806 5873 923 5911 esse
954 5856 1277 5925 jamdudum
1310 5856 1697 5912 intellexerunt
1726 5855 1945 5908 eruditi.
