  <div class='ocr_page' id='page_1' title='image "/cluster/home/n/w/nwhite01/storage/ocr_20150623/84/nnc1.0114605970/233.png"; bbox 0 0 4224 6442; ppageno 0'>
   <div class='ocr_carea' id='block_1_1' title="bbox 825 382 925 448">
    <p class='ocr_par' dir='ltr' id='par_1_1' title="bbox 825 382 925 448">
     <span class='ocr_line' id='line_1_1' title="bbox 825 382 925 448; baseline 0 0"><span class='ocrx_word' id='word_1_1' title='bbox 825 382 925 448; x_wconf 73' lang='lat' dir='ltr'><strong>U7</strong></span> 
     </span>
    </p>
   </div>
   <div class='ocr_carea' id='block_1_2' title="bbox 1929 370 2992 444">
    <p class='ocr_par' dir='ltr' id='par_1_2' title="bbox 1929 370 2992 444">
     <span class='ocr_line' id='line_1_2' title="bbox 1929 370 2992 444; baseline 0.002 -2"><span class='ocrx_word' id='word_1_2' title='bbox 1929 383 2303 443; x_wconf 77' lang='lat' dir='ltr'><strong>GARNERII</strong></span> <span class='ocrx_word' id='word_1_3' title='bbox 2344 370 2838 444; x_wconf 82' lang='lat' dir='ltr'><strong>DISSERTATIO</strong></span> <span class='ocrx_word' id='word_1_4' title='bbox 2877 386 2992 444; x_wconf 86' lang='lat' dir='ltr'><strong>nt.</strong></span> 
     </span>
    </p>
   </div>
   <div class='ocr_carea' id='block_1_3' title="bbox 3966 389 4073 452">
    <p class='ocr_par' dir='ltr' id='par_1_3' title="bbox 3966 389 4073 452">
     <span class='ocr_line' id='line_1_3' title="bbox 3966 389 4073 452; baseline 0.028 -3"><span class='ocrx_word' id='word_1_5' title='bbox 3966 389 4073 452; x_wconf 73' lang='grc'><strong>448</strong></span> 
     </span>
    </p>
   </div>
   <div class='ocr_carea' id='block_1_4' title="bbox 828 496 4072 567">
    <p class='ocr_par' dir='ltr' id='par_1_4' title="bbox 828 496 4072 567">
     <span class='ocr_line' id='line_1_4' title="bbox 828 496 4072 567; baseline -0.001 -14"><span class='ocrx_word' id='word_1_6' title='bbox 828 497 1016 553; x_wconf 79' lang='lat' dir='ltr'><strong>inferis</strong></span> <span class='ocrx_word' id='word_1_7' title='bbox 1043 497 1407 551; x_wconf 73' lang='lat' dir='ltr'><strong>mobilitatem</strong></span> <span class='ocrx_word' id='word_1_8' title='bbox 1441 496 1733 551; x_wconf 71' lang='lat' dir='ltr'><strong>voluntatis</strong></span> <span class='ocrx_word' id='word_1_9' title='bbox 1765 497 1820 550; x_wconf 88' lang='lat' dir='ltr'><strong>in</strong></span> <span class='ocrx_word' id='word_1_10' title='bbox 1846 497 2050 552; x_wconf 90' lang='lat' dir='ltr'><strong>bonum</strong></span> <span class='ocrx_word' id='word_1_11' title='bbox 2081 507 2136 552; x_wconf 92' lang='lat' dir='ltr'><strong>et</strong></span> <span class='ocrx_word' id='word_1_12' title='bbox 2171 497 2391 551; x_wconf 91' lang='lat' dir='ltr'><strong>malum.</strong></span> <span class='ocrx_word' id='word_1_13' title='bbox 2425 503 2465 557; x_wconf 78' lang='grc' dir='ltr'><strong>Α</strong></span> <span class='ocrx_word' id='word_1_14' title='bbox 2498 497 2783 552; x_wconf 83' lang='lat' dir='ltr'><strong>collocavit</strong></span> <span class='ocrx_word' id='word_1_15' title='bbox 2810 499 2862 551; x_wconf 90' lang='lat' dir='ltr'><strong>in</strong></span> <span class='ocrx_word' id='word_1_16' title='bbox 2885 496 3063 559; x_wconf 82' lang='lat' dir='ltr'><strong>sedes,</strong></span> <span class='ocrx_word' id='word_1_17' title='bbox 3091 510 3212 565; x_wconf 70' lang='lat' dir='ltr'><strong>qua:</strong></span> <span class='ocrx_word' id='word_1_18' title='bbox 3243 497 3299 548; x_wconf 92' lang='lat' dir='ltr'><strong>in</strong></span> <span class='ocrx_word' id='word_1_19' title='bbox 3322 496 3462 550; x_wconf 85' lang='lat' dir='ltr'><strong>coelo</strong></span> <span class='ocrx_word' id='word_1_20' title='bbox 3486 503 3633 550; x_wconf 83' lang='lat' dir='ltr'><strong>sunt.</strong></span> <span class='ocrx_word' id='word_1_21' title='bbox 3673 513 3691 546; x_wconf 72' lang='grc' dir='ltr'><strong>ι</strong></span> <span class='ocrx_word' id='word_1_22' title='bbox 3726 496 3796 550; x_wconf 86' lang='grc' dir='ltr'><strong>Ει</strong></span> <span class='ocrx_word' id='word_1_23' title='bbox 3824 512 3944 567; x_wconf 82' lang='lat' dir='ltr'><strong>cap.</strong></span> <span class='ocrx_word' id='word_1_24' title='bbox 3983 500 4072 563; x_wconf 82' lang='lat' dir='ltr'><strong>i0,</strong></span> 
     </span>
    </p>
   </div>
   <div class='ocr_carea' id='block_1_5' title="bbox 831 586 2393 657">
    <p class='ocr_par' dir='ltr' id='par_1_5' title="bbox 831 586 2393 657">
     <span class='ocr_line' id='line_1_5' title="bbox 831 586 2393 657; baseline 0.001 -16"><span class='ocrx_word' id='word_1_25' title='bbox 831 586 980 642; x_wconf 88' lang='lat' dir='ltr'><strong>Unde</strong></span> <span class='ocrx_word' id='word_1_26' title='bbox 1021 587 1382 642; x_wconf 86' lang='lat' dir='ltr'><strong>concludebat</strong></span> <span class='ocrx_word' id='word_1_27' title='bbox 1434 589 1612 642; x_wconf 89' lang='lat' dir='ltr'><strong>nullas</strong></span> <span class='ocrx_word' id='word_1_28' title='bbox 1657 604 1865 657; x_wconf 69' lang='lat' dir='ltr'><strong>pmnas,</strong></span> <span class='ocrx_word' id='word_1_29' title='bbox 1897 589 2012 644; x_wconf 82' lang='lat' dir='ltr'><strong>sive</strong></span> <span class='ocrx_word' id='word_1_30' title='bbox 2063 589 2393 651; x_wconf 65' lang='lat' dir='ltr'><strong>daemonum,</strong></span> 
     </span>
    </p>
   </div>
   <div class='ocr_carea' id='block_1_6' title="bbox 829 678 2398 746">
    <p class='ocr_par' dir='ltr' id='par_1_6' title="bbox 829 678 2398 746">
     <span class='ocr_line' id='line_1_6' title="bbox 829 678 2398 746; baseline 0.001 -15"><span class='ocrx_word' id='word_1_31' title='bbox 829 679 942 732; x_wconf 85' lang='lat' dir='ltr'><strong>sive</strong></span> <span class='ocrx_word' id='word_1_32' title='bbox 970 678 1251 732; x_wconf 89' lang='lat' dir='ltr'><strong>hominum</strong></span> <span class='ocrx_word' id='word_1_33' title='bbox 1275 689 1540 734; x_wconf 78' lang='lat' dir='ltr'><strong>aeternum</strong></span> <span class='ocrx_word' id='word_1_34' title='bbox 1569 679 1900 746; x_wconf 87' lang='lat' dir='ltr'><strong>duraturas;</strong></span> <span class='ocrx_word' id='word_1_35' title='bbox 1933 680 2028 734; x_wconf 88' lang='lat' dir='ltr'><strong>sed</strong></span> <span class='ocrx_word' id='word_1_36' title='bbox 2055 694 2246 734; x_wconf 91' lang='lat' dir='ltr'><strong>omnes</strong></span> <span class='ocrx_word' id='word_1_37' title='bbox 2276 691 2398 732; x_wconf 87' lang='lat' dir='ltr'><strong>tan-</strong></span> 
     </span>
    </p>
   </div>
   <div class='ocr_carea' id='block_1_7' title="bbox 830 769 2400 839">
    <p class='ocr_par' dir='ltr' id='par_1_7' title="bbox 830 769 2400 839">
     <span class='ocr_line' id='line_1_7' title="bbox 830 769 2400 839; baseline -0.001 -16"><span class='ocrx_word' id='word_1_38' title='bbox 830 770 954 823; x_wconf 86' lang='lat' dir='ltr'><strong>dem</strong></span> <span class='ocrx_word' id='word_1_39' title='bbox 987 769 1232 838; x_wconf 87' lang='lat' dir='ltr'><strong>spiritus,</strong></span> <span class='ocrx_word' id='word_1_40' title='bbox 1257 779 1378 838; x_wconf 89' lang='lat' dir='ltr'><strong>post</strong></span> <span class='ocrx_word' id='word_1_41' title='bbox 1403 771 1886 826; x_wconf 84' lang='lat' dir='ltr'><strong>innumerabilium</strong></span> <span class='ocrx_word' id='word_1_42' title='bbox 1912 780 2216 839; x_wconf 88' lang='lat' dir='ltr'><strong>temporum</strong></span> <span class='ocrx_word' id='word_1_43' title='bbox 2239 769 2400 824; x_wconf 83' lang='lat' dir='ltr'><strong>vicis-</strong></span> 
     </span>
    </p>
   </div>
   <div class='ocr_carea' id='block_1_8' title="bbox 832 859 2395 930">
    <p class='ocr_par' dir='ltr' id='par_1_8' title="bbox 832 859 2395 930">
     <span class='ocr_line' id='line_1_8' title="bbox 832 859 2395 930; baseline 0 -18"><span class='ocrx_word' id='word_1_44' title='bbox 832 859 1120 920; x_wconf 84' lang='lat' dir='ltr'><strong>situdines,</strong></span> <span class='ocrx_word' id='word_1_45' title='bbox 1149 860 1215 913; x_wconf 90' lang='lat' dir='ltr'><strong>ad</strong></span> <span class='ocrx_word' id='word_1_46' title='bbox 1252 861 1445 923; x_wconf 87' lang='lat' dir='ltr'><strong>Deum,</strong></span> <span class='ocrx_word' id='word_1_47' title='bbox 1469 876 1498 914; x_wconf 95' lang='lat' dir='ltr'><strong>a</strong></span> <span class='ocrx_word' id='word_1_48' title='bbox 1521 877 1630 929; x_wconf 93' lang='lat' dir='ltr'><strong>quo</strong></span> <span class='ocrx_word' id='word_1_49' title='bbox 1657 869 2064 930; x_wconf 90' lang='lat' dir='ltr'><strong>processerunt,</strong></span> <span class='ocrx_word' id='word_1_50' title='bbox 2097 859 2395 922; x_wconf 88' lang='lat' dir='ltr'><strong>redituros,</strong></span> 
     </span>
    </p>
   </div>
   <div class='ocr_carea' id='block_1_9' title="bbox 830 953 1713 1006">
    <p class='ocr_par' dir='ltr' id='par_1_9' title="bbox 830 953 1713 1006">
     <span class='ocr_line' id='line_1_9' title="bbox 830 953 1713 1006; baseline 0.001 -3"><span class='ocrx_word' id='word_1_51' title='bbox 830 959 884 1003; x_wconf 91' lang='lat' dir='ltr'><strong>et</strong></span> <span class='ocrx_word' id='word_1_52' title='bbox 906 960 1110 1004; x_wconf 69' lang='lat' dir='ltr'><strong>aeterna</strong></span> <span class='ocrx_word' id='word_1_53' title='bbox 1134 953 1396 1005; x_wconf 80' lang='lat' dir='ltr'><strong>felicitate</strong></span> <span class='ocrx_word' id='word_1_54' title='bbox 1428 953 1713 1006; x_wconf 81' lang='lat' dir='ltr'><strong>fruiturus.</strong></span> 
     </span>
    </p>
   </div>
   <div class='ocr_carea' id='block_1_10' title="bbox 906 1038 2401 1110">
    <p class='ocr_par' dir='ltr' id='par_1_10' title="bbox 906 1038 2401 1110">
     <span class='ocr_line' id='line_1_10' title="bbox 906 1038 2401 1110; baseline -0.002 -17"><span class='ocrx_word' id='word_1_55' title='bbox 906 1040 1091 1110; x_wconf 85' lang='lat' dir='ltr'><strong>Neque</strong></span> <span class='ocrx_word' id='word_1_56' title='bbox 1122 1043 1294 1110; x_wconf 90' lang='lat' dir='ltr'><strong>prima</strong></span> <span class='ocrx_word' id='word_1_57' title='bbox 1321 1057 1465 1110; x_wconf 87' lang='lat' dir='ltr'><strong>pars,</strong></span> <span class='ocrx_word' id='word_1_58' title='bbox 1493 1056 1669 1110; x_wconf 90' lang='lat' dir='ltr'><strong>neque</strong></span> <span class='ocrx_word' id='word_1_59' title='bbox 1695 1040 1933 1094; x_wconf 87' lang='lat' dir='ltr'><strong>secunda</strong></span> <span class='ocrx_word' id='word_1_60' title='bbox 1956 1038 2234 1101; x_wconf 84' lang='lat' dir='ltr'><strong>Patribus,</strong></span> <span class='ocrx_word' id='word_1_61' title='bbox 2264 1052 2401 1106; x_wconf 91' lang='lat' dir='ltr'><strong>quos</strong></span> 
     </span>
    </p>
   </div>
   <div class='ocr_carea' id='block_1_11' title="bbox 832 1131 2400 1200">
    <p class='ocr_par' dir='ltr' id='par_1_11' title="bbox 832 1131 2400 1200">
     <span class='ocr_line' id='line_1_11' title="bbox 832 1131 2400 1200; baseline -0.001 -19"><span class='ocrx_word' id='word_1_62' title='bbox 832 1131 1104 1194; x_wconf 86' lang='lat' dir='ltr'><strong>recensui,</strong></span> <span class='ocrx_word' id='word_1_63' title='bbox 1155 1132 1357 1200; x_wconf 89' lang='lat' dir='ltr'><strong>placuit</strong></span> <span class='ocrx_word' id='word_1_64' title='bbox 1394 1152 1405 1184; x_wconf 83' lang='lat'>;</span> <span class='ocrx_word' id='word_1_65' title='bbox 1446 1132 1661 1185; x_wconf 87' lang='lat' dir='ltr'><strong>tertiam</strong></span> <span class='ocrx_word' id='word_1_66' title='bbox 1697 1145 1828 1185; x_wconf 90' lang='lat' dir='ltr'><strong>vero</strong></span> <span class='ocrx_word' id='word_1_67' title='bbox 1853 1138 2074 1184; x_wconf 88' lang='lat' dir='ltr'><strong>secutus</strong></span> <span class='ocrx_word' id='word_1_68' title='bbox 2116 1137 2200 1184; x_wconf 91' lang='lat' dir='ltr'><strong>est</strong></span> <span class='ocrx_word' id='word_1_69' title='bbox 2231 1136 2400 1182; x_wconf 90' lang='lat' dir='ltr'><strong>totam</strong></span> 
     </span>
    </p>
   </div>
   <div class='ocr_carea' id='block_1_12' title="bbox 833 1220 2400 1291">
    <p class='ocr_par' dir='ltr' id='par_1_12' title="bbox 833 1220 2400 1291">
     <span class='ocr_line' id='line_1_12' title="bbox 833 1220 2400 1291; baseline 0 -19"><span class='ocrx_word' id='word_1_70' title='bbox 833 1220 1206 1276; x_wconf 83' lang='lat' dir='ltr'><strong>Nazianzenus</strong></span> <span class='ocrx_word' id='word_1_71' title='bbox 1229 1224 1400 1287; x_wconf 91' lang='lat' dir='ltr'><strong>solus,</strong></span> <span class='ocrx_word' id='word_1_72' title='bbox 1424 1224 1516 1276; x_wconf 79' lang='lat' dir='ltr'><strong>alii</strong></span> <span class='ocrx_word' id='word_1_73' title='bbox 1541 1239 1606 1276; x_wconf 81' lang='lat' dir='ltr'><strong>ex</strong></span> <span class='ocrx_word' id='word_1_74' title='bbox 1632 1231 1785 1291; x_wconf 88' lang='lat' dir='ltr'><strong>parte</strong></span> <span class='ocrx_word' id='word_1_75' title='bbox 1814 1231 2024 1275; x_wconf 87' lang='lat' dir='ltr'><strong>tantum</strong></span> <span class='ocrx_word' id='word_1_76' title='bbox 2048 1239 2062 1274; x_wconf 89' lang='lat'><strong>:</strong></span> <span class='ocrx_word' id='word_1_77' title='bbox 2090 1222 2231 1274; x_wconf 87' lang='lat' dir='ltr'><strong>hanc</strong></span> <span class='ocrx_word' id='word_1_78' title='bbox 2253 1220 2400 1274; x_wconf 90' lang='lat' dir='ltr'><strong>enim</strong></span> 
     </span>
    </p>
   </div>
   <div class='ocr_carea' id='block_1_13' title="bbox 832 1311 2402 1381">
    <p class='ocr_par' dir='ltr' id='par_1_13' title="bbox 832 1311 2402 1381">
     <span class='ocr_line' id='line_1_13' title="bbox 832 1311 2402 1381; baseline -0.001 -18"><span class='ocrx_word' id='word_1_79' title='bbox 832 1322 1226 1368; x_wconf 79' lang='lat' dir='ltr'><strong>contraxerunt</strong></span> <span class='ocrx_word' id='word_1_80' title='bbox 1266 1315 1331 1368; x_wconf 89' lang='lat' dir='ltr'><strong>ad</strong></span> <span class='ocrx_word' id='word_1_81' title='bbox 1377 1315 1522 1368; x_wconf 89' lang='lat' dir='ltr'><strong>solos</strong></span> <span class='ocrx_word' id='word_1_82' title='bbox 1551 1314 1753 1376; x_wconf 79' lang='lat' dir='ltr'><strong>ﬁdeles,</strong></span> <span class='ocrx_word' id='word_1_83' title='bbox 1793 1328 1932 1381; x_wconf 89' lang='lat' dir='ltr'><strong>quos</strong></span> <span class='ocrx_word' id='word_1_84' title='bbox 1973 1312 2065 1364; x_wconf 92' lang='lat' dir='ltr'><strong>ubi</strong></span> <span class='ocrx_word' id='word_1_85' title='bbox 2101 1311 2402 1365; x_wconf 83' lang='lat' dir='ltr'><strong>sceleribus</strong></span> 
     </span>
    </p>
   </div>
   <div class='ocr_carea' id='block_1_14' title="bbox 833 1400 2404 1471">
    <p class='ocr_par' dir='ltr' id='par_1_14' title="bbox 833 1400 2404 1471">
     <span class='ocr_line' id='line_1_14' title="bbox 833 1400 2404 1471; baseline 0.002 -20"><span class='ocrx_word' id='word_1_86' title='bbox 833 1401 957 1468; x_wconf 88' lang='lat' dir='ltr'><strong>puri</strong></span> <span class='ocrx_word' id='word_1_87' title='bbox 999 1400 1067 1453; x_wconf 89' lang='lat' dir='ltr'><strong>ab</strong></span> <span class='ocrx_word' id='word_1_88' title='bbox 1112 1401 1234 1471; x_wconf 82' lang='lat' dir='ltr'><strong>igne</strong></span> <span class='ocrx_word' id='word_1_89' title='bbox 1279 1403 1403 1455; x_wconf 88' lang='lat' dir='ltr'><strong>facti</strong></span> <span class='ocrx_word' id='word_1_90' title='bbox 1441 1402 1663 1462; x_wconf 84' lang='lat' dir='ltr'><strong>fuerint,</strong></span> <span class='ocrx_word' id='word_1_91' title='bbox 1692 1401 2062 1456; x_wconf 81' lang='lat' dir='ltr'><strong>extrahendos</strong></span> <span class='ocrx_word' id='word_1_92' title='bbox 2097 1401 2167 1454; x_wconf 90' lang='lat' dir='ltr'><strong>ab</strong></span> <span class='ocrx_word' id='word_1_93' title='bbox 2213 1401 2404 1454; x_wconf 80' lang='lat' dir='ltr'><strong>inferis</strong></span> 
     </span>
    </p>
   </div>
   <div class='ocr_carea' id='block_1_15' title="bbox 834 1492 2404 1560">
    <p class='ocr_par' dir='ltr' id='par_1_15' title="bbox 834 1492 2404 1560">
     <span class='ocr_line' id='line_1_15' title="bbox 834 1492 2404 1560; baseline 0.003 -18"><span class='ocrx_word' id='word_1_94' title='bbox 834 1501 1111 1559; x_wconf 87' lang='lat' dir='ltr'><strong>putarent,</strong></span> <span class='ocrx_word' id='word_1_95' title='bbox 1144 1501 1199 1544; x_wconf 89' lang='lat' dir='ltr'><strong>et</strong></span> <span class='ocrx_word' id='word_1_96' title='bbox 1225 1493 1284 1547; x_wconf 93' lang='lat' dir='ltr'><strong>in</strong></span> <span class='ocrx_word' id='word_1_97' title='bbox 1321 1492 1516 1546; x_wconf 69' lang='lat' dir='ltr'><strong>caelum</strong></span> <span class='ocrx_word' id='word_1_98' title='bbox 1560 1493 1935 1560; x_wconf 79' lang='lat' dir='ltr'><strong>recipiendos,</strong></span> <span class='ocrx_word' id='word_1_99' title='bbox 1975 1508 2097 1546; x_wconf 93' lang='lat' dir='ltr'><strong>cum</strong></span> <span class='ocrx_word' id='word_1_100' title='bbox 2129 1492 2404 1546; x_wconf 60' lang='lat' dir='ltr'><strong>daemones</strong></span> 
     </span>
    </p>
   </div>
   <div class='ocr_carea' id='block_1_16' title="bbox 831 1581 2400 1650">
    <p class='ocr_par' dir='ltr' id='par_1_16' title="bbox 831 1581 2400 1650">
     <span class='ocr_line' id='line_1_16' title="bbox 831 1581 2400 1650; baseline -0.003 -15"><span class='ocrx_word' id='word_1_101' title='bbox 831 1591 890 1635; x_wconf 89' lang='lat' dir='ltr'><strong>et</strong></span> <span class='ocrx_word' id='word_1_102' title='bbox 924 1581 1170 1636; x_wconf 88' lang='lat' dir='ltr'><strong>inﬁdeles</strong></span> <span class='ocrx_word' id='word_1_103' title='bbox 1195 1592 1462 1636; x_wconf 74' lang='lat' dir='ltr'><strong>aeternum</strong></span> <span class='ocrx_word' id='word_1_104' title='bbox 1489 1583 1632 1650; x_wconf 89' lang='lat' dir='ltr'><strong>apud</strong></span> <span class='ocrx_word' id='word_1_105' title='bbox 1661 1583 1863 1636; x_wconf 89' lang='lat' dir='ltr'><strong>inferos</strong></span> <span class='ocrx_word' id='word_1_106' title='bbox 1893 1582 2240 1650; x_wconf 88' lang='lat' dir='ltr'><strong>relinquendi</strong></span> <span class='ocrx_word' id='word_1_107' title='bbox 2270 1582 2400 1633; x_wconf 88' lang='lat' dir='ltr'><strong>sint.</strong></span> 
     </span>
    </p>
   </div>
   <div class='ocr_carea' id='block_1_17' title="bbox 901 1671 2406 1740">
    <p class='ocr_par' dir='ltr' id='par_1_17' title="bbox 901 1671 2406 1740">
     <span class='ocr_line' id='line_1_17' title="bbox 901 1671 2406 1740; baseline -0.001 -16"><span class='ocrx_word' id='word_1_108' title='bbox 901 1671 1021 1724; x_wconf 84' lang='lat' dir='ltr'><strong>Jam</strong></span> <span class='ocrx_word' id='word_1_109' title='bbox 1054 1687 1188 1726; x_wconf 89' lang='lat' dir='ltr'><strong>vero</strong></span> <span class='ocrx_word' id='word_1_110' title='bbox 1211 1682 1476 1740; x_wconf 88' lang='lat' dir='ltr'><strong>quantum</strong></span> <span class='ocrx_word' id='word_1_111' title='bbox 1495 1674 1684 1726; x_wconf 87' lang='lat' dir='ltr'><strong>Patres</strong></span> <span class='ocrx_word' id='word_1_112' title='bbox 1707 1673 1782 1726; x_wconf 92' lang='lat' dir='ltr'><strong>illi</strong></span> <span class='ocrx_word' id='word_1_113' title='bbox 1805 1672 1873 1725; x_wconf 86' lang='lat' dir='ltr'><strong>ab</strong></span> <span class='ocrx_word' id='word_1_114' title='bbox 1902 1672 2174 1726; x_wconf 63' lang='lat' dir='ltr'><strong>haereticis</strong></span> <span class='ocrx_word' id='word_1_115' title='bbox 2191 1677 2406 1724; x_wconf 88' lang='lat' dir='ltr'><strong>nostro-</strong></span> 
     </span>
    </p>
   </div>
   <div class='ocr_carea' id='block_1_18' title="bbox 835 1762 2406 1832">
    <p class='ocr_par' dir='ltr' id='par_1_18' title="bbox 835 1762 2406 1832">
     <span class='ocr_line' id='line_1_18' title="bbox 835 1762 2406 1832; baseline 0.003 -19"><span class='ocrx_word' id='word_1_116' title='bbox 835 1777 958 1814; x_wconf 89' lang='lat' dir='ltr'><strong>rum</strong></span> <span class='ocrx_word' id='word_1_117' title='bbox 991 1771 1296 1830; x_wconf 87' lang='lat' dir='ltr'><strong>temporum</strong></span> <span class='ocrx_word' id='word_1_118' title='bbox 1323 1763 1549 1826; x_wconf 87' lang='lat' dir='ltr'><strong>distent,</strong></span> <span class='ocrx_word' id='word_1_119' title='bbox 1575 1765 1658 1819; x_wconf 87' lang='lat' dir='ltr'><strong>vel</strong></span> <span class='ocrx_word' id='word_1_120' title='bbox 1691 1779 1756 1817; x_wconf 82' lang='lat' dir='ltr'><strong>ex</strong></span> <span class='ocrx_word' id='word_1_121' title='bbox 1789 1763 1893 1816; x_wconf 91' lang='lat' dir='ltr'><strong>hoc</strong></span> <span class='ocrx_word' id='word_1_122' title='bbox 1922 1778 2031 1816; x_wconf 90' lang='lat' dir='ltr'><strong>uno</strong></span> <span class='ocrx_word' id='word_1_123' title='bbox 2065 1762 2297 1832; x_wconf 88' lang='lat' dir='ltr'><strong>quisque</strong></span> <span class='ocrx_word' id='word_1_124' title='bbox 2325 1762 2406 1817; x_wconf 82' lang='lat' dir='ltr'><strong>fa-</strong></span> 
     </span>
    </p>
   </div>
   <div class='ocr_carea' id='block_1_19' title="bbox 837 1833 2480 1924">
    <p class='ocr_par' dir='ltr' id='par_1_19' title="bbox 837 1833 2480 1924">
     <span class='ocr_line' id='line_1_19' title="bbox 837 1833 2480 1924; baseline 0.001 -20"><span class='ocrx_word' id='word_1_125' title='bbox 837 1851 940 1906; x_wconf 89' lang='lat' dir='ltr'><strong>cile</strong></span> <span class='ocrx_word' id='word_1_126' title='bbox 979 1852 1330 1922; x_wconf 86' lang='lat' dir='ltr'><strong>judtcaverit,</strong></span> <span class='ocrx_word' id='word_1_127' title='bbox 1370 1855 1515 1923; x_wconf 91' lang='lat' dir='ltr'><strong>quod</strong></span> <span class='ocrx_word' id='word_1_128' title='bbox 1555 1856 1608 1908; x_wconf 89' lang='lat' dir='ltr'><strong>in</strong></span> <span class='ocrx_word' id='word_1_129' title='bbox 1640 1855 1938 1908; x_wconf 87' lang='lat' dir='ltr'><strong>asserendo</strong></span> <span class='ocrx_word' id='word_1_130' title='bbox 1959 1854 2275 1924; x_wconf 87' lang='lat' dir='ltr'><strong>purgatorio</strong></span> <span class='ocrx_word' id='word_1_131' title='bbox 2311 1869 2404 1908; x_wconf 80' lang='lat' dir='ltr'><strong>ex-</strong></span> <span class='ocrx_word' id='word_1_132' title='bbox 2437 1833 2480 1889; x_wconf 78' lang='grc' dir='ltr'><strong>Β</strong></span> 
     </span>
    </p>
   </div>
   <div class='ocr_carea' id='block_1_20' title="bbox 837 1944 2400 2013">
    <p class='ocr_par' dir='ltr' id='par_1_20' title="bbox 837 1944 2400 2013">
     <span class='ocr_line' id='line_1_20' title="bbox 837 1944 2400 2013; baseline -0.001 -16"><span class='ocrx_word' id='word_1_133' title='bbox 837 1944 1124 2008; x_wconf 83' lang='lat' dir='ltr'><strong>cesserint,</strong></span> <span class='ocrx_word' id='word_1_134' title='bbox 1169 1945 1410 1999; x_wconf 56' lang='lat' dir='ltr'><strong>haeretici</strong></span> <span class='ocrx_word' id='word_1_135' title='bbox 1449 1946 1706 1998; x_wconf 89' lang='lat' dir='ltr'><strong>deﬁciant</strong></span> <span class='ocrx_word' id='word_1_136' title='bbox 1742 1963 1754 1996; x_wconf 90' lang='lat'><strong>:</strong></span> <span class='ocrx_word' id='word_1_137' title='bbox 1791 1945 2068 2013; x_wconf 90' lang='lat' dir='ltr'><strong>potentius</strong></span> <span class='ocrx_word' id='word_1_138' title='bbox 2109 1945 2256 1998; x_wconf 90' lang='lat' dir='ltr'><strong>enim</strong></span> <span class='ocrx_word' id='word_1_139' title='bbox 2301 1944 2400 2008; x_wconf 88' lang='lat' dir='ltr'><strong>illi,</strong></span> 
     </span>
    </p>
   </div>
   <div class='ocr_carea' id='block_1_21' title="bbox 836 2037 2404 2106">
    <p class='ocr_par' dir='ltr' id='par_1_21' title="bbox 836 2037 2404 2106">
     <span class='ocr_line' id='line_1_21' title="bbox 836 2037 2404 2106; baseline -0.001 -17"><span class='ocrx_word' id='word_1_140' title='bbox 836 2051 1002 2103; x_wconf 88' lang='lat' dir='ltr'><strong>quam</strong></span> <span class='ocrx_word' id='word_1_141' title='bbox 1029 2051 1128 2106; x_wconf 89' lang='lat' dir='ltr'><strong>par</strong></span> <span class='ocrx_word' id='word_1_142' title='bbox 1153 2046 1257 2098; x_wconf 89' lang='lat' dir='ltr'><strong>est,</strong></span> <span class='ocrx_word' id='word_1_143' title='bbox 1293 2037 1503 2091; x_wconf 90' lang='lat' dir='ltr'><strong>nullum</strong></span> <span class='ocrx_word' id='word_1_144' title='bbox 1544 2037 1633 2091; x_wconf 90' lang='lat' dir='ltr'><strong>isti</strong></span> <span class='ocrx_word' id='word_1_145' title='bbox 1660 2037 2038 2098; x_wconf 87' lang='lat' dir='ltr'><strong>admiserunt;</strong></span> <span class='ocrx_word' id='word_1_146' title='bbox 2090 2051 2404 2106; x_wconf 89' lang='lat' dir='ltr'><strong>quanquam</strong></span> 
     </span>
    </p>
   </div>
   <div class='ocr_carea' id='block_1_22' title="bbox 837 2124 2404 2195">
    <p class='ocr_par' dir='ltr' id='par_1_22' title="bbox 837 2124 2404 2195">
     <span class='ocr_line' id='line_1_22' title="bbox 837 2124 2404 2195; baseline 0 -17"><span class='ocrx_word' id='word_1_147' title='bbox 837 2134 1059 2195; x_wconf 86' lang='lat' dir='ltr'><strong>possent</strong></span> <span class='ocrx_word' id='word_1_148' title='bbox 1088 2126 1258 2180; x_wconf 88' lang='lat' dir='ltr'><strong>videri</strong></span> <span class='ocrx_word' id='word_1_149' title='bbox 1299 2126 1404 2180; x_wconf 90' lang='lat' dir='ltr'><strong>sibi</strong></span> <span class='ocrx_word' id='word_1_150' title='bbox 1429 2126 1672 2180; x_wconf 68' lang='lat' dir='ltr'><strong>haeretici</strong></span> <span class='ocrx_word' id='word_1_151' title='bbox 1719 2126 2044 2179; x_wconf 92' lang='lat' dir='ltr'><strong>nonnullum</strong></span> <span class='ocrx_word' id='word_1_152' title='bbox 2088 2124 2404 2193; x_wconf 68' lang='lat' dir='ltr'><strong>praesidium</strong></span> 
     </span>
    </p>
   </div>
   <div class='ocr_carea' id='block_1_23' title="bbox 839 2215 2406 2286">
    <p class='ocr_par' dir='ltr' id='par_1_23' title="bbox 839 2215 2406 2286">
     <span class='ocr_line' id='line_1_23' title="bbox 839 2215 2406 2286; baseline -0.001 -16"><span class='ocrx_word' id='word_1_153' title='bbox 839 2232 1058 2285; x_wconf 83' lang='lat' dir='ltr'><strong>sperare</strong></span> <span class='ocrx_word' id='word_1_154' title='bbox 1088 2233 1117 2271; x_wconf 90' lang='lat' dir='ltr'><strong>a</strong></span> <span class='ocrx_word' id='word_1_155' title='bbox 1151 2218 1424 2280; x_wconf 86' lang='lat' dir='ltr'><strong>Patribus,</strong></span> <span class='ocrx_word' id='word_1_156' title='bbox 1456 2233 1523 2272; x_wconf 91' lang='lat' dir='ltr'><strong>eo</strong></span> <span class='ocrx_word' id='word_1_157' title='bbox 1557 2234 1729 2286; x_wconf 91' lang='lat' dir='ltr'><strong>usque</strong></span> <span class='ocrx_word' id='word_1_158' title='bbox 1761 2215 2134 2271; x_wconf 61' lang='lat' dir='ltr'><strong>scilicebﬁdei</strong></span> <span class='ocrx_word' id='word_1_159' title='bbox 2170 2218 2279 2270; x_wconf 87' lang='lat' dir='ltr'><strong>vim</strong></span> <span class='ocrx_word' id='word_1_160' title='bbox 2313 2232 2406 2270; x_wconf 84' lang='lat' dir='ltr'><strong>ex-</strong></span> 
     </span>
    </p>
   </div>
   <div class='ocr_carea' id='block_1_24' title="bbox 838 2306 2402 2376">
    <p class='ocr_par' dir='ltr' id='par_1_24' title="bbox 838 2306 2402 2376">
     <span class='ocr_line' id='line_1_24' title="bbox 838 2306 2402 2376; baseline -0.001 -16"><span class='ocrx_word' id='word_1_161' title='bbox 838 2308 1181 2371; x_wconf 84' lang='lat' dir='ltr'><strong>tollentibus,</strong></span> <span class='ocrx_word' id='word_1_162' title='bbox 1231 2317 1292 2362; x_wconf 91' lang='lat' dir='ltr'><strong>ut</strong></span> <span class='ocrx_word' id='word_1_163' title='bbox 1334 2324 1515 2371; x_wconf 90' lang='lat' dir='ltr'><strong>nemo,</strong></span> <span class='ocrx_word' id='word_1_164' title='bbox 1555 2308 1648 2376; x_wconf 91' lang='lat' dir='ltr'><strong>qui</strong></span> <span class='ocrx_word' id='word_1_165' title='bbox 1679 2307 1958 2362; x_wconf 87' lang='lat' dir='ltr'><strong>Christum</strong></span> <span class='ocrx_word' id='word_1_166' title='bbox 2000 2306 2102 2359; x_wconf 91' lang='lat' dir='ltr'><strong>ﬁde</strong></span> <span class='ocrx_word' id='word_1_167' title='bbox 2144 2307 2402 2368; x_wconf 89' lang='lat' dir='ltr'><strong>induerit,</strong></span> 
     </span>
    </p>
   </div>
   <div class='ocr_carea' id='block_1_25' title="bbox 838 2395 2449 2468">
    <p class='ocr_par' dir='ltr' id='par_1_25' title="bbox 838 2395 2449 2468">
     <span class='ocr_line' id='line_1_25' title="bbox 838 2395 2449 2468; baseline -0.002 -15"><span class='ocrx_word' id='word_1_168' title='bbox 838 2409 1102 2454; x_wconf 66' lang='lat' dir='ltr'><strong>aeternum</strong></span> <span class='ocrx_word' id='word_1_169' title='bbox 1135 2400 1313 2468; x_wconf 90' lang='lat' dir='ltr'><strong>perire</strong></span> <span class='ocrx_word' id='word_1_170' title='bbox 1346 2415 1504 2468; x_wconf 90' lang='lat' dir='ltr'><strong>posse</strong></span> <span class='ocrx_word' id='word_1_171' title='bbox 1547 2395 1680 2467; x_wconf 49' lang='lat' dir='ltr'><strong>ipsis</strong></span> <span class='ocrx_word' id='word_1_172' title='bbox 1715 2399 1865 2452; x_wconf 90' lang='lat' dir='ltr'><strong>visus</strong></span> <span class='ocrx_word' id='word_1_173' title='bbox 1903 2398 1992 2451; x_wconf 87' lang='lat' dir='ltr'><strong>sit.</strong></span> <span class='ocrx_word' id='word_1_174' title='bbox 2019 2398 2220 2452; x_wconf 81' lang='lat' dir='ltr'><strong>Verum</strong></span> <span class='ocrx_word' id='word_1_175' title='bbox 2251 2397 2304 2450; x_wconf 91' lang='lat' dir='ltr'><strong>in</strong></span> <span class='ocrx_word' id='word_1_176' title='bbox 2339 2411 2405 2450; x_wconf 91' lang='lat' dir='ltr'><strong>eo</strong></span> <span class='ocrx_word' id='word_1_177' title='bbox 2446 2440 2449 2443; x_wconf 93' lang='lat'><strong>.</strong></span> 
     </span>
    </p>
   </div>
   <div class='ocr_carea' id='block_1_26' title="bbox 838 2490 2406 2560">
    <p class='ocr_par' dir='ltr' id='par_1_26' title="bbox 838 2490 2406 2560">
     <span class='ocr_line' id='line_1_26' title="bbox 838 2490 2406 2560; baseline -0.001 -16"><span class='ocrx_word' id='word_1_178' title='bbox 838 2491 960 2559; x_wconf 89' lang='lat' dir='ltr'><strong>ipso</strong></span> <span class='ocrx_word' id='word_1_179' title='bbox 997 2490 1179 2545; x_wconf 90' lang='lat' dir='ltr'><strong>adhuc</strong></span> <span class='ocrx_word' id='word_1_180' title='bbox 1215 2491 1408 2560; x_wconf 84' lang='lat' dir='ltr'><strong>ingens</strong></span> <span class='ocrx_word' id='word_1_181' title='bbox 1440 2491 1736 2545; x_wconf 90' lang='lat' dir='ltr'><strong>discrimen</strong></span> <span class='ocrx_word' id='word_1_182' title='bbox 1765 2501 1849 2542; x_wconf 91' lang='lat' dir='ltr'><strong>est</strong></span> <span class='ocrx_word' id='word_1_183' title='bbox 1883 2506 1896 2541; x_wconf 90' lang='lat'><strong>:</strong></span> <span class='ocrx_word' id='word_1_184' title='bbox 1928 2505 2076 2552; x_wconf 89' lang='lat' dir='ltr'><strong>nam,</strong></span> <span class='ocrx_word' id='word_1_185' title='bbox 2117 2498 2175 2542; x_wconf 91' lang='lat' dir='ltr'><strong>ut</strong></span> <span class='ocrx_word' id='word_1_186' title='bbox 2213 2497 2406 2542; x_wconf 65' lang='lat' dir='ltr'><strong>cetera</strong></span> 
     </span>
    </p>
   </div>
   <div class='ocr_carea' id='block_1_27' title="bbox 837 2578 2408 2646">
    <p class='ocr_par' dir='ltr' id='par_1_27' title="bbox 837 2578 2408 2646">
     <span class='ocr_line' id='line_1_27' title="bbox 837 2578 2408 2646; baseline 0 -17"><span class='ocrx_word' id='word_1_187' title='bbox 837 2578 1274 2645; x_wconf 77' lang='lat' dir='ltr'><strong>pnetermittam,</strong></span> <span class='ocrx_word' id='word_1_188' title='bbox 1309 2578 1574 2640; x_wconf 69' lang='lat' dir='ltr'><strong>haeretici,</strong></span> <span class='ocrx_word' id='word_1_189' title='bbox 1610 2580 1653 2631; x_wconf 92' lang='lat' dir='ltr'><strong>si</strong></span> <span class='ocrx_word' id='word_1_190' title='bbox 1681 2592 1790 2630; x_wconf 92' lang='lat' dir='ltr'><strong>non</strong></span> <span class='ocrx_word' id='word_1_191' title='bbox 1817 2592 2028 2642; x_wconf 89' lang='lat' dir='ltr'><strong>omnes,</strong></span> <span class='ocrx_word' id='word_1_192' title='bbox 2060 2579 2252 2632; x_wconf 83' lang='lat' dir='ltr'><strong>saltem</strong></span> <span class='ocrx_word' id='word_1_193' title='bbox 2287 2578 2408 2646; x_wconf 87' lang='lat' dir='ltr'><strong>plu-</strong></span> 
     </span>
    </p>
   </div>
   <div class='ocr_carea' id='block_1_28' title="bbox 839 2667 2404 2739">
    <p class='ocr_par' dir='ltr' id='par_1_28' title="bbox 839 2667 2404 2739">
     <span class='ocr_line' id='line_1_28' title="bbox 839 2667 2404 2739; baseline 0.002 -20"><span class='ocrx_word' id='word_1_194' title='bbox 839 2668 987 2731; x_wconf 85' lang='lat' dir='ltr'><strong>rimi,</strong></span> <span class='ocrx_word' id='word_1_195' title='bbox 1021 2667 1180 2721; x_wconf 92' lang='lat' dir='ltr'><strong>ﬁdem</strong></span> <span class='ocrx_word' id='word_1_196' title='bbox 1216 2669 1390 2722; x_wconf 90' lang='lat' dir='ltr'><strong>amitti</strong></span> <span class='ocrx_word' id='word_1_197' title='bbox 1431 2683 1588 2737; x_wconf 87' lang='lat' dir='ltr'><strong>posse</strong></span> <span class='ocrx_word' id='word_1_198' title='bbox 1625 2678 1843 2739; x_wconf 88' lang='lat' dir='ltr'><strong>negant,</strong></span> <span class='ocrx_word' id='word_1_199' title='bbox 1882 2671 2075 2724; x_wconf 89' lang='lat' dir='ltr'><strong>Patres</strong></span> <span class='ocrx_word' id='word_1_200' title='bbox 2105 2680 2358 2724; x_wconf 89' lang='lat' dir='ltr'><strong>asserunt</strong></span> <span class='ocrx_word' id='word_1_201' title='bbox 2391 2686 2404 2722; x_wconf 90' lang='lat'><strong>:</strong></span> 
     </span>
    </p>
   </div>
   <div class='ocr_carea' id='block_1_29' title="bbox 839 2755 2407 2827">
    <p class='ocr_par' dir='ltr' id='par_1_29' title="bbox 839 2755 2407 2827">
     <span class='ocr_line' id='line_1_29' title="bbox 839 2755 2407 2827; baseline 0.005 -21"><span class='ocrx_word' id='word_1_202' title='bbox 839 2763 1001 2821; x_wconf 85' lang='lat' dir='ltr'><strong>atque</strong></span> <span class='ocrx_word' id='word_1_203' title='bbox 1050 2756 1124 2808; x_wconf 90' lang='lat' dir='ltr'><strong>ita</strong></span> <span class='ocrx_word' id='word_1_204' title='bbox 1176 2755 1254 2810; x_wconf 89' lang='lat' dir='ltr'><strong>illi</strong></span> <span class='ocrx_word' id='word_1_205' title='bbox 1286 2757 1561 2809; x_wconf 88' lang='lat' dir='ltr'><strong>neminem</strong></span> <span class='ocrx_word' id='word_1_206' title='bbox 1593 2759 1687 2825; x_wconf 89' lang='lat' dir='ltr'><strong>qui</strong></span> <span class='ocrx_word' id='word_1_207' title='bbox 1729 2756 1889 2812; x_wconf 88' lang='lat' dir='ltr'><strong>ﬁdem</strong></span> <span class='ocrx_word' id='word_1_208' title='bbox 1929 2759 2095 2814; x_wconf 89' lang='lat' dir='ltr'><strong>semel</strong></span> <span class='ocrx_word' id='word_1_209' title='bbox 2131 2758 2407 2827; x_wconf 88' lang='lat' dir='ltr'><strong>habuerit,</strong></span> 
     </span>
    </p>
   </div>
   <div class='ocr_carea' id='block_1_30' title="bbox 839 2845 2407 2919">
    <p class='ocr_par' dir='ltr' id='par_1_30' title="bbox 839 2845 2407 2919">
     <span class='ocr_line' id='line_1_30' title="bbox 839 2845 2407 2919; baseline 0.006 -24"><span class='ocrx_word' id='word_1_210' title='bbox 839 2845 1021 2912; x_wconf 85' lang='lat' dir='ltr'><strong>perire</strong></span> <span class='ocrx_word' id='word_1_211' title='bbox 1055 2861 1213 2914; x_wconf 88' lang='lat' dir='ltr'><strong>posse</strong></span> <span class='ocrx_word' id='word_1_212' title='bbox 1249 2863 1261 2898; x_wconf 67' lang='grc' dir='ltr'><strong><em>τ</em></strong></span> <span class='ocrx_word' id='word_1_213' title='bbox 1303 2846 1390 2900; x_wconf 89' lang='lat' dir='ltr'><strong>isti</strong></span> <span class='ocrx_word' id='word_1_214' title='bbox 1436 2848 1701 2916; x_wconf 91' lang='lat' dir='ltr'><strong>plurimos</strong></span> <span class='ocrx_word' id='word_1_215' title='bbox 1734 2865 1764 2902; x_wconf 89' lang='lat' dir='ltr'><strong>a</strong></span> <span class='ocrx_word' id='word_1_216' title='bbox 1805 2848 1910 2903; x_wconf 89' lang='lat' dir='ltr'><strong>ﬁde</strong></span> <span class='ocrx_word' id='word_1_217' title='bbox 1943 2865 2070 2903; x_wconf 87' lang='lat' dir='ltr'><strong>vera</strong></span> <span class='ocrx_word' id='word_1_218' title='bbox 2110 2859 2407 2919; x_wconf 86' lang='lat' dir='ltr'><strong>apostatas,</strong></span> 
     </span>
    </p>
   </div>
   <div class='ocr_carea' id='block_1_31' title="bbox 840 2937 1705 3002">
    <p class='ocr_par' dir='ltr' id='par_1_31' title="bbox 840 2937 1705 3002">
     <span class='ocr_line' id='line_1_31' title="bbox 840 2937 1705 3002; baseline 0.005 -16"><span class='ocrx_word' id='word_1_219' title='bbox 840 2948 1030 3002; x_wconf 74' lang='lat' dir='ltr'><strong>pmnas</strong></span> <span class='ocrx_word' id='word_1_220' title='bbox 1050 2943 1285 2990; x_wconf 77' lang='lat' dir='ltr'><strong>aeternas</strong></span> <span class='ocrx_word' id='word_1_221' title='bbox 1315 2937 1464 2991; x_wconf 92' lang='lat' dir='ltr'><strong>luere</strong></span> <span class='ocrx_word' id='word_1_222' title='bbox 1487 2938 1705 2992; x_wconf 88' lang='lat' dir='ltr'><strong>docent.</strong></span> 
     </span>
    </p>
   </div>
   <div class='ocr_carea' id='block_1_32' title="bbox 913 3024 2408 3098">
    <p class='ocr_par' dir='ltr' id='par_1_32' title="bbox 913 3024 2408 3098">
     <span class='ocr_line' id='line_1_32' title="bbox 913 3024 2408 3098; baseline 0.004 -19"><span class='ocrx_word' id='word_1_223' title='bbox 913 3024 1070 3093; x_wconf 75' lang='lat'><strong>502</strong></span> <span class='ocrx_word' id='word_1_224' title='bbox 1100 3025 1310 3091; x_wconf 86' lang='lat' dir='ltr'><strong>Quibus</strong></span> <span class='ocrx_word' id='word_1_225' title='bbox 1335 3027 1572 3098; x_wconf 86' lang='lat' dir='ltr'><strong>denique</strong></span> <span class='ocrx_word' id='word_1_226' title='bbox 1609 3029 2142 3084; x_wconf 90' lang='lat' dir='ltr'><strong>rationibusinducti</strong></span> <span class='ocrx_word' id='word_1_227' title='bbox 2176 3031 2285 3085; x_wconf 93' lang='lat' dir='ltr'><strong>sint</strong></span> <span class='ocrx_word' id='word_1_228' title='bbox 2308 3031 2408 3086; x_wconf 87' lang='lat' dir='ltr'><strong>Pa-</strong></span> 
     </span>
    </p>
   </div>
   <div class='ocr_carea' id='block_1_33' title="bbox 843 3116 2408 3189">
    <p class='ocr_par' dir='ltr' id='par_1_33' title="bbox 843 3116 2408 3189">
     <span class='ocr_line' id='line_1_33' title="bbox 843 3116 2408 3189; baseline 0.006 -23"><span class='ocrx_word' id='word_1_229' title='bbox 843 3123 954 3167; x_wconf 91' lang='lat' dir='ltr'><strong>tres</strong></span> <span class='ocrx_word' id='word_1_230' title='bbox 988 3116 1066 3168; x_wconf 89' lang='lat' dir='ltr'><strong>illi</strong></span> <span class='ocrx_word' id='word_1_231' title='bbox 1117 3117 1170 3169; x_wconf 91' lang='lat' dir='ltr'><strong>in</strong></span> <span class='ocrx_word' id='word_1_232' title='bbox 1203 3133 1354 3170; x_wconf 91' lang='lat' dir='ltr'><strong>suam</strong></span> <span class='ocrx_word' id='word_1_233' title='bbox 1384 3119 1734 3184; x_wconf 90' lang='lat' dir='ltr'><strong>sententiam,</strong></span> <span class='ocrx_word' id='word_1_234' title='bbox 1781 3135 1848 3174; x_wconf 83' lang='lat' dir='ltr'><strong>cx</strong></span> <span class='ocrx_word' id='word_1_235' title='bbox 1879 3120 2121 3189; x_wconf 89' lang='lat' dir='ltr'><strong>ipsorum</strong></span> <span class='ocrx_word' id='word_1_236' title='bbox 2167 3122 2408 3175; x_wconf 85' lang='lat' dir='ltr'><strong>testimo-</strong></span> 
     </span>
    </p>
   </div>
   <div class='ocr_carea' id='block_1_34' title="bbox 2498 585 4074 655">
    <p class='ocr_par' dir='ltr' id='par_1_34' title="bbox 2498 585 4074 655">
     <span class='ocr_line' id='line_1_34' title="bbox 2498 585 4074 655; baseline -0.001 -13"><span class='ocrx_word' id='word_1_237' title='bbox 2498 587 2567 642; x_wconf 91' lang='lat' dir='ltr'><strong>de</strong></span> <span class='ocrx_word' id='word_1_238' title='bbox 2609 589 2921 644; x_wconf 86' lang='lat' dir='ltr'><strong>Theodosio</strong></span> <span class='ocrx_word' id='word_1_239' title='bbox 2968 589 3008 618; x_wconf 84' lang='lat'>&quot;</span> <span class='ocrx_word' id='word_1_240' title='bbox 3059 605 3070 639; x_wconf 90' lang='lat'><strong>:</strong></span> <span class='ocrx_word' id='word_1_241' title='bbox 3127 606 3144 637; x_wconf 77' lang='grc' dir='ltr'>ι</span> <span class='ocrx_word' id='word_1_242' title='bbox 3185 586 3323 640; x_wconf 82' lang='lat' dir='ltr'><strong>Hinc</strong></span> <span class='ocrx_word' id='word_1_243' title='bbox 3362 585 3518 649; x_wconf 89' lang='lat' dir='ltr'><strong>abiit,</strong></span> <span class='ocrx_word' id='word_1_244' title='bbox 3550 586 3981 655; x_wconf 75' lang='lat' dir='ltr'><strong>angelorumque</strong></span> <span class='ocrx_word' id='word_1_245' title='bbox 4016 588 4074 641; x_wconf 90' lang='lat' dir='ltr'><strong>in</strong></span> 
     </span>
    </p>
   </div>
   <div class='ocr_carea' id='block_1_35' title="bbox 2496 677 4078 741">
    <p class='ocr_par' dir='ltr' id='par_1_35' title="bbox 2496 677 4078 741">
     <span class='ocr_line' id='line_1_35' title="bbox 2496 677 4078 741; baseline -0.002 -7"><span class='ocrx_word' id='word_1_246' title='bbox 2496 681 2697 735; x_wconf 72' lang='lat' dir='ltr'><strong>cmlum</strong></span> <span class='ocrx_word' id='word_1_247' title='bbox 2729 681 3022 735; x_wconf 90' lang='lat' dir='ltr'><strong>translatus</strong></span> <span class='ocrx_word' id='word_1_248' title='bbox 3046 687 3148 733; x_wconf 90' lang='lat' dir='ltr'><strong>est.</strong></span> <span class='ocrx_word' id='word_1_249' title='bbox 3179 696 3198 729; x_wconf 74' lang='grc' dir='ltr'><strong><em>ι</em></strong></span> <span class='ocrx_word' id='word_1_250' title='bbox 3231 678 3363 732; x_wconf 88' lang='lat' dir='ltr'><strong>Nam</strong></span> <span class='ocrx_word' id='word_1_251' title='bbox 3395 678 3617 732; x_wconf 86' lang='lat' dir='ltr'><strong>nomine</strong></span> <span class='ocrx_word' id='word_1_252' title='bbox 3649 677 3795 741; x_wconf 64' lang='lat' dir='ltr'><strong>caeli,</strong></span> <span class='ocrx_word' id='word_1_253' title='bbox 3830 678 4078 731; x_wconf 76' lang='lat' dir='ltr'><strong>sedium-</strong></span> 
     </span>
    </p>
   </div>
   <div class='ocr_carea' id='block_1_36' title="bbox 2497 767 4076 840">
    <p class='ocr_par' dir='ltr' id='par_1_36' title="bbox 2497 767 4076 840">
     <span class='ocr_line' id='line_1_36' title="bbox 2497 767 4076 840; baseline -0.002 -17"><span class='ocrx_word' id='word_1_254' title='bbox 2497 786 2605 839; x_wconf 91' lang='lat' dir='ltr'><strong>que</strong></span> <span class='ocrx_word' id='word_1_255' title='bbox 2627 770 2957 833; x_wconf 76' lang='lat' dir='ltr'><strong>ccelestium,</strong></span> <span class='ocrx_word' id='word_1_256' title='bbox 2994 777 3048 823; x_wconf 91' lang='lat' dir='ltr'><strong>et</strong></span> <span class='ocrx_word' id='word_1_257' title='bbox 3076 769 3395 840; x_wconf 76' lang='lat' dir='ltr'><strong>angelorum</strong></span> <span class='ocrx_word' id='word_1_258' title='bbox 3423 776 3623 830; x_wconf 68' lang='lat' dir='ltr'><strong>cretus,</strong></span> <span class='ocrx_word' id='word_1_259' title='bbox 3660 767 3850 835; x_wconf 89' lang='lat' dir='ltr'><strong>utique</strong></span> <span class='ocrx_word' id='word_1_260' title='bbox 3877 781 4076 820; x_wconf 89' lang='lat' dir='ltr'><strong>eorum</strong></span> 
     </span>
    </p>
   </div>
   <div class='ocr_carea' id='block_1_37' title="bbox 2497 858 4076 931">
    <p class='ocr_par' dir='ltr' id='par_1_37' title="bbox 2497 858 4076 931">
     <span class='ocr_line' id='line_1_37' title="bbox 2497 858 4076 931; baseline -0.003 -15"><span class='ocrx_word' id='word_1_261' title='bbox 2497 878 2637 931; x_wconf 88' lang='lat' dir='ltr'><strong>quos</strong></span> <span class='ocrx_word' id='word_1_262' title='bbox 2655 863 2910 917; x_wconf 88' lang='lat' dir='ltr'><strong>Christus</strong></span> <span class='ocrx_word' id='word_1_263' title='bbox 2933 861 3071 915; x_wconf 82' lang='lat' dir='ltr'><strong>dixit</strong></span> <span class='ocrx_word' id='word_1_264' title='bbox 3097 861 3272 915; x_wconf 84' lang='lat' dir='ltr'><strong>uidere</strong></span> <span class='ocrx_word' id='word_1_265' title='bbox 3294 861 3483 930; x_wconf 80' lang='lat' dir='ltr'><strong>faciem</strong></span> <span class='ocrx_word' id='word_1_266' title='bbox 3506 859 3684 912; x_wconf 87' lang='lat' dir='ltr'><strong>Patris</strong></span> <span class='ocrx_word' id='word_1_267' title='bbox 3715 860 3798 912; x_wconf 84' lang='lat' dir='ltr'><strong>sui</strong></span> <span class='ocrx_word' id='word_1_268' title='bbox 3833 858 3852 896; x_wconf 71' lang='grc' dir='ltr'>ί</span> <span class='ocrx_word' id='word_1_269' title='bbox 3865 899 3880 922; x_wconf 85' lang='grc'><em>,</em></span> <span class='ocrx_word' id='word_1_270' title='bbox 3903 859 4076 928; x_wconf 89' lang='lat' dir='ltr'><strong>signi-</strong></span> 
     </span>
    </p>
   </div>
   <div class='ocr_carea' id='block_1_38' title="bbox 2499 949 4075 1020">
    <p class='ocr_par' dir='ltr' id='par_1_38' title="bbox 2499 949 4075 1020">
     <span class='ocr_line' id='line_1_38' title="bbox 2499 949 4075 1020; baseline -0.002 -13"><span class='ocrx_word' id='word_1_271' title='bbox 2499 954 2650 1007; x_wconf 89' lang='lat' dir='ltr'><strong>ﬁcari</strong></span> <span class='ocrx_word' id='word_1_272' title='bbox 2674 955 2891 1008; x_wconf 89' lang='lat' dir='ltr'><strong>videtur</strong></span> <span class='ocrx_word' id='word_1_273' title='bbox 2914 954 3267 1008; x_wconf 84' lang='lat' dir='ltr'><strong>beatitudinis</strong></span> <span class='ocrx_word' id='word_1_274' title='bbox 3299 954 3474 1016; x_wconf 89' lang='lat' dir='ltr'><strong>locus,</strong></span> <span class='ocrx_word' id='word_1_275' title='bbox 3498 953 3724 1020; x_wconf 87' lang='lat' dir='ltr'><strong>ipsaque</strong></span> <span class='ocrx_word' id='word_1_276' title='bbox 3747 951 3914 1005; x_wconf 91' lang='lat' dir='ltr'><strong>etiam</strong></span> <span class='ocrx_word' id='word_1_277' title='bbox 3939 949 4075 1004; x_wconf 74' lang='lat' dir='ltr'><strong>bea-</strong></span> 
     </span>
    </p>
   </div>
   <div class='ocr_carea' id='block_1_39' title="bbox 2503 1046 2706 1099">
    <p class='ocr_par' dir='ltr' id='par_1_39' title="bbox 2503 1046 2706 1099">
     <span class='ocr_line' id='line_1_39' title="bbox 2503 1046 2706 1099; baseline 0 0"><span class='ocrx_word' id='word_1_278' title='bbox 2503 1046 2706 1099; x_wconf 89' lang='lat' dir='ltr'><strong>titudo.</strong></span> 
     </span>
    </p>
   </div>
   <div class='ocr_carea' id='block_1_40' title="bbox 2578 1132 4076 1205">
    <p class='ocr_par' dir='ltr' id='par_1_40' title="bbox 2578 1132 4076 1205">
     <span class='ocr_line' id='line_1_40' title="bbox 2578 1132 4076 1205; baseline -0.003 -16"><span class='ocrx_word' id='word_1_279' title='bbox 2578 1136 2777 1189; x_wconf 84' lang='lat' dir='ltr'><strong>Verum</strong></span> <span class='ocrx_word' id='word_1_280' title='bbox 2801 1151 2870 1189; x_wconf 80' lang='lat' dir='ltr'><strong>ex</strong></span> <span class='ocrx_word' id='word_1_281' title='bbox 2904 1136 3122 1205; x_wconf 90' lang='lat' dir='ltr'><strong>dialogo</strong></span> <span class='ocrx_word' id='word_1_282' title='bbox 3152 1136 3329 1203; x_wconf 91' lang='lat' dir='ltr'><strong>primo</strong></span> <span class='ocrx_word' id='word_1_283' title='bbox 3351 1174 3366 1196; x_wconf 89' lang='lat'><strong>,</strong></span> <span class='ocrx_word' id='word_1_284' title='bbox 3395 1134 3490 1203; x_wconf 92' lang='lat' dir='ltr'><strong>qui</strong></span> <span class='ocrx_word' id='word_1_285' title='bbox 3521 1132 3885 1188; x_wconf 85' lang='lat' dir='ltr'><strong>immutabilis</strong></span> <span class='ocrx_word' id='word_1_286' title='bbox 3911 1146 4076 1186; x_wconf 81' lang='lat' dir='ltr'><strong>voca-</strong></span> 
     </span>
    </p>
   </div>
   <div class='ocr_carea' id='block_1_41' title="bbox 2501 1223 4070 1294">
    <p class='ocr_par' dir='ltr' id='par_1_41' title="bbox 2501 1223 4070 1294">
     <span class='ocr_line' id='line_1_41' title="bbox 2501 1223 4070 1294; baseline -0.005 -13"><span class='ocrx_word' id='word_1_287' title='bbox 2501 1237 2611 1290; x_wconf 90' lang='lat' dir='ltr'><strong>tur,</strong></span> <span class='ocrx_word' id='word_1_288' title='bbox 2652 1226 2840 1294; x_wconf 89' lang='lat' dir='ltr'><strong>objicit</strong></span> <span class='ocrx_word' id='word_1_289' title='bbox 2867 1226 2907 1256; x_wconf 77' lang='lat'>“</span> <span class='ocrx_word' id='word_1_290' title='bbox 2945 1225 3197 1280; x_wconf 87' lang='lat' dir='ltr'><strong>Petavius</strong></span> <span class='ocrx_word' id='word_1_291' title='bbox 3235 1224 3642 1280; x_wconf 91' lang='lat' dir='ltr'><strong>Theodoretum</strong></span> <span class='ocrx_word' id='word_1_292' title='bbox 3679 1225 3721 1255; x_wconf 78' lang='lat'>“</span> <span class='ocrx_word' id='word_1_293' title='bbox 3747 1223 4024 1278; x_wconf 85' lang='lat' dir='ltr'><strong>dicentem</strong></span> <span class='ocrx_word' id='word_1_294' title='bbox 4057 1241 4070 1273; x_wconf 90' lang='lat'>:</span> 
     </span>
    </p>
   </div>
   <div class='ocr_carea' id='block_1_42' title="bbox 2509 1314 4072 1384">
    <p class='ocr_par' dir='ltr' id='par_1_42' title="bbox 2509 1314 4072 1384">
     <span class='ocr_line' id='line_1_42' title="bbox 2509 1314 4072 1384; baseline -0.003 -15"><span class='ocrx_word' id='word_1_295' title='bbox 2509 1337 2527 1369; x_wconf 79' lang='grc' dir='ltr'>ι</span> <span class='ocrx_word' id='word_1_296' title='bbox 2574 1317 2797 1371; x_wconf 87' lang='lat' dir='ltr'><strong>Divinus</strong></span> <span class='ocrx_word' id='word_1_297' title='bbox 2818 1317 3128 1384; x_wconf 83' lang='lat' dir='ltr'><strong>Apostolus,</strong></span> <span class='ocrx_word' id='word_1_298' title='bbox 3175 1332 3300 1369; x_wconf 93' lang='lat' dir='ltr'><strong>cum</strong></span> <span class='ocrx_word' id='word_1_299' title='bbox 3344 1315 3588 1369; x_wconf 91' lang='lat' dir='ltr'><strong>nondum</strong></span> <span class='ocrx_word' id='word_1_300' title='bbox 3629 1314 3938 1368; x_wconf 89' lang='lat' dir='ltr'><strong>communis</strong></span> <span class='ocrx_word' id='word_1_301' title='bbox 3982 1327 4072 1366; x_wconf 90' lang='lat' dir='ltr'><strong>re-</strong></span> 
     </span>
    </p>
   </div>
   <div class='ocr_carea' id='block_1_43' title="bbox 2502 1404 4073 1471">
    <p class='ocr_par' dir='ltr' id='par_1_43' title="bbox 2502 1404 4073 1471">
     <span class='ocr_line' id='line_1_43' title="bbox 2502 1404 4073 1471; baseline -0.006 -8"><span class='ocrx_word' id='word_1_302' title='bbox 2502 1409 2770 1463; x_wconf 88' lang='lat' dir='ltr'><strong>surrectio</strong></span> <span class='ocrx_word' id='word_1_303' title='bbox 2823 1407 2960 1460; x_wconf 90' lang='lat' dir='ltr'><strong>facta</strong></span> <span class='ocrx_word' id='word_1_304' title='bbox 3002 1408 3107 1470; x_wconf 90' lang='lat' dir='ltr'><strong>sit,</strong></span> <span class='ocrx_word' id='word_1_305' title='bbox 3153 1422 3255 1460; x_wconf 89' lang='lat' dir='ltr'><strong>nec</strong></span> <span class='ocrx_word' id='word_1_306' title='bbox 3313 1406 3493 1459; x_wconf 89' lang='lat' dir='ltr'><strong>adhuc</strong></span> <span class='ocrx_word' id='word_1_307' title='bbox 3535 1404 3791 1459; x_wconf 88' lang='lat' dir='ltr'><strong>ﬁdelibus</strong></span> <span class='ocrx_word' id='word_1_308' title='bbox 3839 1418 4073 1471; x_wconf 78' lang='lat' dir='ltr'><strong>regnum</strong></span> 
     </span>
    </p>
   </div>
   <div class='ocr_carea' id='block_1_44' title="bbox 2502 1494 4075 1560">
    <p class='ocr_par' dir='ltr' id='par_1_44' title="bbox 2502 1494 4075 1560">
     <span class='ocr_line' id='line_1_44' title="bbox 2502 1494 4075 1560; baseline -0.006 -6"><span class='ocrx_word' id='word_1_309' title='bbox 2502 1500 2762 1554; x_wconf 68' lang='lat' dir='ltr'><strong>malorum</strong></span> <span class='ocrx_word' id='word_1_310' title='bbox 2789 1497 2974 1552; x_wconf 90' lang='lat' dir='ltr'><strong>datum</strong></span> <span class='ocrx_word' id='word_1_311' title='bbox 3000 1497 3090 1560; x_wconf 87' lang='lat' dir='ltr'><strong>sit,</strong></span> <span class='ocrx_word' id='word_1_312' title='bbox 3115 1498 3313 1551; x_wconf 90' lang='lat' dir='ltr'><strong>clamat</strong></span> <span class='ocrx_word' id='word_1_313' title='bbox 3343 1513 3356 1550; x_wconf 73' lang='grc' dir='ltr'>ε</span> <span class='ocrx_word' id='word_1_314' title='bbox 3382 1494 3555 1550; x_wconf 81' lang='lat' dir='ltr'><strong>Simul</strong></span> <span class='ocrx_word' id='word_1_315' title='bbox 3577 1497 3818 1549; x_wconf 69' lang='lat' dir='ltr'><strong>excitavit</strong></span> <span class='ocrx_word' id='word_1_316' title='bbox 3863 1509 3978 1557; x_wconf 84' lang='lat' dir='ltr'><strong>nos,</strong></span> <span class='ocrx_word' id='word_1_317' title='bbox 4023 1502 4075 1546; x_wconf 85' lang='lat' dir='ltr'><strong>et</strong></span> 
     </span>
    </p>
   </div>
   <div class='ocr_carea' id='block_1_45' title="bbox 2500 1583 4078 1656">
    <p class='ocr_par' dir='ltr' id='par_1_45' title="bbox 2500 1583 4078 1656">
     <span class='ocr_line' id='line_1_45' title="bbox 2500 1583 4078 1656; baseline -0.001 -16"><span class='ocrx_word' id='word_1_318' title='bbox 2500 1589 2680 1641; x_wconf 85' lang='lat' dir='ltr'><strong>sedere</strong></span> <span class='ocrx_word' id='word_1_319' title='bbox 2708 1588 2827 1656; x_wconf 82' lang='lat' dir='ltr'><strong>fecit</strong></span> <span class='ocrx_word' id='word_1_320' title='bbox 2864 1589 2920 1639; x_wconf 84' lang='lat' dir='ltr'><strong>in</strong></span> <span class='ocrx_word' id='word_1_321' title='bbox 2959 1586 3249 1640; x_wconf 72' lang='lat' dir='ltr'><strong>cmicstibus</strong></span> <span class='ocrx_word' id='word_1_322' title='bbox 3294 1603 3412 1640; x_wconf 86' lang='lat' dir='ltr'><strong>cum</strong></span> <span class='ocrx_word' id='word_1_323' title='bbox 3452 1584 3656 1640; x_wconf 78' lang='lat' dir='ltr'><strong>Christo</strong></span> <span class='ocrx_word' id='word_1_324' title='bbox 3693 1584 3754 1638; x_wconf 69' lang='grc' dir='ltr'><strong>ι’.</strong></span> <span class='ocrx_word' id='word_1_325' title='bbox 3795 1605 3812 1636; x_wconf 72' lang='grc' dir='ltr'><strong><em>ι</em></strong></span> <span class='ocrx_word' id='word_1_326' title='bbox 3858 1583 4078 1650; x_wconf 86' lang='lat' dir='ltr'><strong>Quibus</strong></span> 
     </span>
    </p>
   </div>
   <div class='ocr_carea' id='block_1_46' title="bbox 2501 1676 4074 1747">
    <p class='ocr_par' dir='ltr' id='par_1_46' title="bbox 2501 1676 4074 1747">
     <span class='ocr_line' id='line_1_46' title="bbox 2501 1676 4074 1747; baseline -0.004 -14"><span class='ocrx_word' id='word_1_327' title='bbox 2501 1677 2686 1733; x_wconf 79' lang='lat' dir='ltr'><strong>verbis</strong></span> <span class='ocrx_word' id='word_1_328' title='bbox 2735 1676 2890 1732; x_wconf 91' lang='lat' dir='ltr'><strong>innui</strong></span> <span class='ocrx_word' id='word_1_329' title='bbox 2928 1677 3171 1740; x_wconf 89' lang='lat' dir='ltr'><strong>videtur,</strong></span> <span class='ocrx_word' id='word_1_330' title='bbox 3229 1677 3488 1732; x_wconf 87' lang='lat' dir='ltr'><strong>ﬁdelibus</strong></span> <span class='ocrx_word' id='word_1_331' title='bbox 3528 1691 3758 1747; x_wconf 79' lang='lat' dir='ltr'><strong>regnum</strong></span> <span class='ocrx_word' id='word_1_332' title='bbox 3802 1678 4074 1730; x_wconf 64' lang='lat' dir='ltr'><strong>caelorum</strong></span> 
     </span>
    </p>
   </div>
   <div class='ocr_carea' id='block_1_47' title="bbox 2505 1765 4077 1832">
    <p class='ocr_par' dir='ltr' id='par_1_47' title="bbox 2505 1765 4077 1832">
     <span class='ocr_line' id='line_1_47' title="bbox 2505 1765 4077 1832; baseline -0.004 -9"><span class='ocrx_word' id='word_1_333' title='bbox 2505 1767 2750 1823; x_wconf 86' lang='lat' dir='ltr'><strong>nondum</strong></span> <span class='ocrx_word' id='word_1_334' title='bbox 2781 1783 2902 1824; x_wconf 87' lang='lat' dir='ltr'><strong>esse</strong></span> <span class='ocrx_word' id='word_1_335' title='bbox 2933 1768 3142 1832; x_wconf 91' lang='lat' dir='ltr'><strong>datum,</strong></span> <span class='ocrx_word' id='word_1_336' title='bbox 3173 1768 3267 1822; x_wconf 88' lang='lat' dir='ltr'><strong>sed</strong></span> <span class='ocrx_word' id='word_1_337' title='bbox 3297 1767 3352 1820; x_wconf 90' lang='lat' dir='ltr'><strong>in</strong></span> <span class='ocrx_word' id='word_1_338' title='bbox 3387 1767 3534 1821; x_wconf 90' lang='lat' dir='ltr'><strong>diem</strong></span> <span class='ocrx_word' id='word_1_339' title='bbox 3566 1776 3892 1821; x_wconf 79' lang='lat' dir='ltr'><strong>extremum.</strong></span> <span class='ocrx_word' id='word_1_340' title='bbox 3929 1765 4077 1830; x_wconf 85' lang='lat' dir='ltr'><strong>Quid</strong></span> 
     </span>
    </p>
   </div>
   <div class='ocr_carea' id='block_1_48' title="bbox 2508 1855 4078 1928">
    <p class='ocr_par' dir='ltr' id='par_1_48' title="bbox 2508 1855 4078 1928">
     <span class='ocr_line' id='line_1_48' title="bbox 2508 1855 4078 1928; baseline -0.002 -16"><span class='ocrx_word' id='word_1_341' title='bbox 2508 1867 2692 1912; x_wconf 83' lang='lat' dir='ltr'><strong>autem</strong></span> <span class='ocrx_word' id='word_1_342' title='bbox 2724 1860 2944 1913; x_wconf 87' lang='lat' dir='ltr'><strong>nomine</strong></span> <span class='ocrx_word' id='word_1_343' title='bbox 2975 1858 3126 1928; x_wconf 85' lang='lat' dir='ltr'><strong>regni</strong></span> <span class='ocrx_word' id='word_1_344' title='bbox 3152 1858 3416 1912; x_wconf 72' lang='lat' dir='ltr'><strong>caelorum</strong></span> <span class='ocrx_word' id='word_1_345' title='bbox 3454 1857 3771 1926; x_wconf 89' lang='lat' dir='ltr'><strong>evangelico</strong></span> <span class='ocrx_word' id='word_1_346' title='bbox 3797 1870 3952 1909; x_wconf 91' lang='lat' dir='ltr'><strong>more</strong></span> <span class='ocrx_word' id='word_1_347' title='bbox 3989 1855 4078 1909; x_wconf 77' lang='lat' dir='ltr'><strong>in-</strong></span> 
     </span>
    </p>
   </div>
   <div class='ocr_carea' id='block_1_49' title="bbox 2505 1947 3482 2020">
    <p class='ocr_par' dir='ltr' id='par_1_49' title="bbox 2505 1947 3482 2020">
     <span class='ocr_line' id='line_1_49' title="bbox 2505 1947 3482 2020; baseline -0.003 -18"><span class='ocrx_word' id='word_1_348' title='bbox 2505 1951 2788 2020; x_wconf 90' lang='lat' dir='ltr'><strong>telligitur,</strong></span> <span class='ocrx_word' id='word_1_349' title='bbox 2823 1958 3019 2020; x_wconf 72' lang='lat' dir='ltr'><strong>praeter</strong></span> <span class='ocrx_word' id='word_1_350' title='bbox 3043 1947 3482 2003; x_wconf 88' lang='lat' dir='ltr'><strong>beatitudinem?</strong></span> 
     </span>
    </p>
   </div>
   <div class='ocr_carea' id='block_1_50' title="bbox 2577 2036 4081 2109">
    <p class='ocr_par' dir='ltr' id='par_1_50' title="bbox 2577 2036 4081 2109">
     <span class='ocr_line' id='line_1_50' title="bbox 2577 2036 4081 2109; baseline -0.005 -15"><span class='ocrx_word' id='word_1_351' title='bbox 2577 2041 2837 2094; x_wconf 87' lang='lat' dir='ltr'><strong>Neutrius</strong></span> <span class='ocrx_word' id='word_1_352' title='bbox 2872 2040 3046 2109; x_wconf 89' lang='lat' dir='ltr'><strong>partis</strong></span> <span class='ocrx_word' id='word_1_353' title='bbox 3073 2045 3395 2108; x_wconf 84' lang='lat' dir='ltr'><strong>argumenta</strong></span> <span class='ocrx_word' id='word_1_354' title='bbox 3439 2037 3492 2090; x_wconf 89' lang='lat' dir='ltr'><strong>id</strong></span> <span class='ocrx_word' id='word_1_355' title='bbox 3535 2036 3819 2097; x_wconf 91' lang='lat' dir='ltr'><strong>evincunt,</strong></span> <span class='ocrx_word' id='word_1_356' title='bbox 3850 2043 4081 2103; x_wconf 86' lang='lat' dir='ltr'><strong>propter</strong></span> 
     </span>
    </p>
   </div>
   <div class='ocr_carea' id='block_1_51' title="bbox 2503 2125 4081 2201">
    <p class='ocr_par' dir='ltr' id='par_1_51' title="bbox 2503 2125 4081 2201">
     <span class='ocr_line' id='line_1_51' title="bbox 2503 2125 4081 2201; baseline -0.004 -16"><span class='ocrx_word' id='word_1_357' title='bbox 2503 2133 2650 2201; x_wconf 88' lang='lat' dir='ltr'><strong>quod</strong></span> <span class='ocrx_word' id='word_1_358' title='bbox 2676 2133 2996 2187; x_wconf 69' lang='lat' dir='ltr'><strong>afferuntur.</strong></span> <span class='ocrx_word' id='word_1_359' title='bbox 3029 2132 3239 2186; x_wconf 88' lang='lat' dir='ltr'><strong>Scitum</strong></span> <span class='ocrx_word' id='word_1_360' title='bbox 3262 2131 3409 2185; x_wconf 91' lang='lat' dir='ltr'><strong>enim</strong></span> <span class='ocrx_word' id='word_1_361' title='bbox 3460 2137 3544 2183; x_wconf 92' lang='lat' dir='ltr'><strong>est</strong></span> <span class='ocrx_word' id='word_1_362' title='bbox 3581 2136 3828 2182; x_wconf 88' lang='lat' dir='ltr'><strong>veterum</strong></span> <span class='ocrx_word' id='word_1_363' title='bbox 3854 2125 4081 2180; x_wconf 86' lang='lat' dir='ltr'><strong>Patrum</strong></span> 
     </span>
    </p>
   </div>
   <div class='ocr_carea' id='block_1_52' title="bbox 2505 2218 4082 2294">
    <p class='ocr_par' dir='ltr' id='par_1_52' title="bbox 2505 2218 4082 2294">
     <span class='ocr_line' id='line_1_52' title="bbox 2505 2218 4082 2294; baseline -0.005 -16"><span class='ocrx_word' id='word_1_364' title='bbox 2505 2225 2694 2294; x_wconf 87' lang='lat' dir='ltr'><strong>plures</strong></span> <span class='ocrx_word' id='word_1_365' title='bbox 2723 2225 3002 2279; x_wconf 89' lang='lat' dir='ltr'><strong>distulisse</strong></span> <span class='ocrx_word' id='word_1_366' title='bbox 3025 2222 3324 2292; x_wconf 84' lang='lat' dir='ltr'><strong>perfectam</strong></span> <span class='ocrx_word' id='word_1_367' title='bbox 3363 2220 3758 2276; x_wconf 87' lang='lat' dir='ltr'><strong>beatitudinem</strong></span> <span class='ocrx_word' id='word_1_368' title='bbox 3794 2218 3862 2272; x_wconf 90' lang='lat' dir='ltr'><strong>ad</strong></span> <span class='ocrx_word' id='word_1_369' title='bbox 3903 2233 4082 2287; x_wconf 86' lang='lat' dir='ltr'><strong>usque</strong></span> 
     </span>
    </p>
   </div>
   <div class='ocr_carea' id='block_1_53' title="bbox 2499 2309 4081 2386">
    <p class='ocr_par' dir='ltr' id='par_1_53' title="bbox 2499 2309 4081 2386">
     <span class='ocr_line' id='line_1_53' title="bbox 2499 2309 4081 2386; baseline -0.005 -18"><span class='ocrx_word' id='word_1_370' title='bbox 2499 2316 2691 2386; x_wconf 82' lang='lat' dir='ltr'><strong>judicii</strong></span> <span class='ocrx_word' id='word_1_371' title='bbox 2720 2315 2962 2384; x_wconf 89' lang='lat' dir='ltr'><strong>supremi</strong></span> <span class='ocrx_word' id='word_1_372' title='bbox 2990 2314 3353 2375; x_wconf 86' lang='lat' dir='ltr'><strong>sententiam;</strong></span> <span class='ocrx_word' id='word_1_373' title='bbox 3393 2311 3630 2366; x_wconf 90' lang='lat' dir='ltr'><strong>sensisse</strong></span> <span class='ocrx_word' id='word_1_374' title='bbox 3674 2325 3806 2364; x_wconf 89' lang='lat' dir='ltr'><strong>vero</strong></span> <span class='ocrx_word' id='word_1_375' title='bbox 3855 2309 4081 2362; x_wconf 75' lang='lat' dir='ltr'><strong>interim</strong></span> 
     </span>
    </p>
   </div>
   <div class='ocr_carea' id='block_1_54' title="bbox 2505 2400 4084 2473">
    <p class='ocr_par' dir='ltr' id='par_1_54' title="bbox 2505 2400 4084 2473">
     <span class='ocr_line' id='line_1_54' title="bbox 2505 2400 4084 2473; baseline -0.004 -13"><span class='ocrx_word' id='word_1_376' title='bbox 2505 2407 2716 2460; x_wconf 89' lang='lat' dir='ltr'><strong>animas</strong></span> <span class='ocrx_word' id='word_1_377' title='bbox 2738 2413 3054 2459; x_wconf 90' lang='lat' dir='ltr'><strong>sanctorum</strong></span> <span class='ocrx_word' id='word_1_378' title='bbox 3076 2405 3132 2458; x_wconf 89' lang='lat' dir='ltr'><strong>in</strong></span> <span class='ocrx_word' id='word_1_379' title='bbox 3153 2405 3383 2460; x_wconf 85' lang='lat' dir='ltr'><strong>secretis</strong></span> <span class='ocrx_word' id='word_1_380' title='bbox 3401 2400 3730 2473; x_wconf 89' lang='lat' dir='ltr'><strong>quibusdam</strong></span> <span class='ocrx_word' id='word_1_381' title='bbox 3757 2409 4084 2470; x_wconf 80' lang='lat' dir='ltr'><strong>receptacu-</strong></span> 
     </span>
    </p>
   </div>
   <div class='ocr_carea' id='block_1_55' title="bbox 2503 2491 4081 2567">
    <p class='ocr_par' dir='ltr' id='par_1_55' title="bbox 2503 2491 4081 2567">
     <span class='ocr_line' id='line_1_55' title="bbox 2503 2491 4081 2567; baseline -0.006 -15"><span class='ocrx_word' id='word_1_382' title='bbox 2503 2497 2600 2560; x_wconf 90' lang='lat' dir='ltr'><strong>lis,</strong></span> <span class='ocrx_word' id='word_1_383' title='bbox 2651 2507 2710 2550; x_wconf 90' lang='lat' dir='ltr'><strong>ut</strong></span> <span class='ocrx_word' id='word_1_384' title='bbox 2753 2495 2911 2567; x_wconf 77' lang='lat'><strong>503</strong></span> <span class='ocrx_word' id='word_1_385' title='bbox 2967 2495 3211 2565; x_wconf 88' lang='lat' dir='ltr'><strong>loquitur</strong></span> <span class='ocrx_word' id='word_1_386' title='bbox 3259 2494 3700 2565; x_wconf 79' lang='lat' dir='ltr'><strong>Augustinus&quot;,</strong></span> <span class='ocrx_word' id='word_1_387' title='bbox 3761 2491 4081 2555; x_wconf 87' lang='lat' dir='ltr'><strong>contineri;</strong></span> 
     </span>
    </p>
   </div>
   <div class='ocr_carea' id='block_1_56' title="bbox 2504 2583 4078 2658">
    <p class='ocr_par' dir='ltr' id='par_1_56' title="bbox 2504 2583 4078 2658">
     <span class='ocr_line' id='line_1_56' title="bbox 2504 2583 4078 2658; baseline -0.006 -15"><span class='ocrx_word' id='word_1_388' title='bbox 2504 2604 2600 2658; x_wconf 89' lang='lat' dir='ltr'><strong>spe</strong></span> <span class='ocrx_word' id='word_1_389' title='bbox 2623 2596 2805 2642; x_wconf 90' lang='lat' dir='ltr'><strong>tamen</strong></span> <span class='ocrx_word' id='word_1_390' title='bbox 2828 2595 2976 2642; x_wconf 85' lang='lat' dir='ltr'><strong>certa</strong></span> <span class='ocrx_word' id='word_1_391' title='bbox 2998 2587 3357 2642; x_wconf 89' lang='lat' dir='ltr'><strong>beatitudinis</strong></span> <span class='ocrx_word' id='word_1_392' title='bbox 3373 2585 3625 2655; x_wconf 70' lang='lat' dir='ltr'><strong>perfecta:</strong></span> <span class='ocrx_word' id='word_1_393' title='bbox 3643 2583 3855 2650; x_wconf 86' lang='lat' dir='ltr'><strong>felices,</strong></span> <span class='ocrx_word' id='word_1_394' title='bbox 3880 2583 4078 2637; x_wconf 86' lang='lat' dir='ltr'><strong>saltem</strong></span> 
     </span>
    </p>
   </div>
   <div class='ocr_carea' id='block_1_57' title="bbox 2505 2676 4080 2750">
    <p class='ocr_par' dir='ltr' id='par_1_57' title="bbox 2505 2676 4080 2750">
     <span class='ocr_line' id='line_1_57' title="bbox 2505 2676 4080 2750; baseline -0.002 -17"><span class='ocrx_word' id='word_1_395' title='bbox 2505 2695 2618 2750; x_wconf 70' lang='lat' dir='ltr'><strong>prae</strong></span> <span class='ocrx_word' id='word_1_396' title='bbox 2648 2678 2990 2733; x_wconf 87' lang='lat' dir='ltr'><strong>mortalibus.</strong></span> <span class='ocrx_word' id='word_1_397' title='bbox 3029 2678 3238 2734; x_wconf 90' lang='lat' dir='ltr'><strong>Scitum</strong></span> <span class='ocrx_word' id='word_1_398' title='bbox 3267 2693 3486 2747; x_wconf 90' lang='lat' dir='ltr'><strong>quoque</strong></span> <span class='ocrx_word' id='word_1_399' title='bbox 3530 2676 3879 2746; x_wconf 89' lang='lat' dir='ltr'><strong>receptacula</strong></span> <span class='ocrx_word' id='word_1_400' title='bbox 3925 2678 4080 2746; x_wconf 90' lang='lat' dir='ltr'><strong>ejus-</strong></span> 
     </span>
    </p>
   </div>
   <div class='ocr_carea' id='block_1_58' title="bbox 2507 2765 4084 2826">
    <p class='ocr_par' dir='ltr' id='par_1_58' title="bbox 2507 2765 4084 2826">
     <span class='ocr_line' id='line_1_58' title="bbox 2507 2765 4084 2826; baseline -0.004 -1"><span class='ocrx_word' id='word_1_401' title='bbox 2507 2769 2656 2826; x_wconf 92' lang='lat' dir='ltr'><strong>modi</strong></span> <span class='ocrx_word' id='word_1_402' title='bbox 2687 2786 2716 2824; x_wconf 87' lang='lat' dir='ltr'><strong>a</strong></span> <span class='ocrx_word' id='word_1_403' title='bbox 2749 2770 3030 2824; x_wconf 88' lang='lat' dir='ltr'><strong>nonnullis</strong></span> <span class='ocrx_word' id='word_1_404' title='bbox 3057 2769 3111 2822; x_wconf 94' lang='lat' dir='ltr'><strong>iu</strong></span> <span class='ocrx_word' id='word_1_405' title='bbox 3134 2769 3276 2824; x_wconf 66' lang='lat' dir='ltr'><strong>caelo</strong></span> <span class='ocrx_word' id='word_1_406' title='bbox 3303 2768 3566 2823; x_wconf 86' lang='lat' dir='ltr'><strong>collocata</strong></span> <span class='ocrx_word' id='word_1_407' title='bbox 3602 2782 3722 2822; x_wconf 89' lang='lat' dir='ltr'><strong>esse</strong></span> <span class='ocrx_word' id='word_1_408' title='bbox 3757 2783 3770 2820; x_wconf 92' lang='lat'>:</span> <span class='ocrx_word' id='word_1_409' title='bbox 3802 2765 3950 2820; x_wconf 89' lang='lat' dir='ltr'><strong>unde</strong></span> <span class='ocrx_word' id='word_1_410' title='bbox 3996 2766 4084 2820; x_wconf 83' lang='lat' dir='ltr'><strong>di—</strong></span> 
     </span>
    </p>
   </div>
   <div class='ocr_carea' id='block_1_59' title="bbox 2509 2860 4086 2928">
    <p class='ocr_par' dir='ltr' id='par_1_59' title="bbox 2509 2860 4086 2928">
     <span class='ocr_line' id='line_1_59' title="bbox 2509 2860 4086 2928; baseline -0.002 -11"><span class='ocrx_word' id='word_1_411' title='bbox 2509 2863 2824 2917; x_wconf 80' lang='lat' dir='ltr'><strong>stinxerunt</strong></span> <span class='ocrx_word' id='word_1_412' title='bbox 2854 2862 2997 2916; x_wconf 89' lang='lat' dir='ltr'><strong>inter</strong></span> <span class='ocrx_word' id='word_1_413' title='bbox 3030 2861 3216 2915; x_wconf 88' lang='lat' dir='ltr'><strong>sedem</strong></span> <span class='ocrx_word' id='word_1_414' title='bbox 3246 2861 3533 2924; x_wconf 59' lang='lat' dir='ltr'><strong>caelorum,</strong></span> <span class='ocrx_word' id='word_1_415' title='bbox 3566 2860 3622 2913; x_wconf 89' lang='lat' dir='ltr'><strong>in</strong></span> <span class='ocrx_word' id='word_1_416' title='bbox 3651 2875 3759 2928; x_wconf 90' lang='lat' dir='ltr'><strong>qua</strong></span> <span class='ocrx_word' id='word_1_417' title='bbox 3783 2860 4086 2928; x_wconf 88' lang='lat' dir='ltr'><strong>quiescunt</strong></span> 
     </span>
    </p>
   </div>
   <div class='ocr_carea' id='block_1_60' title="bbox 2508 2949 4084 3021">
    <p class='ocr_par' dir='ltr' id='par_1_60' title="bbox 2508 2949 4084 3021">
     <span class='ocr_line' id='line_1_60' title="bbox 2508 2949 4084 3021; baseline -0.003 -14"><span class='ocrx_word' id='word_1_418' title='bbox 2508 2953 2704 3017; x_wconf 89' lang='lat' dir='ltr'><strong>sancti,</strong></span> <span class='ocrx_word' id='word_1_419' title='bbox 2747 2951 2923 3006; x_wconf 91' lang='lat' dir='ltr'><strong>donec</strong></span> <span class='ocrx_word' id='word_1_420' title='bbox 2968 2951 3262 3021; x_wconf 88' lang='lat' dir='ltr'><strong>impleatur</strong></span> <span class='ocrx_word' id='word_1_421' title='bbox 3289 2965 3553 3004; x_wconf 88' lang='lat' dir='ltr'><strong>numerus</strong></span> <span class='ocrx_word' id='word_1_422' title='bbox 3589 2949 3863 3013; x_wconf 84' lang='lat' dir='ltr'><strong>fratrum;</strong></span> <span class='ocrx_word' id='word_1_423' title='bbox 3905 2957 3964 3002; x_wconf 90' lang='lat' dir='ltr'><strong>et</strong></span> <span class='ocrx_word' id='word_1_424' title='bbox 3995 2963 4084 3002; x_wconf 80' lang='lat' dir='ltr'><strong>re-</strong></span> 
     </span>
    </p>
   </div>
   <div class='ocr_carea' id='block_1_61' title="bbox 2507 3039 4084 3112">
    <p class='ocr_par' dir='ltr' id='par_1_61' title="bbox 2507 3039 4084 3112">
     <span class='ocr_line' id='line_1_61' title="bbox 2507 3039 4084 3112; baseline -0.003 -16"><span class='ocrx_word' id='word_1_425' title='bbox 2507 3058 2674 3112; x_wconf 89' lang='lat' dir='ltr'><strong>gnum</strong></span> <span class='ocrx_word' id='word_1_426' title='bbox 2712 3043 2994 3107; x_wconf 73' lang='lat' dir='ltr'><strong>cmlornm,</strong></span> <span class='ocrx_word' id='word_1_427' title='bbox 3036 3042 3091 3095; x_wconf 90' lang='lat' dir='ltr'><strong>in</strong></span> <span class='ocrx_word' id='word_1_428' title='bbox 3114 3057 3225 3110; x_wconf 92' lang='lat' dir='ltr'><strong>quo</strong></span> <span class='ocrx_word' id='word_1_429' title='bbox 3251 3049 3480 3112; x_wconf 84' lang='lat' dir='ltr'><strong>regnant</strong></span> <span class='ocrx_word' id='word_1_430' title='bbox 3514 3039 3828 3096; x_wconf 62' lang='lat' dir='ltr'><strong>coheredes</strong></span> <span class='ocrx_word' id='word_1_431' title='bbox 3853 3039 4084 3095; x_wconf 87' lang='lat' dir='ltr'><strong>Christi.</strong></span> 
     </span>
    </p>
   </div>
   <div class='ocr_carea' id='block_1_62' title="bbox 2509 3131 4087 3203">
    <p class='ocr_par' dir='ltr' id='par_1_62' title="bbox 2509 3131 4087 3203">
     <span class='ocr_line' id='line_1_62' title="bbox 2509 3131 4087 3203; baseline -0.002 -14"><span class='ocrx_word' id='word_1_432' title='bbox 2509 3133 2698 3189; x_wconf 90' lang='lat' dir='ltr'><strong>Potuit</strong></span> <span class='ocrx_word' id='word_1_433' title='bbox 2734 3134 2900 3203; x_wconf 89' lang='lat' dir='ltr'><strong>igitur</strong></span> <span class='ocrx_word' id='word_1_434' title='bbox 2930 3133 3332 3196; x_wconf 89' lang='lat' dir='ltr'><strong>Theodoretus,</strong></span> <span class='ocrx_word' id='word_1_435' title='bbox 3361 3136 3379 3152; x_wconf 86' lang='lat'>&#39;</span> <span class='ocrx_word' id='word_1_436' title='bbox 3407 3147 3529 3201; x_wconf 76' lang='lat' dir='ltr'><strong>qua:</strong></span> <span class='ocrx_word' id='word_1_437' title='bbox 3554 3131 3796 3186; x_wconf 86' lang='lat' dir='ltr'><strong>adducta</strong></span> <span class='ocrx_word' id='word_1_438' title='bbox 3828 3141 3985 3195; x_wconf 82' lang='lat' dir='ltr'><strong>sunt,</strong></span> <span class='ocrx_word' id='word_1_439' title='bbox 4020 3148 4087 3186; x_wconf 78' lang='lat' dir='ltr'><strong>ex</strong></span> 
     </span>
    </p>
   </div>
   <div class='ocr_carea' id='block_1_63' title="bbox 842 3191 2464 3295">
    <p class='ocr_par' dir='ltr' id='par_1_63' title="bbox 842 3191 2464 3278">
     <span class='ocr_line' id='line_1_63' title="bbox 842 3191 2464 3278; baseline 0.006 -22"><span class='ocrx_word' id='word_1_440' title='bbox 842 3203 968 3266; x_wconf 88' lang='lat' dir='ltr'><strong>niis,</strong></span> <span class='ocrx_word' id='word_1_441' title='bbox 1018 3205 1130 3258; x_wconf 91' lang='lat' dir='ltr'><strong>sive</strong></span> <span class='ocrx_word' id='word_1_442' title='bbox 1172 3222 1292 3274; x_wconf 67' lang='lat' dir='ltr'><strong>qua:</strong></span> <span class='ocrx_word' id='word_1_443' title='bbox 1329 3208 1603 3273; x_wconf 88' lang='lat' dir='ltr'><strong>Petavius,</strong></span> <span class='ocrx_word' id='word_1_444' title='bbox 1648 3209 1762 3263; x_wconf 92' lang='lat' dir='ltr'><strong>sive</strong></span> <span class='ocrx_word' id='word_1_445' title='bbox 1800 3225 1920 3278; x_wconf 67' lang='lat' dir='ltr'><strong>quae</strong></span> <span class='ocrx_word' id='word_1_446' title='bbox 1962 3224 2062 3263; x_wconf 92' lang='lat' dir='ltr'><strong>nos</strong></span> <span class='ocrx_word' id='word_1_447' title='bbox 2105 3211 2405 3274; x_wconf 88' lang='lat' dir='ltr'><strong>attulimus,</strong></span> <span class='ocrx_word' id='word_1_448' title='bbox 2436 3191 2464 3249; x_wconf 72' lang='grc' dir='ltr'><strong>ί</strong></span> 
     </span>
    </p>
   </div>
   <div class='ocr_carea' id='block_1_64' title="bbox 2468 3191 4085 3295">
    <p class='ocr_par' dir='ltr' id='par_1_64' title="bbox 2468 3191 4085 3295">
     <span class='ocr_line' id='line_1_64' title="bbox 2468 3191 4085 3295; baseline 0 -17"><span class='ocrx_word' id='word_1_449' title='bbox 2468 3194 2692 3279; x_wconf 64' lang='lat' dir='ltr'><strong>:mente</strong></span> <span class='ocrx_word' id='word_1_450' title='bbox 2725 3191 3123 3295; x_wconf 52' lang='lat' dir='ltr'><strong>thrysostomi,</strong></span> <span class='ocrx_word' id='word_1_451' title='bbox 3169 3223 3326 3294; x_wconf 90' lang='lat' dir='ltr'><strong>sequi</strong></span> <span class='ocrx_word' id='word_1_452' title='bbox 3371 3191 3536 3292; x_wconf 77' lang='lat' dir='ltr'><strong>quem</strong></span> <span class='ocrx_word' id='word_1_453' title='bbox 3592 3223 3751 3286; x_wconf 91' lang='lat' dir='ltr'><strong>solet,</strong></span> <span class='ocrx_word' id='word_1_454' title='bbox 3794 3222 4046 3278; x_wconf 86' lang='lat' dir='ltr'><strong>scribere</strong></span> <span class='ocrx_word' id='word_1_455' title='bbox 4071 3263 4085 3285; x_wconf 87' lang='lat'><strong>.</strong></span> 
     </span>
    </p>
   </div>
   <div class='ocr_carea' id='block_1_65' title="bbox 842 3293 2411 3368">
    <p class='ocr_par' dir='ltr' id='par_1_65' title="bbox 842 3293 2411 3368">
     <span class='ocr_line' id='line_1_65' title="bbox 842 3293 2411 3368; baseline 0.005 -21"><span class='ocrx_word' id='word_1_456' title='bbox 842 3293 1054 3362; x_wconf 87' lang='lat' dir='ltr'><strong>liquido</strong></span> <span class='ocrx_word' id='word_1_457' title='bbox 1087 3305 1318 3350; x_wconf 88' lang='lat' dir='ltr'><strong>constat.</strong></span> <span class='ocrx_word' id='word_1_458' title='bbox 1351 3297 1734 3353; x_wconf 88' lang='lat' dir='ltr'><strong>Consulendus</strong></span> <span class='ocrx_word' id='word_1_459' title='bbox 1765 3309 1998 3368; x_wconf 91' lang='lat' dir='ltr'><strong>uterque</strong></span> <span class='ocrx_word' id='word_1_460' title='bbox 2030 3301 2205 3364; x_wconf 90' lang='lat' dir='ltr'><strong>locus,</strong></span> <span class='ocrx_word' id='word_1_461' title='bbox 2230 3317 2300 3355; x_wconf 91' lang='lat' dir='ltr'><strong>ne</strong></span> <span class='ocrx_word' id='word_1_462' title='bbox 2327 3318 2411 3356; x_wconf 89' lang='lat' dir='ltr'><strong>re-</strong></span> 
     </span>
    </p>
   </div>
   <div class='ocr_carea' id='block_1_66' title="bbox 843 3387 2189 3460">
    <p class='ocr_par' dir='ltr' id='par_1_66' title="bbox 843 3387 2189 3460">
     <span class='ocr_line' id='line_1_66' title="bbox 843 3387 2189 3460; baseline 0.003 -20"><span class='ocrx_word' id='word_1_463' title='bbox 843 3387 1207 3455; x_wconf 86' lang='lat' dir='ltr'><strong>petitionibus</strong></span> <span class='ocrx_word' id='word_1_464' title='bbox 1231 3389 1525 3459; x_wconf 86' lang='lat' dir='ltr'><strong>superﬁuis</strong></span> <span class='ocrx_word' id='word_1_465' title='bbox 1551 3399 1719 3460; x_wconf 90' lang='lat' dir='ltr'><strong>caput</strong></span> <span class='ocrx_word' id='word_1_466' title='bbox 1748 3391 1850 3446; x_wconf 91' lang='lat' dir='ltr'><strong>hoc</strong></span> <span class='ocrx_word' id='word_1_467' title='bbox 1879 3391 2189 3460; x_wconf 90' lang='lat' dir='ltr'><strong>oppleatur.</strong></span> 
     </span>
    </p>
   </div>
   <div class='ocr_carea' id='block_1_67' title="bbox 1440 3520 1812 3577">
    <p class='ocr_par' dir='ltr' id='par_1_67' title="bbox 1440 3520 1812 3577">
     <span class='ocr_line' id='line_1_67' title="bbox 1440 3520 1812 3577; baseline -0.003 -1"><span class='ocrx_word' id='word_1_468' title='bbox 1440 3520 1664 3577; x_wconf 81' lang='lat' dir='ltr'><strong>CAPUT</strong></span> <span class='ocrx_word' id='word_1_469' title='bbox 1699 3523 1812 3577; x_wconf 82' lang='lat' dir='ltr'><strong>VII.</strong></span> 
     </span>
    </p>
   </div>
   <div class='ocr_carea' id='block_1_68' title="bbox 1293 3632 1971 3703">
    <p class='ocr_par' dir='ltr' id='par_1_68' title="bbox 1293 3632 1971 3703">
     <span class='ocr_line' id='line_1_68' title="bbox 1293 3632 1971 3703; baseline 0 -17"><span class='ocrx_word' id='word_1_470' title='bbox 1293 3632 1368 3686; x_wconf 84' lang='lat' dir='ltr'><strong>De</strong></span> <span class='ocrx_word' id='word_1_471' title='bbox 1400 3635 1615 3703; x_wconf 70' lang='lat' dir='ltr'><strong>prwmio</strong></span> <span class='ocrx_word' id='word_1_472' title='bbox 1647 3643 1971 3687; x_wconf 85' lang='lat' dir='ltr'><strong>sanctorum.</strong></span> 
     </span>
    </p>
   </div>
   <div class='ocr_carea' id='block_1_69' title="bbox 917 3755 2408 3827">
    <p class='ocr_par' dir='ltr' id='par_1_69' title="bbox 917 3755 2408 3827">
     <span class='ocr_line' id='line_1_69' title="bbox 917 3755 2408 3827; baseline -0.002 -14"><span class='ocrx_word' id='word_1_473' title='bbox 917 3759 990 3813; x_wconf 89' lang='lat' dir='ltr'><strong>Dc</strong></span> <span class='ocrx_word' id='word_1_474' title='bbox 1017 3757 1240 3827; x_wconf 69' lang='lat' dir='ltr'><strong>praemio</strong></span> <span class='ocrx_word' id='word_1_475' title='bbox 1263 3766 1600 3821; x_wconf 90' lang='lat' dir='ltr'><strong>sanctorum,</strong></span> <span class='ocrx_word' id='word_1_476' title='bbox 1625 3772 1746 3826; x_wconf 68' lang='lat' dir='ltr'><strong>qum</strong></span> <span class='ocrx_word' id='word_1_477' title='bbox 1769 3755 2001 3811; x_wconf 86' lang='lat' dir='ltr'><strong>felicitas</strong></span> <span class='ocrx_word' id='word_1_478' title='bbox 2021 3757 2248 3811; x_wconf 87' lang='lat' dir='ltr'><strong>alterius</strong></span> <span class='ocrx_word' id='word_1_479' title='bbox 2264 3757 2408 3818; x_wconf 50' lang='lat' dir='ltr'><strong>vitae,</strong></span> 
     </span>
    </p>
   </div>
   <div class='ocr_carea' id='block_1_70' title="bbox 845 3849 2411 3919">
    <p class='ocr_par' dir='ltr' id='par_1_70' title="bbox 845 3849 2411 3919">
     <span class='ocr_line' id='line_1_70' title="bbox 845 3849 2411 3919; baseline -0.001 -14"><span class='ocrx_word' id='word_1_480' title='bbox 845 3861 1004 3906; x_wconf 76' lang='lat' dir='ltr'><strong>motze</strong></span> <span class='ocrx_word' id='word_1_481' title='bbox 1031 3860 1176 3910; x_wconf 83' lang='lat' dir='ltr'><strong>sunt.</strong></span> <span class='ocrx_word' id='word_1_482' title='bbox 1194 3851 1304 3919; x_wconf 87' lang='lat' dir='ltr'><strong>jam</strong></span> <span class='ocrx_word' id='word_1_483' title='bbox 1327 3849 1453 3904; x_wconf 92' lang='lat' dir='ltr'><strong>inde</strong></span> <span class='ocrx_word' id='word_1_484' title='bbox 1483 3866 1512 3904; x_wconf 89' lang='lat' dir='ltr'><strong>a</strong></span> <span class='ocrx_word' id='word_1_485' title='bbox 1547 3850 1740 3919; x_wconf 90' lang='lat' dir='ltr'><strong>primis</strong></span> <span class='ocrx_word' id='word_1_486' title='bbox 1766 3850 2123 3919; x_wconf 89' lang='lat' dir='ltr'><strong>temporibus,</strong></span> <span class='ocrx_word' id='word_1_487' title='bbox 2152 3850 2411 3919; x_wconf 62' lang='lat' dir='ltr'><strong>quaastio-</strong></span> 
     </span>
    </p>
   </div>
   <div class='ocr_carea' id='block_1_71' title="bbox 847 3941 2408 4011">
    <p class='ocr_par' dir='ltr' id='par_1_71' title="bbox 847 3941 2408 4011">
     <span class='ocr_line' id='line_1_71' title="bbox 847 3941 2408 4011; baseline -0.001 -16"><span class='ocrx_word' id='word_1_488' title='bbox 847 3957 944 3996; x_wconf 89' lang='lat' dir='ltr'><strong>nes</strong></span> <span class='ocrx_word' id='word_1_489' title='bbox 969 3942 1255 4011; x_wconf 63' lang='lat' dir='ltr'><strong>pracipuae</strong></span> <span class='ocrx_word' id='word_1_490' title='bbox 1283 3950 1391 3995; x_wconf 91' lang='lat' dir='ltr'><strong>tres</strong></span> <span class='ocrx_word' id='word_1_491' title='bbox 1425 3961 1435 3990; x_wconf 86' lang='lat'>:</span> <span class='ocrx_word' id='word_1_492' title='bbox 1469 3943 1667 4010; x_wconf 86' lang='lat' dir='ltr'><strong>prima,</strong></span> <span class='ocrx_word' id='word_1_493' title='bbox 1701 3957 1769 3994; x_wconf 88' lang='lat' dir='ltr'><strong>an</strong></span> <span class='ocrx_word' id='word_1_494' title='bbox 1793 3942 1992 4004; x_wconf 90' lang='lat' dir='ltr'><strong>sancti,</strong></span> <span class='ocrx_word' id='word_1_495' title='bbox 2018 3957 2144 3995; x_wconf 92' lang='lat' dir='ltr'><strong>cum</strong></span> <span class='ocrx_word' id='word_1_496' title='bbox 2173 3941 2408 4010; x_wconf 91' lang='lat' dir='ltr'><strong>primum</strong></span> 
     </span>
    </p>
   </div>
   <div class='ocr_carea' id='block_1_72' title="bbox 845 4031 2415 4102">
    <p class='ocr_par' dir='ltr' id='par_1_72' title="bbox 845 4031 2415 4102">
     <span class='ocr_line' id='line_1_72' title="bbox 845 4031 2415 4102; baseline -0.001 -16"><span class='ocrx_word' id='word_1_497' title='bbox 845 4032 1204 4102; x_wconf 88' lang='lat' dir='ltr'><strong>egrediuntur</strong></span> <span class='ocrx_word' id='word_1_498' title='bbox 1233 4047 1264 4082; x_wconf 86' lang='lat' dir='ltr'><strong>e</strong></span> <span class='ocrx_word' id='word_1_499' title='bbox 1297 4031 1509 4085; x_wconf 89' lang='lat' dir='ltr'><strong>mortali</strong></span> <span class='ocrx_word' id='word_1_500' title='bbox 1543 4032 1673 4094; x_wconf 88' lang='lat' dir='ltr'><strong>vita,</strong></span> <span class='ocrx_word' id='word_1_501' title='bbox 1702 4033 1747 4086; x_wconf 91' lang='lat' dir='ltr'><strong>si</strong></span> <span class='ocrx_word' id='word_1_502' title='bbox 1783 4031 1984 4087; x_wconf 92' lang='lat' dir='ltr'><strong>fuerint</strong></span> <span class='ocrx_word' id='word_1_503' title='bbox 2014 4041 2269 4101; x_wconf 82' lang='lat' dir='ltr'><strong>expertes</strong></span> <span class='ocrx_word' id='word_1_504' title='bbox 2297 4047 2415 4085; x_wconf 85' lang='lat' dir='ltr'><strong>rea-</strong></span> 
     </span>
    </p>
   </div>
   <div class='ocr_carea' id='block_1_73' title="bbox 849 4121 2416 4189">
    <p class='ocr_par' dir='ltr' id='par_1_73' title="bbox 849 4121 2416 4189">
     <span class='ocr_line' id='line_1_73' title="bbox 849 4121 2416 4189; baseline -0.001 -12"><span class='ocrx_word' id='word_1_505' title='bbox 849 4132 937 4177; x_wconf 86' lang='lat' dir='ltr'><strong>tus</strong></span> <span class='ocrx_word' id='word_1_506' title='bbox 962 4124 1156 4186; x_wconf 87' lang='lat' dir='ltr'><strong>omnis,</strong></span> <span class='ocrx_word' id='word_1_507' title='bbox 1191 4121 1446 4176; x_wconf 88' lang='lat' dir='ltr'><strong>felicitate</strong></span> <span class='ocrx_word' id='word_1_508' title='bbox 1473 4121 1755 4189; x_wconf 87' lang='lat' dir='ltr'><strong>fruantur;</strong></span> <span class='ocrx_word' id='word_1_509' title='bbox 1788 4123 2048 4187; x_wconf 91' lang='lat' dir='ltr'><strong>secunda,</strong></span> <span class='ocrx_word' id='word_1_510' title='bbox 2077 4138 2143 4176; x_wconf 89' lang='lat' dir='ltr'><strong>an</strong></span> <span class='ocrx_word' id='word_1_511' title='bbox 2180 4122 2416 4176; x_wconf 90' lang='lat' dir='ltr'><strong>felicitas</strong></span> 
     </span>
    </p>
   </div>
   <div class='ocr_carea' id='block_1_74' title="bbox 848 4213 2396 4287">
    <p class='ocr_par' dir='ltr' id='par_1_74' title="bbox 848 4213 2396 4287">
     <span class='ocr_line' id='line_1_74' title="bbox 848 4213 2396 4287; baseline -0.004 -15"><span class='ocrx_word' id='word_1_512' title='bbox 848 4216 1115 4287; x_wconf 85' lang='lat' dir='ltr'><strong>ejusmodi</strong></span> <span class='ocrx_word' id='word_1_513' title='bbox 1137 4215 1321 4270; x_wconf 90' lang='lat' dir='ltr'><strong>futura</strong></span> <span class='ocrx_word' id='word_1_514' title='bbox 1353 4215 1424 4268; x_wconf 90' lang='lat' dir='ltr'><strong>sit</strong></span> <span class='ocrx_word' id='word_1_515' title='bbox 1450 4224 1687 4279; x_wconf 68' lang='lat' dir='ltr'><strong>aeterna;</strong></span> <span class='ocrx_word' id='word_1_516' title='bbox 1716 4216 1900 4276; x_wconf 91' lang='lat' dir='ltr'><strong>tertia,</strong></span> <span class='ocrx_word' id='word_1_517' title='bbox 1925 4230 1993 4268; x_wconf 91' lang='lat' dir='ltr'><strong>an</strong></span> <span class='ocrx_word' id='word_1_518' title='bbox 2026 4214 2200 4267; x_wconf 90' lang='lat' dir='ltr'><strong>sancti</strong></span> <span class='ocrx_word' id='word_1_519' title='bbox 2230 4213 2396 4267; x_wconf 90' lang='lat' dir='ltr'><strong>visuri</strong></span> 
     </span>
    </p>
   </div>
   <div class='ocr_carea' id='block_1_75' title="bbox 850 4306 1940 4376">
    <p class='ocr_par' dir='ltr' id='par_1_75' title="bbox 850 4306 1940 4376">
     <span class='ocr_line' id='line_1_75' title="bbox 850 4306 1940 4376; baseline -0.005 -13"><span class='ocrx_word' id='word_1_520' title='bbox 850 4310 959 4364; x_wconf 80' lang='lat' dir='ltr'><strong>sint</strong></span> <span class='ocrx_word' id='word_1_521' title='bbox 985 4307 1278 4376; x_wconf 86' lang='lat' dir='ltr'><strong>aliquando</strong></span> <span class='ocrx_word' id='word_1_522' title='bbox 1304 4307 1476 4376; x_wconf 83' lang='lat' dir='ltr'><strong>ipsam</strong></span> <span class='ocrx_word' id='word_1_523' title='bbox 1500 4307 1594 4360; x_wconf 90' lang='lat' dir='ltr'><strong>Dei</strong></span> <span class='ocrx_word' id='word_1_524' title='bbox 1623 4306 1940 4360; x_wconf 90' lang='lat' dir='ltr'><strong>essentiam.</strong></span> 
     </span>
    </p>
   </div>
   <div class='ocr_carea' id='block_1_76' title="bbox 920 4395 2412 4467">
    <p class='ocr_par' dir='ltr' id='par_1_76' title="bbox 920 4395 2412 4467">
     <span class='ocr_line' id='line_1_76' title="bbox 920 4395 2412 4467; baseline -0.003 -15"><span class='ocrx_word' id='word_1_525' title='bbox 920 4400 994 4452; x_wconf 91' lang='lat' dir='ltr'><strong>De</strong></span> <span class='ocrx_word' id='word_1_526' title='bbox 1028 4399 1202 4467; x_wconf 89' lang='lat' dir='ltr'><strong>prima</strong></span> <span class='ocrx_word' id='word_1_527' title='bbox 1238 4397 1538 4465; x_wconf 77' lang='lat' dir='ltr'><strong>quaestione</strong></span> <span class='ocrx_word' id='word_1_528' title='bbox 1572 4397 1902 4450; x_wconf 87' lang='lat' dir='ltr'><strong>Theodoreti</strong></span> <span class='ocrx_word' id='word_1_529' title='bbox 1945 4411 2098 4450; x_wconf 90' lang='lat' dir='ltr'><strong>mens</strong></span> <span class='ocrx_word' id='word_1_530' title='bbox 2130 4395 2294 4449; x_wconf 90' lang='lat' dir='ltr'><strong>dubia</strong></span> <span class='ocrx_word' id='word_1_531' title='bbox 2330 4395 2412 4448; x_wconf 89' lang='lat' dir='ltr'><strong>vi-</strong></span> 
     </span>
    </p>
   </div>
   <div class='ocr_carea' id='block_1_77' title="bbox 2511 3313 4085 3386">
    <p class='ocr_par' dir='ltr' id='par_1_77' title="bbox 2511 3313 4085 3386">
     <span class='ocr_line' id='line_1_77' title="bbox 2511 3313 4085 3386; baseline -0.001 -16"><span class='ocrx_word' id='word_1_532' title='bbox 2511 3332 2614 3370; x_wconf 89' lang='lat' dir='ltr'><strong>nec</strong></span> <span class='ocrx_word' id='word_1_533' title='bbox 2640 3326 2820 3371; x_wconf 89' lang='lat' dir='ltr'><strong>tamen</strong></span> <span class='ocrx_word' id='word_1_534' title='bbox 2859 3331 2958 3386; x_wconf 92' lang='lat' dir='ltr'><strong>pro</strong></span> <span class='ocrx_word' id='word_1_535' title='bbox 2995 3315 3277 3386; x_wconf 90' lang='lat' dir='ltr'><strong>opinione,</strong></span> <span class='ocrx_word' id='word_1_536' title='bbox 3316 3330 3438 3385; x_wconf 65' lang='lat' dir='ltr'><strong>quae</strong></span> <span class='ocrx_word' id='word_1_537' title='bbox 3469 3314 3701 3368; x_wconf 87' lang='lat' dir='ltr'><strong>invaluit</strong></span> <span class='ocrx_word' id='word_1_538' title='bbox 3730 3313 3786 3366; x_wconf 93' lang='lat' dir='ltr'><strong>in</strong></span> <span class='ocrx_word' id='word_1_539' title='bbox 3815 3313 4085 3378; x_wconf 83' lang='lat' dir='ltr'><strong>Ecclesia,</strong></span> 
     </span>
    </p>
   </div>
   <div class='ocr_carea' id='block_1_78' title="bbox 2513 3409 2739 3462">
    <p class='ocr_par' dir='ltr' id='par_1_78' title="bbox 2513 3409 2739 3462">
     <span class='ocr_line' id='line_1_78' title="bbox 2513 3409 2739 3462; baseline -0.009 0"><span class='ocrx_word' id='word_1_540' title='bbox 2513 3409 2739 3462; x_wconf 89' lang='lat' dir='ltr'><strong>sentire.</strong></span> 
     </span>
    </p>
   </div>
   <div class='ocr_carea' id='block_1_79' title="bbox 2588 3493 4087 3565">
    <p class='ocr_par' dir='ltr' id='par_1_79' title="bbox 2588 3493 4087 3565">
     <span class='ocr_line' id='line_1_79' title="bbox 2588 3493 4087 3565; baseline -0.004 -14"><span class='ocrx_word' id='word_1_541' title='bbox 2588 3498 2664 3552; x_wconf 88' lang='lat' dir='ltr'><strong>De</strong></span> <span class='ocrx_word' id='word_1_542' title='bbox 2691 3499 2933 3552; x_wconf 90' lang='lat' dir='ltr'><strong>secunda</strong></span> <span class='ocrx_word' id='word_1_543' title='bbox 2957 3499 3259 3565; x_wconf 77' lang='lat' dir='ltr'><strong>quaestione</strong></span> <span class='ocrx_word' id='word_1_544' title='bbox 3280 3497 3466 3552; x_wconf 88' lang='lat' dir='ltr'><strong>nullus</strong></span> <span class='ocrx_word' id='word_1_545' title='bbox 3489 3506 3575 3550; x_wconf 90' lang='lat' dir='ltr'><strong>est</strong></span> <span class='ocrx_word' id='word_1_546' title='bbox 3594 3493 3884 3550; x_wconf 87' lang='lat' dir='ltr'><strong>dubitandi</strong></span> <span class='ocrx_word' id='word_1_547' title='bbox 3911 3493 4087 3552; x_wconf 89' lang='lat' dir='ltr'><strong>locus.</strong></span> 
     </span>
    </p>
   </div>
   <div class='ocr_carea' id='block_1_80' title="bbox 2513 3583 4092 3656">
    <p class='ocr_par' dir='ltr' id='par_1_80' title="bbox 2513 3583 4092 3656">
     <span class='ocr_line' id='line_1_80' title="bbox 2513 3583 4092 3656; baseline -0.003 -17"><span class='ocrx_word' id='word_1_548' title='bbox 2513 3587 2647 3656; x_wconf 90' lang='lat' dir='ltr'><strong>quin</strong></span> <span class='ocrx_word' id='word_1_549' title='bbox 2677 3586 2945 3641; x_wconf 90' lang='lat' dir='ltr'><strong>catholice</strong></span> <span class='ocrx_word' id='word_1_550' title='bbox 2970 3587 3208 3641; x_wconf 87' lang='lat' dir='ltr'><strong>senserit</strong></span> <span class='ocrx_word' id='word_1_551' title='bbox 3233 3628 3244 3640; x_wconf 93' lang='lat'><strong>.</strong></span> <span class='ocrx_word' id='word_1_552' title='bbox 3273 3601 3397 3640; x_wconf 89' lang='lat' dir='ltr'><strong>nam</strong></span> <span class='ocrx_word' id='word_1_553' title='bbox 3420 3593 3476 3638; x_wconf 92' lang='lat' dir='ltr'><strong>et</strong></span> <span class='ocrx_word' id='word_1_554' title='bbox 3499 3595 3718 3639; x_wconf 66' lang='lat' dir='ltr'><strong>intentae</strong></span> <span class='ocrx_word' id='word_1_555' title='bbox 3743 3583 3868 3637; x_wconf 77' lang='lat' dir='ltr'><strong>vitae</strong></span> <span class='ocrx_word' id='word_1_556' title='bbox 3896 3583 4092 3635; x_wconf 84' lang='lat' dir='ltr'><strong>memi-</strong></span> 
     </span>
    </p>
   </div>
   <div class='ocr_carea' id='block_1_81' title="bbox 2514 3675 4092 3745">
    <p class='ocr_par' dir='ltr' id='par_1_81' title="bbox 2514 3675 4092 3745">
     <span class='ocr_line' id='line_1_81' title="bbox 2514 3675 4092 3745; baseline -0.003 -17"><span class='ocrx_word' id='word_1_557' title='bbox 2514 3677 2619 3738; x_wconf 89' lang='lat' dir='ltr'><strong>nit,</strong></span> <span class='ocrx_word' id='word_1_558' title='bbox 2658 3691 2782 3728; x_wconf 90' lang='lat' dir='ltr'><strong>cum</strong></span> <span class='ocrx_word' id='word_1_559' title='bbox 2829 3675 2897 3729; x_wconf 94' lang='lat' dir='ltr'><strong>de</strong></span> <span class='ocrx_word' id='word_1_560' title='bbox 2931 3678 3155 3745; x_wconf 61' lang='lat' dir='ltr'><strong>praemio</strong></span> <span class='ocrx_word' id='word_1_561' title='bbox 3204 3685 3518 3735; x_wconf 80' lang='lat' dir='ltr'><strong>Sanctorum</strong></span> <span class='ocrx_word' id='word_1_562' title='bbox 3559 3675 3691 3744; x_wconf 86' lang='lat' dir='ltr'><strong>agit,</strong></span> <span class='ocrx_word' id='word_1_563' title='bbox 3746 3682 3804 3727; x_wconf 93' lang='lat' dir='ltr'><strong>et</strong></span> <span class='ocrx_word' id='word_1_564' title='bbox 3849 3681 4092 3726; x_wconf 64' lang='lat' dir='ltr'><strong>aeternas</strong></span> 
     </span>
    </p>
   </div>
   <div class='ocr_carea' id='block_1_82' title="bbox 2513 3763 4090 3837">
    <p class='ocr_par' dir='ltr' id='par_1_82' title="bbox 2513 3763 4090 3837">
     <span class='ocr_line' id='line_1_82' title="bbox 2513 3763 4090 3837; baseline -0.003 -17"><span class='ocrx_word' id='word_1_565' title='bbox 2513 3767 2898 3820; x_wconf 86' lang='lat' dir='ltr'><strong>damnatorum</strong></span> <span class='ocrx_word' id='word_1_566' title='bbox 2926 3783 3117 3837; x_wconf 75' lang='lat' dir='ltr'><strong>pcenas</strong></span> <span class='ocrx_word' id='word_1_567' title='bbox 3141 3767 3343 3836; x_wconf 81' lang='lat' dir='ltr'><strong>passim</strong></span> <span class='ocrx_word' id='word_1_568' title='bbox 3368 3773 3658 3820; x_wconf 88' lang='lat' dir='ltr'><strong>memorat.</strong></span> <span class='ocrx_word' id='word_1_569' title='bbox 3687 3763 3941 3834; x_wconf 87' lang='lat' dir='ltr'><strong>Legenda</strong></span> <span class='ocrx_word' id='word_1_570' title='bbox 3974 3764 4090 3816; x_wconf 89' lang='lat' dir='ltr'><strong>loca</strong></span> 
     </span>
    </p>
   </div>
   <div class='ocr_carea' id='block_1_83' title="bbox 2511 3855 4090 3927">
    <p class='ocr_par' dir='ltr' id='par_1_83' title="bbox 2511 3855 4090 3927">
     <span class='ocr_line' id='line_1_83' title="bbox 2511 3855 4090 3927; baseline -0.004 -15"><span class='ocrx_word' id='word_1_571' title='bbox 2511 3858 2622 3912; x_wconf 93' lang='lat' dir='ltr'><strong>duo</strong></span> <span class='ocrx_word' id='word_1_572' title='bbox 2648 3859 2938 3927; x_wconf 68' lang='lat' dir='ltr'><strong>praecipue,</strong></span> <span class='ocrx_word' id='word_1_573' title='bbox 2964 3874 3084 3927; x_wconf 88' lang='lat' dir='ltr'><strong>cap.</strong></span> <span class='ocrx_word' id='word_1_574' title='bbox 3109 3859 3190 3919; x_wconf 75' lang='grc'><strong>20¹</strong></span> <span class='ocrx_word' id='word_1_575' title='bbox 3230 3859 3356 3913; x_wconf 90' lang='lat' dir='ltr'><strong>libri</strong></span> <span class='ocrx_word' id='word_1_576' title='bbox 3380 3857 3559 3926; x_wconf 90' lang='lat' dir='ltr'><strong>quinti</strong></span> <span class='ocrx_word' id='word_1_577' title='bbox 3583 3855 3970 3909; x_wconf 74' lang='lat' dir='ltr'><strong>ereticarum</strong></span> <span class='ocrx_word' id='word_1_578' title='bbox 4011 3855 4090 3922; x_wconf 76' lang='lat' dir='ltr'><strong>fa-</strong></span> 
     </span>
    </p>
   </div>
   <div class='ocr_carea' id='block_1_84' title="bbox 2510 3945 4086 4015">
    <p class='ocr_par' dir='ltr' id='par_1_84' title="bbox 2510 3945 4086 4015">
     <span class='ocr_line' id='line_1_84' title="bbox 2510 3945 4086 4015; baseline -0.004 -12"><span class='ocrx_word' id='word_1_579' title='bbox 2510 3950 2776 4015; x_wconf 82' lang='lat' dir='ltr'><strong>bularum,</strong></span> <span class='ocrx_word' id='word_1_580' title='bbox 2821 3957 2875 4003; x_wconf 92' lang='lat' dir='ltr'><strong>et</strong></span> <span class='ocrx_word' id='word_1_581' title='bbox 2915 3966 3096 4005; x_wconf 91' lang='lat' dir='ltr'><strong>sermo</strong></span> <span class='ocrx_word' id='word_1_582' title='bbox 3134 3968 3170 4006; x_wconf 88' lang='lat' dir='ltr'><strong>n</strong></span> <span class='ocrx_word' id='word_1_583' title='bbox 3209 3950 3284 4003; x_wconf 86' lang='lat' dir='ltr'><strong>De</strong></span> <span class='ocrx_word' id='word_1_584' title='bbox 3320 3950 3567 4003; x_wconf 80' lang='lat' dir='ltr'><strong>curandis</strong></span> <span class='ocrx_word' id='word_1_585' title='bbox 3600 3947 3906 4003; x_wconf 53' lang='lat' dir='ltr'><strong>Graecorum</strong></span> <span class='ocrx_word' id='word_1_586' title='bbox 3960 3945 4086 4014; x_wconf 64' lang='grc' dir='ltr'><em>απε-</em></span> 
     </span>
    </p>
   </div>
   <div class='ocr_carea' id='block_1_85' title="bbox 2513 4034 4088 4104">
    <p class='ocr_par' dir='ltr' id='par_1_85' title="bbox 2513 4034 4088 4104">
     <span class='ocr_line' id='line_1_85' title="bbox 2513 4034 4088 4104; baseline -0.003 -11"><span class='ocrx_word' id='word_1_587' title='bbox 2513 4041 2764 4093; x_wconf 84' lang='lat' dir='ltr'><strong>ctionibus</strong></span> <span class='ocrx_word' id='word_1_588' title='bbox 2790 4080 2805 4104; x_wconf 95' lang='lat'><strong>,</strong></span> <span class='ocrx_word' id='word_1_589' title='bbox 2852 4041 2944 4094; x_wconf 92' lang='lat' dir='ltr'><strong>ubi</strong></span> <span class='ocrx_word' id='word_1_590' title='bbox 2987 4041 3326 4098; x_wconf 86' lang='lat' dir='ltr'><strong>observanda</strong></span> <span class='ocrx_word' id='word_1_591' title='bbox 3381 4039 3548 4094; x_wconf 90' lang='lat' dir='ltr'><strong>verba</strong></span> <span class='ocrx_word' id='word_1_592' title='bbox 3585 4039 3701 4091; x_wconf 75' lang='lat' dir='ltr'><strong>hzec</strong></span> <span class='ocrx_word' id='word_1_593' title='bbox 3741 4054 3754 4089; x_wconf 91' lang='lat'>:</span> <span class='ocrx_word' id='word_1_594' title='bbox 3802 4054 3820 4086; x_wconf 83' lang='grc'><strong><em>‹</em></strong></span> <span class='ocrx_word' id='word_1_595' title='bbox 3848 4034 4010 4101; x_wconf 90' lang='lat' dir='ltr'><strong>Quod</strong></span> <span class='ocrx_word' id='word_1_596' title='bbox 4046 4036 4088 4088; x_wconf 91' lang='lat' dir='ltr'><strong>si</strong></span> 
     </span>
    </p>
   </div>
   <div class='ocr_carea' id='block_1_86' title="bbox 2513 4125 4086 4201">
    <p class='ocr_par' dir='ltr' id='par_1_86' title="bbox 2513 4125 4086 4201">
     <span class='ocr_line' id='line_1_86' title="bbox 2513 4125 4086 4201; baseline -0.003 -16"><span class='ocrx_word' id='word_1_597' title='bbox 2513 4148 2642 4186; x_wconf 88' lang='lat' dir='ltr'><strong>vera</strong></span> <span class='ocrx_word' id='word_1_598' title='bbox 2669 4141 2772 4195; x_wconf 89' lang='lat' dir='ltr'><strong>est,</strong></span> <span class='ocrx_word' id='word_1_599' title='bbox 2817 4133 2978 4186; x_wconf 89' lang='lat' dir='ltr'><strong>sicuti</strong></span> <span class='ocrx_word' id='word_1_600' title='bbox 3013 4146 3142 4187; x_wconf 83' lang='lat' dir='ltr'><strong>vera</strong></span> <span class='ocrx_word' id='word_1_601' title='bbox 3191 4143 3274 4187; x_wconf 91' lang='lat' dir='ltr'><strong>est</strong></span> <span class='ocrx_word' id='word_1_602' title='bbox 3313 4132 3430 4201; x_wconf 91' lang='lat' dir='ltr'><strong>(Dei</strong></span> <span class='ocrx_word' id='word_1_603' title='bbox 3458 4131 3605 4185; x_wconf 89' lang='lat' dir='ltr'><strong>enim</strong></span> <span class='ocrx_word' id='word_1_604' title='bbox 3635 4136 3719 4183; x_wconf 89' lang='lat' dir='ltr'><strong>est</strong></span> <span class='ocrx_word' id='word_1_605' title='bbox 3748 4125 4086 4196; x_wconf 90' lang='lat' dir='ltr'><strong>promissio),</strong></span> 
     </span>
    </p>
   </div>
   <div class='ocr_carea' id='block_1_87' title="bbox 2513 4216 4090 4287">
    <p class='ocr_par' dir='ltr' id='par_1_87' title="bbox 2513 4216 4090 4287">
     <span class='ocr_line' id='line_1_87' title="bbox 2513 4216 4090 4287; baseline -0.003 -11"><span class='ocrx_word' id='word_1_606' title='bbox 2513 4239 2622 4276; x_wconf 90' lang='lat' dir='ltr'><strong>non</strong></span> <span class='ocrx_word' id='word_1_607' title='bbox 2655 4223 2863 4277; x_wconf 90' lang='lat' dir='ltr'><strong>inutilis</strong></span> <span class='ocrx_word' id='word_1_608' title='bbox 2886 4231 2971 4277; x_wconf 92' lang='lat' dir='ltr'><strong>est</strong></span> <span class='ocrx_word' id='word_1_609' title='bbox 2993 4223 3193 4277; x_wconf 67' lang='lat' dir='ltr'><strong>divinae</strong></span> <span class='ocrx_word' id='word_1_610' title='bbox 3219 4221 3581 4276; x_wconf 90' lang='lat' dir='ltr'><strong>institutionis</strong></span> <span class='ocrx_word' id='word_1_611' title='bbox 3609 4217 3921 4287; x_wconf 90' lang='lat' dir='ltr'><strong>disciplina.</strong></span> <span class='ocrx_word' id='word_1_612' title='bbox 3953 4216 4090 4271; x_wconf 88' lang='lat' dir='ltr'><strong>Cre-</strong></span> 
     </span>
    </p>
   </div>
   <div class='ocr_carea' id='block_1_88' title="bbox 2515 4307 4094 4383">
    <p class='ocr_par' dir='ltr' id='par_1_88' title="bbox 2515 4307 4094 4383">
     <span class='ocr_line' id='line_1_88' title="bbox 2515 4307 4094 4383; baseline -0.003 -18"><span class='ocrx_word' id='word_1_613' title='bbox 2515 4311 2777 4365; x_wconf 90' lang='lat' dir='ltr'><strong>dentibus</strong></span> <span class='ocrx_word' id='word_1_614' title='bbox 2803 4311 2947 4365; x_wconf 89' lang='lat' dir='ltr'><strong>enim</strong></span> <span class='ocrx_word' id='word_1_615' title='bbox 2983 4327 3210 4383; x_wconf 87' lang='lat' dir='ltr'><strong>regnum</strong></span> <span class='ocrx_word' id='word_1_616' title='bbox 3244 4311 3530 4374; x_wconf 68' lang='lat' dir='ltr'><strong>caelorum,</strong></span> <span class='ocrx_word' id='word_1_617' title='bbox 3561 4310 3841 4378; x_wconf 89' lang='lat' dir='ltr'><strong>vitamque</strong></span> <span class='ocrx_word' id='word_1_618' title='bbox 3879 4307 4094 4361; x_wconf 90' lang='lat' dir='ltr'><strong>nullum</strong></span> 
     </span>
    </p>
   </div>
   <div class='ocr_carea' id='block_1_89' title="bbox 2519 4398 4096 4466">
    <p class='ocr_par' dir='ltr' id='par_1_89' title="bbox 2519 4398 4096 4466">
     <span class='ocr_line' id='line_1_89' title="bbox 2519 4398 4096 4466; baseline -0.001 -14"><span class='ocrx_word' id='word_1_619' title='bbox 2519 4401 2680 4455; x_wconf 85' lang='lat' dir='ltr'><strong>tinem</strong></span> <span class='ocrx_word' id='word_1_620' title='bbox 2710 4402 3042 4465; x_wconf 90' lang='lat' dir='ltr'><strong>habituram,</strong></span> <span class='ocrx_word' id='word_1_621' title='bbox 3065 4410 3121 4457; x_wconf 90' lang='lat' dir='ltr'><strong>et</strong></span> <span class='ocrx_word' id='word_1_622' title='bbox 3143 4404 3327 4456; x_wconf 91' lang='lat' dir='ltr'><strong>lumen</strong></span> <span class='ocrx_word' id='word_1_623' title='bbox 3355 4401 3746 4462; x_wconf 90' lang='lat' dir='ltr'><strong>intellectuale,</strong></span> <span class='ocrx_word' id='word_1_624' title='bbox 3771 4409 3827 4454; x_wconf 90' lang='lat' dir='ltr'><strong>et</strong></span> <span class='ocrx_word' id='word_1_625' title='bbox 3847 4398 4096 4466; x_wconf 87' lang='lat' dir='ltr'><strong>corporis</strong></span> 
     </span>
    </p>
   </div>
   <div class='ocr_carea' id='block_1_90' title="bbox 849 4487 4095 4583">
    <p class='ocr_par' dir='ltr' id='par_1_90' title="bbox 849 4487 4095 4583">
     <span class='ocr_line' id='line_1_90' title="bbox 849 4487 4095 4583; baseline 0 -42"><span class='ocrx_word' id='word_1_626' title='bbox 849 4490 1045 4554; x_wconf 87' lang='lat' dir='ltr'><strong>detur;</strong></span> <span class='ocrx_word' id='word_1_627' title='bbox 1094 4505 1219 4543; x_wconf 91' lang='lat' dir='ltr'><strong>nam</strong></span> <span class='ocrx_word' id='word_1_628' title='bbox 1252 4491 1306 4542; x_wconf 92' lang='lat' dir='ltr'><strong>in</strong></span> <span class='ocrx_word' id='word_1_629' title='bbox 1341 4489 1525 4558; x_wconf 87' lang='lat' dir='ltr'><strong>priore</strong></span> <span class='ocrx_word' id='word_1_630' title='bbox 1555 4497 1710 4556; x_wconf 90' lang='lat' dir='ltr'><strong>parte</strong></span> <span class='ocrx_word' id='word_1_631' title='bbox 1739 4487 2017 4540; x_wconf 90' lang='lat' dir='ltr'><strong>Philothei</strong></span> <span class='ocrx_word' id='word_1_632' title='bbox 2046 4502 2142 4539; x_wconf 90' lang='lat' dir='ltr'><strong>eos</strong></span> <span class='ocrx_word' id='word_1_633' title='bbox 2175 4487 2411 4548; x_wconf 88' lang='lat' dir='ltr'><strong>invocat,</strong></span> <span class='ocrx_word' id='word_1_634' title='bbox 2447 4527 2492 4583; x_wconf 63' lang='grc' dir='ltr'><strong>Β</strong></span> <span class='ocrx_word' id='word_1_635' title='bbox 2519 4493 2823 4560; x_wconf 85' lang='lat' dir='ltr'><strong>expertium</strong></span> <span class='ocrx_word' id='word_1_636' title='bbox 2857 4493 3170 4548; x_wconf 88' lang='lat' dir='ltr'><strong>societatem</strong></span> <span class='ocrx_word' id='word_1_637' title='bbox 3213 4493 3526 4561; x_wconf 88' lang='lat' dir='ltr'><strong>pollicetur,</strong></span> <span class='ocrx_word' id='word_1_638' title='bbox 3578 4491 3738 4544; x_wconf 90' lang='lat' dir='ltr'><strong>sicuti</strong></span> <span class='ocrx_word' id='word_1_639' title='bbox 3782 4489 4095 4543; x_wconf 84' lang='lat' dir='ltr'><strong>econtrariu</strong></span> 
     </span>
    </p>
   </div>
   <div class='ocr_carea' id='block_1_91' title="bbox 849 4576 2411 4650">
    <p class='ocr_par' dir='ltr' id='par_1_91' title="bbox 849 4576 2411 4650">
     <span class='ocr_line' id='line_1_91' title="bbox 849 4576 2411 4650; baseline -0.002 -17"><span class='ocrx_word' id='word_1_640' title='bbox 849 4581 1000 4636; x_wconf 83' lang='lat' dir='ltr'><strong>velut</strong></span> <span class='ocrx_word' id='word_1_641' title='bbox 1023 4582 1231 4643; x_wconf 89' lang='lat' dir='ltr'><strong>beatos,</strong></span> <span class='ocrx_word' id='word_1_642' title='bbox 1253 4595 1487 4650; x_wconf 91' lang='lat' dir='ltr'><strong>quorum</strong></span> <span class='ocrx_word' id='word_1_643' title='bbox 1508 4579 1681 4649; x_wconf 88' lang='lat' dir='ltr'><strong>elogia</strong></span> <span class='ocrx_word' id='word_1_644' title='bbox 1703 4577 1922 4648; x_wconf 88' lang='lat' dir='ltr'><strong>scriptis</strong></span> <span class='ocrx_word' id='word_1_645' title='bbox 1941 4577 2180 4631; x_wconf 86' lang='lat' dir='ltr'><strong>mandat.</strong></span> <span class='ocrx_word' id='word_1_646' title='bbox 2203 4576 2332 4647; x_wconf 89' lang='lat' dir='ltr'><strong>Cap.</strong></span> <span class='ocrx_word' id='word_1_647' title='bbox 2357 4576 2411 4630; x_wconf 77' lang='grc'><strong>5.</strong></span> 
     </span>
    </p>
   </div>
   <div class='ocr_carea' id='block_1_92' title="bbox 850 4669 2415 4728">
    <p class='ocr_par' dir='ltr' id='par_1_92' title="bbox 850 4669 2415 4728">
     <span class='ocr_line' id='line_1_92' title="bbox 850 4669 2415 4728; baseline -0.004 0"><span class='ocrx_word' id='word_1_648' title='bbox 850 4673 918 4728; x_wconf 89' lang='lat' dir='ltr'><strong>de</strong></span> <span class='ocrx_word' id='word_1_649' title='bbox 969 4673 1238 4727; x_wconf 83' lang='lat' dir='ltr'><strong>Marciano</strong></span> <span class='ocrx_word' id='word_1_650' title='bbox 1284 4673 1322 4702; x_wconf 83' lang='lat'>“</span> <span class='ocrx_word' id='word_1_651' title='bbox 1370 4689 1383 4724; x_wconf 87' lang='lat'>:</span> <span class='ocrx_word' id='word_1_652' title='bbox 1421 4690 1438 4721; x_wconf 72' lang='grc' dir='ltr'><strong>ε</strong></span> <span class='ocrx_word' id='word_1_653' title='bbox 1473 4670 1584 4725; x_wconf 80' lang='lat' dir='ltr'><strong>Hac</strong></span> <span class='ocrx_word' id='word_1_654' title='bbox 1614 4679 1794 4723; x_wconf 90' lang='lat' dir='ltr'><strong>autem</strong></span> <span class='ocrx_word' id='word_1_655' title='bbox 1836 4685 1980 4723; x_wconf 91' lang='lat' dir='ltr'><strong>nunc</strong></span> <span class='ocrx_word' id='word_1_656' title='bbox 2018 4678 2074 4722; x_wconf 90' lang='lat' dir='ltr'><strong>et</strong></span> <span class='ocrx_word' id='word_1_657' title='bbox 2110 4669 2198 4722; x_wconf 90' lang='lat' dir='ltr'><strong>illa</strong></span> <span class='ocrx_word' id='word_1_658' title='bbox 2225 4670 2415 4722; x_wconf 87' lang='lat' dir='ltr'><strong>relicta</strong></span> 
     </span>
    </p>
   </div>
   <div class='ocr_carea' id='block_1_93' title="bbox 853 4759 2418 4834">
    <p class='ocr_par' dir='ltr' id='par_1_93' title="bbox 853 4759 2418 4834">
     <span class='ocr_line' id='line_1_93' title="bbox 853 4759 2418 4834; baseline -0.005 -15"><span class='ocrx_word' id='word_1_659' title='bbox 853 4764 1168 4834; x_wconf 85' lang='lat' dir='ltr'><strong>(solitudine</strong></span> <span class='ocrx_word' id='word_1_660' title='bbox 1208 4773 1262 4818; x_wconf 92' lang='lat' dir='ltr'><strong>et</strong></span> <span class='ocrx_word' id='word_1_661' title='bbox 1298 4759 1493 4834; x_wconf 86' lang='lat' dir='ltr'><strong>Cyro),</strong></span> <span class='ocrx_word' id='word_1_662' title='bbox 1545 4761 1613 4815; x_wconf 89' lang='lat' dir='ltr'><strong>ad</strong></span> <span class='ocrx_word' id='word_1_663' title='bbox 1655 4761 1854 4815; x_wconf 67' lang='lat' dir='ltr'><strong>caelum</strong></span> <span class='ocrx_word' id='word_1_664' title='bbox 1894 4760 2170 4830; x_wconf 87' lang='lat' dir='ltr'><strong>migravit,</strong></span> <span class='ocrx_word' id='word_1_665' title='bbox 2221 4769 2276 4813; x_wconf 91' lang='lat' dir='ltr'><strong>et</strong></span> <span class='ocrx_word' id='word_1_666' title='bbox 2327 4759 2418 4812; x_wconf 90' lang='lat' dir='ltr'><strong>illa</strong></span> 
     </span>
    </p>
   </div>
   <div class='ocr_carea' id='block_1_94' title="bbox 849 4851 2418 4924">
    <p class='ocr_par' dir='ltr' id='par_1_94' title="bbox 849 4851 2418 4924">
     <span class='ocr_line' id='line_1_94' title="bbox 849 4851 2418 4924; baseline -0.004 -16"><span class='ocrx_word' id='word_1_667' title='bbox 849 4855 1074 4924; x_wconf 87' lang='lat' dir='ltr'><strong>quidem</strong></span> <span class='ocrx_word' id='word_1_668' title='bbox 1113 4869 1238 4908; x_wconf 92' lang='lat' dir='ltr'><strong>eum</strong></span> <span class='ocrx_word' id='word_1_669' title='bbox 1282 4853 1494 4921; x_wconf 88' lang='lat' dir='ltr'><strong>genuit,</strong></span> <span class='ocrx_word' id='word_1_670' title='bbox 1531 4853 1645 4906; x_wconf 63' lang='lat' dir='ltr'><strong>haec</strong></span> <span class='ocrx_word' id='word_1_671' title='bbox 1679 4867 1811 4904; x_wconf 82' lang='lat' dir='ltr'><strong>vero</strong></span> <span class='ocrx_word' id='word_1_672' title='bbox 1849 4851 2004 4914; x_wconf 90' lang='lat' dir='ltr'><strong>aluit,</strong></span> <span class='ocrx_word' id='word_1_673' title='bbox 2045 4851 2418 4918; x_wconf 87' lang='lat' dir='ltr'><strong>victoremque</strong></span> 
     </span>
    </p>
   </div>
   <div class='ocr_carea' id='block_1_95' title="bbox 851 4944 2412 5013">
    <p class='ocr_par' dir='ltr' id='par_1_95' title="bbox 851 4944 2412 5013">
     <span class='ocr_line' id='line_1_95' title="bbox 851 4944 2412 5013; baseline -0.003 -13"><span class='ocrx_word' id='word_1_674' title='bbox 851 4947 1051 5004; x_wconf 80' lang='lat' dir='ltr'><strong>effecit.</strong></span> <span class='ocrx_word' id='word_1_675' title='bbox 1071 4947 1266 5000; x_wconf 67' lang='lat' dir='ltr'><strong>coelum</strong></span> <span class='ocrx_word' id='word_1_676' title='bbox 1286 4956 1464 4999; x_wconf 89' lang='lat' dir='ltr'><strong>autem</strong></span> <span class='ocrx_word' id='word_1_677' title='bbox 1485 4953 1805 5000; x_wconf 88' lang='lat' dir='ltr'><strong>coronatum</strong></span> <span class='ocrx_word' id='word_1_678' title='bbox 1822 4944 2052 5013; x_wconf 82' lang='lat' dir='ltr'><strong>excepit.</strong></span> <span class='ocrx_word' id='word_1_679' title='bbox 2067 4962 2084 4993; x_wconf 72' lang='grc' dir='ltr'><strong><em>ι</em></strong></span> <span class='ocrx_word' id='word_1_680' title='bbox 2107 4944 2172 4997; x_wconf 87' lang='grc' dir='ltr'><strong>Ει</strong></span> <span class='ocrx_word' id='word_1_681' title='bbox 2191 4953 2376 5012; x_wconf 90' lang='lat' dir='ltr'><strong>postea</strong></span> <span class='ocrx_word' id='word_1_682' title='bbox 2401 4960 2412 4995; x_wconf 93' lang='lat'>:</span> 
     </span>
    </p>
   </div>
   <div class='ocr_carea' id='block_1_96' title="bbox 857 5036 2409 5107">
    <p class='ocr_par' dir='ltr' id='par_1_96' title="bbox 857 5036 2409 5107">
     <span class='ocr_line' id='line_1_96' title="bbox 857 5036 2409 5107; baseline 0.002 -20"><span class='ocrx_word' id='word_1_683' title='bbox 857 5057 875 5086; x_wconf 74' lang='grc' dir='ltr'><strong>ς</strong></span> <span class='ocrx_word' id='word_1_684' title='bbox 897 5036 1069 5090; x_wconf 90' lang='lat' dir='ltr'><strong>Simul</strong></span> <span class='ocrx_word' id='word_1_685' title='bbox 1100 5054 1162 5091; x_wconf 90' lang='lat' dir='ltr'><strong>ac</strong></span> <span class='ocrx_word' id='word_1_686' title='bbox 1180 5039 1354 5092; x_wconf 90' lang='lat' dir='ltr'><strong>victor</strong></span> <span class='ocrx_word' id='word_1_687' title='bbox 1375 5037 1624 5107; x_wconf 82' lang='lat' dir='ltr'><strong>egregius</strong></span> <span class='ocrx_word' id='word_1_688' title='bbox 1656 5037 1764 5090; x_wconf 85' lang='lat' dir='ltr'><strong>vita</strong></span> <span class='ocrx_word' id='word_1_689' title='bbox 1796 5036 2014 5090; x_wconf 89' lang='lat' dir='ltr'><strong>functus</strong></span> <span class='ocrx_word' id='word_1_690' title='bbox 2033 5047 2136 5102; x_wconf 90' lang='lat' dir='ltr'><strong>est,</strong></span> <span class='ocrx_word' id='word_1_691' title='bbox 2171 5047 2225 5091; x_wconf 91' lang='lat' dir='ltr'><strong>et</strong></span> <span class='ocrx_word' id='word_1_692' title='bbox 2250 5053 2409 5106; x_wconf 88' lang='lat' dir='ltr'><strong>ange-</strong></span> 
     </span>
    </p>
   </div>
   <div class='ocr_carea' id='block_1_97' title="bbox 851 5128 2415 5199">
    <p class='ocr_par' dir='ltr' id='par_1_97' title="bbox 851 5128 2415 5199">
     <span class='ocr_line' id='line_1_97' title="bbox 851 5128 2415 5199; baseline 0.002 -17"><span class='ocrx_word' id='word_1_693' title='bbox 851 5128 1032 5183; x_wconf 87' lang='lat' dir='ltr'><strong>lorum</strong></span> <span class='ocrx_word' id='word_1_694' title='bbox 1090 5131 1291 5184; x_wconf 89' lang='lat' dir='ltr'><strong>chorus</strong></span> <span class='ocrx_word' id='word_1_695' title='bbox 1337 5145 1543 5185; x_wconf 88' lang='lat' dir='ltr'><strong>sacram</strong></span> <span class='ocrx_word' id='word_1_696' title='bbox 1592 5130 1737 5183; x_wconf 89' lang='lat' dir='ltr'><strong>illam</strong></span> <span class='ocrx_word' id='word_1_697' title='bbox 1785 5129 2137 5199; x_wconf 85' lang='lat' dir='ltr'><strong>divinamque</strong></span> <span class='ocrx_word' id='word_1_698' title='bbox 2179 5131 2415 5185; x_wconf 85' lang='lat' dir='ltr'><strong>animam</strong></span> 
     </span>
    </p>
   </div>
   <div class='ocr_carea' id='block_1_98' title="bbox 933 5381 1993 5450">
    <p class='ocr_par' dir='ltr' id='par_1_98' title="bbox 933 5381 1993 5450">
     <span class='ocr_line' id='line_1_98' title="bbox 933 5381 1993 5450; baseline -0.005 -13"><span class='ocrx_word' id='word_1_699' title='bbox 933 5384 948 5422; x_wconf 72' lang='grc' dir='ltr'>ί</span> <span class='ocrx_word' id='word_1_700' title='bbox 982 5383 1166 5437; x_wconf 82' lang='lat' dir='ltr'><strong>Matth.</strong></span> <span class='ocrx_word' id='word_1_701' title='bbox 1197 5400 1343 5443; x_wconf 75' lang='lat' dir='ltr'><strong>xvnt.</strong></span> <span class='ocrx_word' id='word_1_702' title='bbox 1385 5382 1462 5435; x_wconf 87' lang='lat' dir='ltr'><strong>l0.</strong></span> <span class='ocrx_word' id='word_1_703' title='bbox 1545 5381 1591 5419; x_wconf 79' lang='grc'><strong>¹⁶</strong></span> <span class='ocrx_word' id='word_1_704' title='bbox 1621 5383 1822 5450; x_wconf 85' lang='lat' dir='ltr'><strong>Ephes.</strong></span> <span class='ocrx_word' id='word_1_705' title='bbox 1855 5399 1911 5445; x_wconf 87' lang='lat' dir='ltr'><strong>ll,</strong></span> <span class='ocrx_word' id='word_1_706' title='bbox 1945 5383 1993 5435; x_wconf 84' lang='grc' dir='ltr'><strong>ϐ.</strong></span> 
     </span>
    </p>
   </div>
   <div class='ocr_carea' id='block_1_99' title="bbox 2520 4581 3873 4653">
    <p class='ocr_par' dir='ltr' id='par_1_99' title="bbox 2520 4581 3873 4653">
     <span class='ocr_line' id='line_1_99' title="bbox 2520 4581 3873 4653; baseline -0.004 -17"><span class='ocrx_word' id='word_1_707' title='bbox 2520 4581 2816 4637; x_wconf 87' lang='lat' dir='ltr'><strong>incredulis</strong></span> <span class='ocrx_word' id='word_1_708' title='bbox 2836 4593 3038 4637; x_wconf 71' lang='lat' dir='ltr'><strong>aeterna</strong></span> <span class='ocrx_word' id='word_1_709' title='bbox 3066 4584 3329 4653; x_wconf 89' lang='lat' dir='ltr'><strong>supplicia</strong></span> <span class='ocrx_word' id='word_1_710' title='bbox 3356 4583 3719 4638; x_wconf 89' lang='lat' dir='ltr'><strong>comminatur</strong></span> <span class='ocrx_word' id='word_1_711' title='bbox 3756 4581 3818 4633; x_wconf 84' lang='grc'><strong>¹⁶.</strong></span> <span class='ocrx_word' id='word_1_712' title='bbox 3857 4599 3873 4630; x_wconf 75' lang='grc' dir='ltr'><strong><em>ι</em></strong></span> 
     </span>
    </p>
   </div>
   <div class='ocr_carea' id='block_1_100' title="bbox 2594 4669 4098 4743">
    <p class='ocr_par' dir='ltr' id='par_1_100' title="bbox 2594 4669 4098 4743">
     <span class='ocr_line' id='line_1_100' title="bbox 2594 4669 4098 4743; baseline -0.003 -17"><span class='ocrx_word' id='word_1_713' title='bbox 2594 4673 2666 4727; x_wconf 93' lang='lat' dir='ltr'><strong>De</strong></span> <span class='ocrx_word' id='word_1_714' title='bbox 2711 4683 2984 4741; x_wconf 88' lang='lat' dir='ltr'><strong>postrema</strong></span> <span class='ocrx_word' id='word_1_715' title='bbox 3044 4673 3342 4743; x_wconf 66' lang='lat' dir='ltr'><strong>quaestione</strong></span> <span class='ocrx_word' id='word_1_716' title='bbox 3387 4687 3548 4726; x_wconf 92' lang='lat' dir='ltr'><strong>nemo</strong></span> <span class='ocrx_word' id='word_1_717' title='bbox 3596 4670 3840 4740; x_wconf 88' lang='lat' dir='ltr'><strong>prudens</strong></span> <span class='ocrx_word' id='word_1_718' title='bbox 3886 4669 4098 4722; x_wconf 85' lang='lat' dir='ltr'><strong>inﬁcias</strong></span> 
     </span>
    </p>
   </div>
   <div class='ocr_carea' id='block_1_101' title="bbox 2468 4762 4097 4845">
    <p class='ocr_par' dir='ltr' id='par_1_101' title="bbox 2468 4762 4097 4845">
     <span class='ocr_line' id='line_1_101' title="bbox 2468 4762 4097 4845; baseline -0.003 -29"><span class='ocrx_word' id='word_1_719' title='bbox 2468 4831 2479 4845; x_wconf 35' lang='grc' dir='ltr'><strong>ε</strong></span> <span class='ocrx_word' id='word_1_720' title='bbox 2524 4763 2672 4826; x_wconf 90' lang='lat' dir='ltr'><strong>ierit,</strong></span> <span class='ocrx_word' id='word_1_721' title='bbox 2718 4766 2850 4832; x_wconf 89' lang='lat' dir='ltr'><strong>quin</strong></span> <span class='ocrx_word' id='word_1_722' title='bbox 2895 4773 3117 4819; x_wconf 89' lang='lat' dir='ltr'><strong>secutus</strong></span> <span class='ocrx_word' id='word_1_723' title='bbox 3154 4764 3224 4818; x_wconf 90' lang='lat' dir='ltr'><strong>sit</strong></span> <span class='ocrx_word' id='word_1_724' title='bbox 3272 4763 3641 4832; x_wconf 90' lang='lat' dir='ltr'><strong>antiquiorum</strong></span> <span class='ocrx_word' id='word_1_725' title='bbox 3676 4762 3920 4820; x_wconf 88' lang='lat' dir='ltr'><strong>Patrum,</strong></span> <span class='ocrx_word' id='word_1_726' title='bbox 3963 4774 4097 4827; x_wconf 82' lang='lat' dir='ltr'><strong>quos</strong></span> 
     </span>
    </p>
   </div>
   <div class='ocr_carea' id='block_1_102' title="bbox 2519 4849 4098 4925">
    <p class='ocr_par' dir='ltr' id='par_1_102' title="bbox 2519 4849 4098 4925">
     <span class='ocr_line' id='line_1_102' title="bbox 2519 4849 4098 4925; baseline -0.006 -16"><span class='ocrx_word' id='word_1_727' title='bbox 2519 4855 2807 4924; x_wconf 82' lang='lat' dir='ltr'><strong>magistros</strong></span> <span class='ocrx_word' id='word_1_728' title='bbox 2841 4856 3024 4925; x_wconf 85' lang='lat' dir='ltr'><strong>elegit,</strong></span> <span class='ocrx_word' id='word_1_729' title='bbox 3065 4855 3512 4925; x_wconf 83' lang='lat' dir='ltr'><strong>Chrysostomum</strong></span> <span class='ocrx_word' id='word_1_730' title='bbox 3554 4852 3679 4904; x_wconf 91' lang='lat' dir='ltr'><strong>dico</strong></span> <span class='ocrx_word' id='word_1_731' title='bbox 3712 4859 3767 4904; x_wconf 88' lang='lat' dir='ltr'><strong>et</strong></span> <span class='ocrx_word' id='word_1_732' title='bbox 3803 4849 4098 4918; x_wconf 81' lang='lat' dir='ltr'><strong>Gregorius</strong></span> 
     </span>
    </p>
   </div>
   <div class='ocr_carea' id='block_1_103' title="bbox 2521 4941 4094 5016">
    <p class='ocr_par' dir='ltr' id='par_1_103' title="bbox 2521 4941 4094 5016">
     <span class='ocr_line' id='line_1_103' title="bbox 2521 4941 4094 5016; baseline -0.006 -15"><span class='ocrx_word' id='word_1_733' title='bbox 2521 4949 2680 5005; x_wconf 87' lang='lat' dir='ltr'><strong>duos.</strong></span> <span class='ocrx_word' id='word_1_734' title='bbox 2702 4947 3040 5016; x_wconf 82' lang='lat' dir='ltr'><strong>opinionem,</strong></span> <span class='ocrx_word' id='word_1_735' title='bbox 3080 4956 3240 5015; x_wconf 86' lang='lat' dir='ltr'><strong>atque</strong></span> <span class='ocrx_word' id='word_1_736' title='bbox 3279 4947 3350 4998; x_wconf 90' lang='lat' dir='ltr'><strong>ita</strong></span> <span class='ocrx_word' id='word_1_737' title='bbox 3388 4941 3665 5012; x_wconf 82' lang='lat' dir='ltr'><strong>negaverit</strong></span> <span class='ocrx_word' id='word_1_738' title='bbox 3688 4957 3718 4994; x_wconf 88' lang='lat' dir='ltr'><strong>a</strong></span> <span class='ocrx_word' id='word_1_739' title='bbox 3745 4951 3927 4994; x_wconf 90' lang='lat' dir='ltr'><strong>creata</strong></span> <span class='ocrx_word' id='word_1_740' title='bbox 3963 4956 4094 5008; x_wconf 84' lang='lat' dir='ltr'><strong>qua—</strong></span> 
     </span>
    </p>
   </div>
   <div class='ocr_carea' id='block_1_104' title="bbox 2521 5030 4095 5106">
    <p class='ocr_par' dir='ltr' id='par_1_104' title="bbox 2521 5030 4095 5106">
     <span class='ocr_line' id='line_1_104' title="bbox 2521 5030 4095 5106; baseline -0.007 -14"><span class='ocrx_word' id='word_1_741' title='bbox 2521 5053 2736 5106; x_wconf 88' lang='lat' dir='ltr'><strong>cunque</strong></span> <span class='ocrx_word' id='word_1_742' title='bbox 2779 5047 2959 5092; x_wconf 85' lang='lat' dir='ltr'><strong>mente</strong></span> <span class='ocrx_word' id='word_1_743' title='bbox 3008 5038 3178 5105; x_wconf 85' lang='lat' dir='ltr'><strong>ipsam</strong></span> <span class='ocrx_word' id='word_1_744' title='bbox 3227 5035 3320 5088; x_wconf 86' lang='lat' dir='ltr'><strong>Dei</strong></span> <span class='ocrx_word' id='word_1_745' title='bbox 3363 5033 3657 5089; x_wconf 89' lang='lat' dir='ltr'><strong>essentiam</strong></span> <span class='ocrx_word' id='word_1_746' title='bbox 3700 5030 3874 5084; x_wconf 86' lang='lat' dir='ltr'><strong>videri</strong></span> <span class='ocrx_word' id='word_1_747' title='bbox 3917 5045 4095 5098; x_wconf 87' lang='lat' dir='ltr'><strong>posse,</strong></span> 
     </span>
    </p>
   </div>
   <div class='ocr_carea' id='block_1_105' title="bbox 2523 5120 4092 5199">
    <p class='ocr_par' dir='ltr' id='par_1_105' title="bbox 2523 5120 4092 5199">
     <span class='ocr_line' id='line_1_105' title="bbox 2523 5120 4092 5199; baseline -0.006 -16"><span class='ocrx_word' id='word_1_748' title='bbox 2523 5146 2690 5199; x_wconf 89' lang='lat' dir='ltr'><strong>quare</strong></span> <span class='ocrx_word' id='word_1_749' title='bbox 2715 5130 2862 5184; x_wconf 88' lang='lat' dir='ltr'><strong>beari</strong></span> <span class='ocrx_word' id='word_1_750' title='bbox 2893 5129 3144 5184; x_wconf 87' lang='lat' dir='ltr'><strong>homines</strong></span> <span class='ocrx_word' id='word_1_751' title='bbox 3166 5127 3494 5198; x_wconf 87' lang='lat' dir='ltr'><strong>angelosqne</strong></span> <span class='ocrx_word' id='word_1_752' title='bbox 3524 5124 3714 5179; x_wconf 89' lang='lat' dir='ltr'><strong>divino</strong></span> <span class='ocrx_word' id='word_1_753' title='bbox 3741 5121 3984 5192; x_wconf 87' lang='lat' dir='ltr'><strong>quodam</strong></span> <span class='ocrx_word' id='word_1_754' title='bbox 4014 5120 4092 5174; x_wconf 86' lang='lat' dir='ltr'><strong>lu-</strong></span> 
     </span>
    </p>
   </div>
   <div class='ocr_carea' id='block_1_106' title="bbox 2188 5539 2757 5596">
    <p class='ocr_par' dir='ltr' id='par_1_106' title="bbox 2188 5539 2757 5596">
     <span class='ocr_line' id='line_1_106' title="bbox 2188 5539 2757 5596; baseline -0.007 -1"><span class='ocrx_word' id='word_1_755' title='bbox 2188 5540 2497 5596; x_wconf 75' lang='lat' dir='ltr'><strong>SCIIULZII</strong></span> <span class='ocrx_word' id='word_1_756' title='bbox 2533 5539 2757 5593; x_wconf 63' lang='grc' dir='ltr'><strong>Μὶτεὶῖ.</strong></span> 
     </span>
    </p>
   </div>
   <div class='ocr_carea' id='block_1_107' title="bbox 930 5725 1574 5795">
    <p class='ocr_par' dir='ltr' id='par_1_107' title="bbox 930 5725 1574 5795">
     <span class='ocr_line' id='line_1_107' title="bbox 930 5725 1574 5795; baseline -0.003 -16"><span class='ocrx_word' id='word_1_757' title='bbox 930 5727 971 5758; x_wconf 65' lang='grc' dir='ltr'><strong>τι</strong></span> <span class='ocrx_word' id='word_1_758' title='bbox 999 5728 1119 5781; x_wconf 77' lang='lat' dir='ltr'><strong>Vid.</strong></span> <span class='ocrx_word' id='word_1_759' title='bbox 1158 5737 1194 5779; x_wconf 89' lang='lat' dir='ltr'><strong>t.</strong></span> <span class='ocrx_word' id='word_1_760' title='bbox 1225 5728 1308 5782; x_wconf 86' lang='lat' dir='ltr'><strong>In.</strong></span> <span class='ocrx_word' id='word_1_761' title='bbox 1339 5744 1388 5795; x_wconf 72' lang='grc' dir='ltr'><strong>β.</strong></span> <span class='ocrx_word' id='word_1_762' title='bbox 1425 5725 1574 5778; x_wconf 70' lang='grc' dir='ltr'><strong>ιιδδ.</strong></span> 
     </span>
    </p>
   </div>
   <div class='ocr_carea' id='block_1_108' title="bbox 855 5796 1761 5866">
    <p class='ocr_par' dir='ltr' id='par_1_108' title="bbox 855 5796 1761 5866">
     <span class='ocr_line' id='line_1_108' title="bbox 855 5796 1761 5866; baseline -0.01 -12"><span class='ocrx_word' id='word_1_763' title='bbox 855 5799 1023 5854; x_wconf 76' lang='lat' dir='ltr'><strong>istum</strong></span> <span class='ocrx_word' id='word_1_764' title='bbox 1054 5809 1089 5852; x_wconf 94' lang='lat' dir='ltr'><strong>t.</strong></span> <span class='ocrx_word' id='word_1_765' title='bbox 1121 5800 1185 5855; x_wconf 86' lang='lat' dir='ltr'><strong>IV</strong></span> <span class='ocrx_word' id='word_1_766' title='bbox 1220 5799 1284 5851; x_wconf 87' lang='lat' dir='ltr'><strong>ed</strong></span> <span class='ocrx_word' id='word_1_767' title='bbox 1339 5807 1551 5861; x_wconf 70' lang='lat' dir='ltr'><strong>nostrm,</strong></span> <span class='ocrx_word' id='word_1_768' title='bbox 1589 5811 1639 5866; x_wconf 88' lang='lat' dir='ltr'><strong>p.</strong></span> <span class='ocrx_word' id='word_1_769' title='bbox 1685 5796 1761 5851; x_wconf 75' lang='lat' dir='ltr'><strong>iﬁ.</strong></span> 
     </span>
    </p>
   </div>
   <div class='ocr_carea' id='block_1_109' title="bbox 1657 5721 2464 5794">
    <p class='ocr_par' dir='ltr' id='par_1_109' title="bbox 1657 5727 2464 5782">
     <span class='ocr_line' id='line_1_109' title="bbox 1657 5727 2464 5782; baseline -0.004 -1"><span class='ocrx_word' id='word_1_770' title='bbox 1657 5729 1697 5757; x_wconf 86' lang='lat'>&quot;</span> <span class='ocrx_word' id='word_1_771' title='bbox 1727 5727 1884 5782; x_wconf 81' lang='lat' dir='ltr'><strong>lhtd..</strong></span> <span class='ocrx_word' id='word_1_772' title='bbox 1933 5728 2080 5782; x_wconf 80' lang='lat' dir='ltr'><strong>H99.</strong></span> <span class='ocrx_word' id='word_1_773' title='bbox 2109 5750 2128 5770; x_wconf 78' lang='grc' dir='ltr'><strong><em>ο</em></strong></span> <span class='ocrx_word' id='word_1_774' title='bbox 2178 5728 2217 5757; x_wconf 83' lang='grc'><strong>¹³</strong></span> <span class='ocrx_word' id='word_1_775' title='bbox 2247 5727 2401 5780; x_wconf 84' lang='lat' dir='ltr'><strong>Tom.</strong></span> <span class='ocrx_word' id='word_1_776' title='bbox 2456 5727 2464 5778; x_wconf 92' lang='grc' dir='ltr'><strong>Ι</strong></span> 
     </span>
    </p>
   </div>
   <div class='ocr_carea' id='block_1_110' title="bbox 2468 5721 3611 5794">
    <p class='ocr_par' dir='ltr' id='par_1_110' title="bbox 2509 5721 3611 5794">
     <span class='ocr_line' id='line_1_110' title="bbox 2509 5721 3611 5794; baseline -0.006 -16"><span class='ocrx_word' id='word_1_777' title='bbox 2509 5725 2748 5792; x_wconf 73' lang='lat' dir='ltr'><strong>Doqmnt.</strong></span> <span class='ocrx_word' id='word_1_778' title='bbox 2796 5723 2918 5776; x_wconf 71' lang='lat' dir='ltr'><strong>rccl.</strong></span> <span class='ocrx_word' id='word_1_779' title='bbox 2967 5723 3177 5794; x_wconf 33' lang='lat' dir='ltr'><strong>lthVli,</strong></span> <span class='ocrx_word' id='word_1_780' title='bbox 3208 5738 3326 5777; x_wconf 74' lang='lat' dir='ltr'><strong>can.</strong></span> <span class='ocrx_word' id='word_1_781' title='bbox 3357 5721 3438 5785; x_wconf 71' lang='lat' dir='ltr'><strong>H,</strong></span> <span class='ocrx_word' id='word_1_782' title='bbox 3469 5721 3611 5794; x_wconf 69' lang='lat'><strong>§28.</strong></span> 
     </span>
    </p>
   </div>
   <div class='ocr_carea' id='block_1_111' title="bbox 1845 5797 2652 5865">
    <p class='ocr_par' dir='ltr' id='par_1_111' title="bbox 1845 5797 2652 5865">
     <span class='ocr_line' id='line_1_111' title="bbox 1845 5797 2652 5865; baseline -0.009 -12"><span class='ocrx_word' id='word_1_783' title='bbox 1845 5801 1884 5828; x_wconf 78' lang='lat'><strong>&quot;‘</strong></span> <span class='ocrx_word' id='word_1_784' title='bbox 1919 5798 2037 5852; x_wconf 87' lang='lat' dir='ltr'><strong>Lib.</strong></span> <span class='ocrx_word' id='word_1_785' title='bbox 2065 5813 2132 5851; x_wconf 70' lang='lat' dir='ltr'><strong>xu</strong></span> <span class='ocrx_word' id='word_1_786' title='bbox 2170 5797 2238 5851; x_wconf 76' lang='lat' dir='ltr'><strong>De</strong></span> <span class='ocrx_word' id='word_1_787' title='bbox 2270 5798 2429 5861; x_wconf 57' lang='lat' dir='ltr'><strong>civit,</strong></span> <span class='ocrx_word' id='word_1_788' title='bbox 2458 5812 2571 5865; x_wconf 77' lang='lat' dir='ltr'><strong>cap.</strong></span> <span class='ocrx_word' id='word_1_789' title='bbox 2602 5798 2652 5846; x_wconf 70' lang='lat'><strong>9.</strong></span> 
     </span>
    </p>
   </div>
   <div class='ocr_carea' id='block_1_112' title="bbox 3690 5721 4094 5779">
    <p class='ocr_par' dir='ltr' id='par_1_112' title="bbox 3690 5721 4094 5779">
     <span class='ocr_line' id='line_1_112' title="bbox 3690 5721 4094 5779; baseline 0.01 -5"><span class='ocrx_word' id='word_1_790' title='bbox 3690 5724 3726 5753; x_wconf 71' lang='grc' dir='ltr'><strong>ι·</strong></span> <span class='ocrx_word' id='word_1_791' title='bbox 3764 5721 3881 5776; x_wconf 76' lang='lat' dir='ltr'><strong>Vid.</strong></span> <span class='ocrx_word' id='word_1_792' title='bbox 3914 5725 4094 5779; x_wconf 86' lang='lat' dir='ltr'><strong>locum</strong></span> 
     </span>
    </p>
   </div>
   <div class='ocr_carea' id='block_1_113' title="bbox 2733 5792 3103 5858">
    <p class='ocr_par' dir='ltr' id='par_1_113' title="bbox 2733 5792 3103 5858">
     <span class='ocr_line' id='line_1_113' title="bbox 2733 5792 3103 5858; baseline 0.005 -12"><span class='ocrx_word' id='word_1_793' title='bbox 2733 5795 2771 5824; x_wconf 84' lang='lat'>&quot;</span> <span class='ocrx_word' id='word_1_794' title='bbox 2800 5794 2919 5858; x_wconf 72' lang='lat' dir='ltr'><strong>VitL</strong></span> <span class='ocrx_word' id='word_1_795' title='bbox 2953 5802 2990 5846; x_wconf 85' lang='lat' dir='ltr'><strong>t.</strong></span> <span class='ocrx_word' id='word_1_796' title='bbox 3017 5792 3103 5848; x_wconf 81' lang='lat' dir='ltr'><strong>IV.</strong></span> 
     </span>
    </p>
   </div>
  </div>
