4224 6442
190 369 293 435 449

1400 375 1497 435 DE
1536 373 1712 434 FIDE
1745 373 2228 440 THEODORETI
2240 429 2253 443 .

3350 395 3453 461 450

188 493 338 546 mine
380 482 768 552 intellectuali,
816 487 960 557 quod
1010 487 1252 542 videant.
1310 488 1595 559 Dialogor
1652 498 1775 559 post
1810 491 2076 555 Acultas,
2143 496 2215 548 ita
2276 512 2335 551 se
2398 498 2573 567 ipsum
2657 503 2882 559 exhibet
2954 521 3053 575 pro
3119 507 3449 566 intucmium

188 580 465 649 prolixam
486 576 918 648 disputationem
941 576 1009 631 de
1035 576 1295 631 invisibili
1321 585 1378 631 et
1403 577 1604 631 visibili
1628 577 1739 632 Deo
1758 618 1773 640 ,

195 690 214 720 ι
244 670 464 724 Divinis
491 670 637 733 ""’,
673 668 873 737 inquit,
920 668 1419 723 asseveratiouibus
1466 667 1773 731 credentes,

188 776 311 830 que
346 761 561 815 diserte
608 759 896 823 aﬂirmant,
923 759 1069 827 quod
1114 758 1283 812 Deum
1321 776 1473 813 nemo
1510 760 1637 813 vidit
1680 777 1778 813 un-

188 868 375 920 quam,
408 852 654 905 dicimus
690 851 838 920 ipsos
875 849 1217 919 (prophetas)
1255 864 1364 904 non
1400 850 1641 904 divinam
1676 866 1775 905 na-

190 951 375 995 turam
403 941 634 1005 vidisse,
663 942 757 995 sed
780 942 1022 995 visiones
1043 940 1305 1009 quasdam
1326 941 1570 1010 ipsorum
1594 940 1775 1010 captui

187 1034 644 1089 accommodatas
682 1051 696 1086 :
743 1033 823 1088 sic
855 1048 986 1103 ergo
1028 1032 1096 1088 de
1133 1034 1340 1103 angelis
1382 1035 1772 1103 intelligemus,

188 1124 490 1179 audientes
523 1124 670 1194 quod
702 1140 908 1193 semper
936 1125 1109 1177 vident
1145 1124 1331 1191 faciem
1360 1124 1539 1177 Patris
1569 1125 1725 1177 vestri
1756 1140 1774 1178 :

186 1232 298 1270 non
323 1215 481 1269 enim
514 1216 705 1269 vident
727 1215 967 1269 divinam
992 1214 1374 1280 substantiam,
1401 1231 1522 1284 que
1543 1232 1643 1270 nec
1669 1216 1776 1269 cir-

188 1307 521 1369 cumscribi,
564 1322 669 1360 nec
692 1316 875 1360 mente
908 1306 1119 1375 percipi
1151 1312 1355 1375 potest,
1397 1307 1771 1377 ἁπερινὸητον,

186 1404 240 1450 et
270 1412 399 1465 que
428 1396 690 1451 universa
719 1396 1159 1464 comprehendit,
1186 1396 1281 1451 sed
1310 1397 1550 1465 speciem
1584 1412 1774 1465 quam-

186 1486 312 1539 dam
353 1486 609 1556 ipsorum
650 1494 861 1541 nature
901 1486 1393 1554 accommodatam,
1442 1486 1577 1539 ἀλλὰ
1617 1487 1773 1551 δόξαν

186 1580 308 1631 τινὰ
337 1582 407 1649 τῇ
440 1577 627 1632 αὐτῶν
651 1578 811 1645 φύσει
843 1578 1356 1647 συμμετρουμένην.
1396 1596 1416 1629 ι
1440 1578 1506 1631 ΕΙ.
1532 1578 1583 1630 in
1613 1577 1773 1631 Com-

185 1669 480 1724 mentariis
516 1668 585 1721 ad
616 1667 634 1721 l
674 1665 804 1720 Cor.
849 1681 968 1735 cap.
1014 1682 1127 1731 xm,
1158 1666 1327 1721 verba
1358 1667 1493 1731 hec,
1529 1666 1770 1721 Videmus

185 1777 325 1813 nunc
360 1776 455 1829 per
489 1756 760 1827 speculum
830 1758 883 1809 in
904 1758 1205 1826 enigmate,
1238 1765 1363 1808 tunc
1409 1767 1587 1809 autem
1639 1758 1771 1825 facie

1883 582 2255 641 imbecillitate
2280 588 2509 643 visionis
2538 591 2897 651 offensionem
2921 598 3205 654 exhibens.
3251 622 3269 653 ι

1952 674 2374 733 Eruditissimus
2404 680 2657 738 Petavius
2685 685 2880 741 merito
2920 689 3136 743 censuit
3178 706 3287 745 non
3329 707 3449 755 esse

1878 764 2181 821 audiendos
2226 785 2257 821 e
2297 769 2639 826 scholasticis
2702 776 2797 843 qui
2854 776 3227 847 Chrysostomi
3268 782 3451 836 verbis

1879 853 1962 905 vel
2007 856 2551 923 comprehensionem
2596 860 2790 925 solam,
2835 864 2921 917 vel
2974 867 3136 919 etiam
3181 869 3447 923 visionem

1879 958 2200 1012 corpoream
2236 948 2403 1001 solam
2434 950 2650 1004 excludi
2680 952 2871 1007 volunt
2909 972 2920 1006 :
2955 970 3076 1023 que
3113 958 3258 1011 enim
3307 961 3448 1014 ratio

1877 1036 2112 1088 sumitur
2135 1052 2164 1089 a
2187 1046 2402 1103 natura,
2428 1050 2485 1095 et
2506 1043 2623 1105 Dei,
2646 1060 2767 1112 que
2793 1046 3055 1109 increata,
3084 1057 3142 1103 et
3163 1049 3445 1105 hominum

1876 1138 1939 1177 ac
1970 1125 2287 1193 angelorum
2313 1142 2435 1195 que
2455 1140 2660 1193 creata,
2704 1134 2787 1186 vel
2812 1134 2986 1189 futilis
3011 1146 3116 1199 est,
3150 1139 3235 1192 vel
3274 1138 3446 1209 ipsam

1876 1230 2117 1285 quoque,
2152 1218 2457 1286 cuiusmodi
2485 1221 2645 1289 vulgo
2676 1222 3014 1292 intelligitur,
3054 1227 3322 1281 visionem
3354 1242 3447 1282 ex-

1874 1305 2068 1371 cludit,
2106 1308 2568 1373 quemadmodum
2607 1320 2662 1365 et
2700 1312 2846 1380 quod
2888 1312 3092 1368 dicitur
3125 1316 3193 1369 de
3244 1334 3445 1385 συγκαο

1874 1396 2125 1452 ταὸάσει.
2166 1398 2291 1453 Hec
2321 1401 2485 1453 etiam
2532 1401 2671 1455 ratio
2704 1402 2952 1473 infringit
2980 1405 3089 1458 vim
3132 1409 3446 1475 responsio-

1873 1488 1982 1550 nis,
2005 1504 2111 1556 qua
2135 1491 2259 1559 quis
2293 1491 2370 1544 uti
2394 1500 2577 1559 posset
2597 1492 2664 1547 ad
2689 1491 3138 1563 Cbrysostomum
3165 1496 3447 1568 ipsiusque

1874 1576 2202 1646 discipulum
2226 1579 2652 1645 Theodoretum,
2685 1581 2752 1636 ad
2778 1597 3124 1639 communem
3161 1586 3444 1658 theologia:

1875 1667 2202 1720 sententiam
2233 1667 2586 1732 trahendum,
2618 1679 2877 1725 causatus
2903 1671 3117 1728 scilicet
3149 1683 3444 1745 utrumque

1873 1757 1961 1810 vel
1987 1756 2055 1811 de
2089 1757 2392 1812 viatoribus
2417 1759 2566 1828 loqui
2598 1760 2749 1824 solis,
2782 1761 2849 1814 de
2884 1762 3087 1830 quibus
3126 1764 3332 1819 dictum
3360 1776 3446 1820 est

184 1850 255 1903 ad
310 1821 532 1918 (eciam,
572 1868 590 1899 ι
627 1856 715 1902 etc
745 1888 759 1912 ,
795 1821 1373 1916 quibus'potissimum
1405 1844 1485 1899 uti
1530 1821 1649 1901 mos
1691 1853 1774 1901 est
1805 1821 1846 1876 Β
1877 1862 1907 1900 a
1950 1847 2082 1909 Deo,
2129 1847 2293 1901 Nemo
2338 1821 2524 1903 videbit
2568 1867 2669 1913 me,
2716 1821 2766 1902 et
2804 1821 3012 1917 viveth;
3055 1854 3141 1908 vel
3167 1854 3235 1909 de
3271 1855 3447 1910 beatis

182 1941 250 1996 ad
293 1940 634 1996 catholicam
677 1938 1007 1994 sententiam
1049 1936 1436 1999 astruendam,
1485 1937 1566 1991 sic
1600 1937 1772 1992 inter-

181 2039 464 2100 pretatur,
503 2038 563 2085 ut
591 2031 702 2083 vim
726 2043 946 2083 omnem
971 2027 1295 2096 deperdant.
1329 2046 1346 2077 ι
1378 2026 1674 2082 Presentia
1706 2028 1768 2092 ",

180 2123 385 2193 inquit,
416 2123 631 2177 umbre
656 2128 785 2178 sunt
806 2120 1115 2174 futurorum
1145 2134 1158 2171 :
1184 2119 1240 2173 in
1262 2118 1606 2173 sanctissimo
1623 2119 1770 2172 enim

180 2214 463 2284 baptismo
533 2213 788 2267 videmus
860 2210 1087 2281 figuram
1141 2209 1597 2275 resurrectionis;
1645 2219 1774 2264 tunc

180 2318 366 2360 autem
409 2307 590 2375 ipsam
618 2305 928 2359 videbimus
959 2302 1445 2358 resurrectionem.
1485 2302 1585 2355 llic
1621 2300 1771 2355 vide-

180 2412 304 2451 mus
338 2397 593 2467 symbola
629 2394 789 2466 504
826 2394 1095 2448 Dominici
1131 2392 1403 2463 corporis,
1445 2391 1559 2446 illic
1590 2399 1771 2446 autem

180 2488 364 2557 ipsum
406 2487 706 2541 Dominum
766 2486 1076 2541 videbimus
1128 2501 1141 2537 :
1193 2483 1247 2538 id
1289 2484 1436 2538 enim
1480 2482 1769 2553 significat,

182 2580 317 2648 {acie
342 2580 415 2631 ad
437 2578 653 2646 faciem.
678 2577 1002 2631 Videbimus
1025 2583 1207 2632 autem
1228 2576 1348 2645 ejus
1377 2590 1486 2629 non
1518 2591 1640 2645 que
1668 2575 1773 2628 sub

179 2678 472 2739 aspectum
513 2683 624 2721 non
660 2666 836 2731 cadit,
884 2676 1158 2731 naturam,
1208 2682 1329 2735 que
1358 2680 1388 2719 a
1430 2665 1581 2718 nullo
1622 2664 1772 2718 cerni

180 2767 404 2825 potest;
441 2757 542 2812 sed
573 2772 715 2819 eam,
756 2772 877 2824 que
897 2756 965 2809 de
994 2756 1154 2810 nobis
1184 2766 1398 2823 sumpta
1431 2763 1537 2821 est.
1568 2774 1586 2805 ι

254 2849 314 2902 In
346 2848 519 2911 hanc,
554 2848 669 2901 sive
697 2855 957 2907 mentem,
986 2847 1102 2900 sive
1127 2847 1384 2915 loquendi
1418 2846 1669 2911 formam,
1691 2847 1773 2901 in-

182 2940 385 2993 ductus
410 2947 503 2993 est
532 2955 564 2992 a
597 2938 713 2992 suis
739 2938 1037 3007 magistris,
1070 2936 1372 3007 praisertim
1392 2954 1422 2992 a
1447 2938 1773 3008 Chrysosto-

186 3044 296 3093 mo,
335 3030 435 3098 qui
490 3028 545 3081 in
590 3027 1015 3082 Commentariis
1051 3028 1118 3083 ad
1168 3030 1267 3082 ista
1306 3029 1533 3083 Joannis
1583 3031 1767 3095 verba,

182 3122 353 3176 Deum
404 3138 565 3174 nemo
602 3122 728 3174 vidit
770 3138 1039 3191 unquam;
1093 3116 1395 3190 unigenitus
1444 3120 1629 3184 Filius,
1679 3124 1767 3191 qui
1797 3154 1840 3211 ο

182 3222 257 3267 αι
281 3214 336 3266 in
353 3215 483 3266 sinu
504 3212 683 3266 Patris
700 3214 809 3282 ipse
831 3214 1099 3265 enarravit
1122 3222 1168 3277 κ,
1193 3213 1266 3266 ita
1282 3212 1507 3267 scribit:
1534 3232 1551 3263 ι
1575 3213 1768 3277 Deum,

182 3305 504 3375 cujusmodi
539 3313 625 3358 est
654 3306 708 3357 in
741 3319 821 3366 se,
856 3317 967 3356 non
1000 3304 1175 3356 solum
1210 3303 1512 3371 prophete,
1544 3303 1638 3356 sed
1669 3318 1771 3357 nec

183 3396 666 3467 angelividerunt,
685 3410 787 3449 nec
815 3393 1181 3463 archangeli.»
1202 3393 1270 3446 Et
1304 3402 1491 3462 postea
1515 3410 1527 3445 :
1556 3411 1573 3443 ι
1611 3392 1772 3447 Solus

182 3487 362 3557 ipsum
390 3486 545 3541 videt
571 3486 740 3541 Filius
764 3494 819 3539 et
836 3484 1072 3553 Spiritus
1094 3492 1313 3538 sanctus
1348 3501 1359 3534 :
1388 3485 1591 3537 etenim
1613 3494 1771 3538 natu-

183 3594 241 3631 ra
267 3587 458 3632 creata
486 3578 698 3639 omnis,
734 3576 1013 3644 quomodo
1045 3574 1265 3628 tandem
1297 3573 1593 3628 increatam
1624 3577 1768 3629 illam

183 3678 366 3738 potest
394 3668 622 3723 videre?
654 3688 671 3720 ι
702 3669 771 3722 Et
798 3677 919 3737 post
958 3668 1062 3721 alia
1094 3685 1106 3720 :
1145 3685 1161 3717 ι
1192 3666 1345 3732 Quod
1380 3675 1561 3719 autem
1597 3667 1768 3721 videri

184 3763 301 3831 ipse
343 3769 596 3830 nequeat
624 3776 653 3813 a
698 3759 1037 3822 caelestibus,
1085 3760 1286 3814 Paulus
1309 3760 1568 3824 ostendit,
1609 3780 1625 3809 ι
1660 3771 1765 3814 etc.

183 3851 441 3906 Subinde
476 3850 581 3904 sibi
613 3850 828 3918 objicit,
877 3849 1022 3918 quod
1066 3849 1321 3903 Christus
1354 3849 1493 3902 dixit
1536 3867 1547 3901 :
1585 3850 1769 3919 Angeli

184 3961 368 3997 eorum
417 3958 626 4012 semper
678 3942 855 3994 vident
912 3941 1098 4009 faciem
1147 3941 1326 3994 Patris
1371 3942 1526 3994 vestri
1578 3943 1665 4011 qui
1714 3944 1769 3995 in

182 4035 324 4089 telis
360 4042 438 4086 est
469 4035 514 4071 ε’
554 4050 568 4084 :
595 4047 657 4085 ac
683 4030 981 4099 respondet
1012 4030 1190 4100 sequi,
1225 4030 1397 4084 videri
1426 4030 1495 4085 ab
1528 4032 1660 4099 ipsis
1687 4048 1771 4087 es-

182 4125 421 4179 sentiam
450 4123 645 4191 ipsam,
676 4120 771 4179 sed
798 4120 1026 4189 perinde
1052 4120 1464 4189 intelligendum
1502 4121 1657 4184 illud,
1684 4132 1768 4175 at-

182 4232 290 4285 que
336 4216 471 4277 hoc,
518 4213 669 4265 Beati
715 4212 909 4265 mundo
952 4212 1126 4276 corde,
1174 4214 1426 4281 quoniam
1472 4214 1574 4282 ipsi
1602 4213 1769 4267 Deum

188 4309 434 4363 :idebunt
458 4307 561 4368 5";
586 4305 680 4359 ubi
717 4304 947 4373 intelligi
981 4304 1058 4358 ait
1087 4322 1104 4353 ι
1124 4306 1325 4358 mentis
1352 4303 1642 4367 intuitum,
1674 4304 1767 4373 qui

181 4398 252 4453 ad
300 4407 527 4467 captum
567 4404 815 4449 nostrum
866 4402 1202 4462 temperatus
1241 4404 1345 4458 est,
1384 4405 1439 4449 et
1486 4396 1765 4449 notionem

1875 1937 2097 2005 quidem
2128 1938 2292 1992 etiam
2329 1940 2535 2008 angelis
2557 1979 2572 2003 ,
2605 1940 2703 1994 sed
2744 1941 2839 2010 qui
2874 1951 3194 2011 exspectant
3230 1944 3443 2001 beatam

1874 2044 2046 2097 spem,
2072 2038 2128 2083 et
2158 2030 2377 2084 interim
2404 2032 2585 2085 securi
2618 2032 2831 2087 felicem
2858 2034 3025 2088 vitam
3054 2047 3243 2105 agunt,
3269 2037 3445 2094 donec

1872 2117 2132 2172 adveniat
2141 2120 2333 2188 judicii
2359 2123 2601 2190 supremi
2625 2122 2762 2188 dies,
2787 2140 2909 2194 que
2931 2141 3161 2196 regnum
3180 2127 3444 2183 caelorum

1876 2217 2105 2260 reseret.

1946 2298 2102 2368 505
2132 2299 2248 2370 Ego
2281 2308 2431 2355 certe
2472 2315 2597 2355 cum
2644 2302 2700 2356 in
2743 2304 2948 2359 scholis
2987 2304 3056 2359 de
3096 2305 3307 2360 visione
3345 2306 3442 2361 Dei

1872 2389 2235 2459 disputarem,
2263 2390 2577 2446 Grecorum
2616 2393 2861 2460 Patrum,
2884 2395 3319 2466 Latinorumque
3344 2396 3447 2452 ali-

1872 2491 2008 2551 quot
2034 2493 2282 2537 veterum
2323 2482 2527 2539 Grecis
2550 2485 2937 2540 inberentium
2963 2488 2980 2506 ⁶
3008 2486 3150 2541 dicta
3182 2487 3250 2542 ad
3280 2488 3442 2544 scho-

1872 2573 2118 2629 lasticam
2154 2576 2512 2644 quaestionem
2540 2576 2794 2641 traduxi,
2829 2587 3016 2632 utrum
3059 2579 3127 2632 ad
3176 2579 3442 2633 visionem

1874 2665 1969 2719 Dei
2005 2666 2332 2720 eliciendam
2376 2681 2516 2736 opus
2540 2668 2612 2721 sit
2651 2669 2834 2737 specie
2882 2669 3116 2738 quadam
3153 2670 3441 2739 impressa,

1874 2773 1995 2827 que
2020 2758 2377 2827 proportione
2421 2759 2752 2827 respondeat
2786 2761 2859 2825 ei,
2908 2777 3029 2831 que
3058 2777 3088 2816 a
3119 2763 3444 2832 corporibus

1872 2846 1928 2900 in
1959 2849 2147 2904 oculos
2174 2849 2509 2913 immittitur,
2560 2860 2619 2905 ut
2652 2852 2783 2905 [iant
2806 2853 3045 2922 prompti
3082 2852 3150 2905 ad
3178 2854 3439 2922 speciem,
3500 2843 3504 2847 ’

1870 2955 2033 3009 quam
2059 2942 2231 3005 aiunt,
2250 2942 2471 2996 vitalem
2497 2942 2931 3011 exprimendam.
2954 2943 3114 2997 Aliud
3135 2945 3283 2998 enim
3304 2944 3441 2999 nihil

1871 3039 2069 3099 preter
2097 3031 2336 3101 speciem
2364 3032 2632 3104 ejusmodi
2663 3032 2881 3087 Graecos
2909 3032 3130 3087 nomine
3165 3049 3441 3101 συγκατα-

1874 3124 2085 3185 ϐάσεως
2107 3124 2406 3192 appellasse
2431 3122 2689 3177 contendi
2721 3139 2735 3175 :
2766 3137 2890 3176 nam
2920 3123 3011 3176 illa
3037 3131 3093 3177 et
3117 3132 3443 3192 supematu-

1875 3212 2005 3267 ralis
2050 3221 2155 3276 est,
2208 3222 2263 3267 et
2314 3212 2547 3281 species,
2592 3227 2699 3281 qua
2736 3212 3193 3281 supernaturalis,
3241 3212 3442 3266 attollit

1873 3312 2152 3373 mentem;
2196 3319 2301 3372 qua
2332 3302 2545 3372 species
2576 3301 2706 3356 facit
2735 3310 2795 3356 ut
2827 3302 2973 3356 Deus
3004 3301 3072 3356 de
3100 3317 3202 3356 suo
3230 3301 3439 3372 fulgore

1874 3396 2137 3458 remittat,
2178 3410 2345 3463 seque
2372 3393 2542 3448 menti
2577 3392 2829 3446 humane
2858 3390 3252 3454 accommodet,
3282 3391 3439 3460 quasi

1872 3484 2230 3546 descendens,
2260 3492 2317 3536 et
2346 3496 2405 3537 se
2434 3481 2768 3549 deprimens.

1937 3572 2262 3639 Ostendieo
2304 3573 2447 3635 loco,
2487 3587 2553 3625 ex
2585 3571 2839 3625 essentie
2883 3571 3084 3625 divine
3125 3570 3438 3625 immediata

1871 3663 2257 3732 conjunctione
2297 3678 2422 3718 cum
2467 3672 2650 3718 mente
2677 3670 2880 3727 creata,
2908 3661 3215 3731 cujusmodi
3244 3677 3275 3716 a
3324 3663 3441 3732 qui-

1872 3757 2101 3810 busdam
2133 3756 2476 3811 scholasticis
2499 3755 2799 3818 asseritur,
2832 3768 2897 3809 ea
2938 3754 3122 3807 omnia
3154 3755 3437 3824 consequi,

1872 3864 1993 3917 que
2010 3849 2199 3901 Patres
2221 3846 2392 3901 Greci
2427 3846 2662 3899 ἀδύνατα
2692 3844 2977 3914 putabant.
2999 3844 3195 3898 Verum
3228 3852 3351 3899 utut
3379 3860 3438 3898 se

1874 3954 1963 3991 res
1996 3938 2251 3999 habeant,
2280 3936 2661 3991 Theodoretus
2688 3945 2834 3990 certe
2869 3944 2961 3989 aut
2993 3935 3184 3999 sensit,
3221 3943 3316 3988 aut
3355 3934 3438 3989 lo-

1873 4036 2034 4083 cutus
2053 4036 2138 4083 est
2158 4068 2164 4078 .
2186 4029 2649 4096 quemadmodum
2677 4030 2923 4096 exposui.

2462 4118 2685 4173 CAPUT
2714 4118 2845 4172 VIII.

2332 4210 2410 4263 De
2453 4210 2598 4262 cultu
2638 4208 2966 4278 angelorum.

1940 4298 2226 4353 Sexcentis
2252 4298 2388 4353 locis
2422 4298 2804 4352 Theodoretus
2844 4296 3094 4351 meminit
3128 4295 3437 4349 veneratio-

1872 4393 1974 4454 nis,
2002 4407 2108 4460 qua
2140 4390 2329 4445 ﬁdeles
2356 4398 2768 4460 prosequuntur
2796 4398 3013 4443 sanctos
3034 4388 3144 4441 vita
3179 4387 3397 4441 functos
3422 4404 3435 4447 ;

181 4489 303 4554 Dei,
329 4504 498 4558 quam
528 4488 795 4541 habemus
827 4505 840 4539 :
867 4488 947 4540 sic
970 4488 1135 4541 etiam
1162 4488 1217 4540 in
1252 4488 1461 4556 angelis
1488 4487 1763 4556 accipien-
1797 4479 1841 4534 D
1872 4481 2017 4534 hunc
2055 4489 2236 4535 tamen
2280 4480 2525 4534 heretici
2568 4489 2880 4534 nostrorum
2922 4486 3249 4547 temporum,
3294 4477 3439 4531 inter

180 4579 317 4635 dum
348 4588 461 4641 est,
493 4588 718 4648 propter
750 4594 943 4646 puram
984 4577 1230 4645 ipsorum
1262 4592 1327 4631 ac
1356 4578 1574 4646 vigilem
1606 4587 1767 4631 natu-
1864 4573 2254 4642 disputandum
2278 4572 2346 4626 de
2381 4572 2724 4626 invocatione
2752 4580 2807 4625 et
2831 4572 2979 4626 cuitu
3010 4578 3346 4633 sanctorum,
3381 4571 3435 4623 in

181 4688 323 4733 ram,
372 4670 512 4723 nihil
563 4669 713 4737 ipsos
753 4668 902 4721 aliud
949 4677 1314 4737 preterquam
1363 4669 1533 4721 Deum
1584 4669 1770 4721 animo
1865 4672 2075 4732 partem
2098 4663 2338 4731 aliquam
2365 4661 2449 4715 sui
2487 4660 2695 4715 erroris
2721 4660 2935 4714 trahere
2959 4661 3253 4714 nituntur:
3284 4659 3351 4712 ab
3370 4673 3438 4713 eo

181 4776 430 4831 unquam
488 4758 787 4811 videndum
833 4758 937 4811 sibi
980 4772 1311 4826 proponere.
1364 4777 1379 4807 ι
1432 4758 1499 4811 Et
1542 4760 1597 4811 in
1642 4774 1768 4812 ora-

180 4852 335 4906 tione
382 4852 441 4914 3,
472 4849 540 4904 de
573 4846 1117 4917 incomprehensibili
1150 4848 1248 4902 Dei
1280 4857 1474 4903 natura
1496 4891 1509 4913 ,
1546 4865 1671 4905 cum
1702 4852 1770 4906 de

176 4940 499 5011 seraphinis
530 4940 886 5008 loqueretur:
923 4957 939 4989 ι
964 4938 1080 4993 Νοη
1102 4955 1338 5003 merum,
1360 4940 1556 5009 inquit,
1586 4943 1762 5011 ipsum

180 5035 371 5088 lumen
407 5032 784 5093 intuebantur,
815 5046 992 5100 neque
1020 5032 1289 5084 sinceram
1318 5032 1490 5099 ipsam
1513 5033 1766 5088 substan-

182 5124 348 5187 tiam;
384 5121 484 5177 sed
526 5120 583 5174 id
616 5120 761 5190 quod
803 5120 1111 5183 videbatur,
1150 5120 1246 5174 Dei
1286 5122 1534 5190 quedam
1568 5124 1671 5178 fuit
1707 5142 1764 5179 se

182 5212 531 5267 demittentis
557 5208 1010 5273 accommodatio,
1039 5210 1467 5277 ωγκατάὁασις.
1500 5212 1640 5277 Quid
1680 5224 1765 5268 est

180 5312 367 5357 autem
404 5301 837 5368 πγκατὰϐασις,
868 5300 983 5355 sive
1018 5300 1418 5366 condescensus,
1453 5318 1548 5358 seu
1580 5319 1638 5358 se
1669 5306 1764 5360 de-

181 5396 411 5449 mittens
426 5392 861 5448 accommodatio
878 5392 902 5445 ?
921 5391 1152 5458 Quando
1170 5409 1278 5447 non
1301 5402 1362 5447 ut
1383 5403 1468 5448 est
1483 5395 1646 5461 Deus,
1670 5412 1767 5467 ap-

182 5494 363 5555 paret,
406 5484 505 5538 sed
528 5492 590 5538 ut
622 5499 817 5554 capere
860 5492 1040 5553 potest
1072 5485 1120 5538 is
1141 5524 1156 5547 ,
1195 5485 1285 5539 cui
1322 5485 1545 5539 videndi
1580 5486 1651 5540 sit
1684 5487 1764 5543 fa-

1868 4755 2014 4810 enim
2050 4754 2393 4808 contendunt
2415 4752 2567 4822 rejici
2598 4753 2827 4817 cultum,
2859 4752 2954 4821 qui
2980 4752 3185 4805 sanctis
3208 4750 3433 4804 exhibes

1867 4857 1976 4909 tur,
2014 4862 2123 4899 non
2159 4845 2501 4915 quibuslibet
2536 4862 2549 4897 :
2586 4844 2640 4898 id
2675 4845 2821 4899 enim
2859 4853 3117 4899 extreme
3152 4843 3437 4913 cujusdam

1871 4946 2015 4994 esset
2038 4937 2391 5005 impudentie
2417 4953 2429 4988 :
2454 4935 2549 4989 sed
2573 4936 2777 4990 sanctis
2798 4935 3023 5005 angelis,
3060 4944 3115 4989 et
3137 4934 3438 5003 presertim

1873 5029 2190 5096 angelorum
2218 5025 2452 5095 principi
2480 5024 2747 5078 Michaeli.

1943 5117 2347 5173 Theodoretum
2410 5115 2489 5168 illi
2546 5130 2679 5169 vero
2727 5115 2905 5184 magni
2958 5114 3165 5169 faciunt
3217 5114 3318 5167 hac
3380 5115 3437 5166 in

1870 5226 2054 5272 causa,
2081 5218 2195 5262 tum
2224 5216 2451 5277 propter
2471 5206 2712 5260 nominis
2743 5206 3141 5267 celebritatem,
3173 5216 3286 5259 tum
3310 5203 3437 5273 quia

1870 5301 2078 5371 profert
2110 5298 2219 5352 duo
2262 5297 2464 5368 magni,
2508 5305 2569 5350 ut
2602 5296 2736 5366 ipsis
2779 5296 2999 5366 quidem
3034 5295 3273 5357 videtur,
3317 5307 3437 5347 mo-

1871 5392 2042 5449 menti
2062 5391 2128 5446 ad
2155 5404 2269 5444 rem
2294 5405 2417 5459 que
2439 5390 2617 5459 agitur
2647 5406 2659 5442 :
2688 5390 2867 5442 locum
2885 5402 3080 5456 nempe
3096 5384 3341 5454 Apostoli
3363 5384 3436 5448 δ’,

1871 5501 2032 5556 quem
2053 5482 2299 5553 exponit,
2323 5490 2378 5536 et
2406 5481 2624 5536 concilii
2646 5478 2941 5534 Laodiceni
2972 5492 3254 5532 canonem.

258 5602 465 5657 ‘Joan.
494 5620 533 5665 1,
576 5602 662 5657 l8.
743 5604 789 5642 ⁸⁸
818 5601 1008 5656 Matth.
1047 5617 1196 5666 xvm,
1227 5601 1312 5655 10.
1394 5604 1461 5642 ⁸⁸⁸
1490 5602 1679 5657 Matth.
1717 5622 1772 5669 v,

1937 5606 1962 5644 ιι
1996 5602 2166 5657 Exod.
2194 5616 2376 5663 χχχιιι,
2405 5600 2492 5653 20.
2571 5601 2620 5639 δ’
2648 5599 2855 5654 Coloss.
2891 5615 2947 5659 ιι,
2982 5596 3065 5661 l8,
3100 5595 3185 5649 l9.

1525 5694 1835 5750 SCHULZII
1868 5695 2094 5749 NOT/E.

270 5789 385 5821 ινσι·
421 5789 541 5844 Vid.
578 5798 616 5840 t.
648 5788 734 5852 IV,
770 5804 821 5856 p.
851 5788 938 5840 se.
981 5789 1021 5819 η
1047 5787 1166 5841 Vid.
1200 5797 1237 5841 t.
1264 5787 1351 5851 ιιι,
1386 5800 1441 5855 p.
1476 5784 1601 5839 255.
