4224 6442
792 426 890 489 451

864 540 1038 591 Locus
1093 535 1336 605 Apostoli
1383 534 1461 586 sic
1512 548 1567 586 se
1605 532 1770 585 habet

788 638 896 689 cat,
949 626 1125 681 colens
1174 628 1229 679 iu
1278 624 1575 677 humilitate
1627 632 1675 675 et
1727 621 1977 691 religione
2029 621 2361 690 angelorum,

791 735 908 775 cum
966 734 1066 769 non
1133 717 1258 768 vidit
1320 713 1638 775 ambulans,
1702 712 1901 781 frustra
1945 713 2159 780 inﬂatus
2209 726 2364 762 sensu

791 811 969 863 aii-nis
1007 822 1147 869 sum,
1207 814 1255 857 et
1305 818 1409 856 non
1450 812 1629 856 tenens
1672 811 1866 870 caput,
1928 816 1991 853 ea:
2041 816 2142 870 quo
2200 807 2367 851 totum

791 916 978 968 corpus
1036 913 1326 967 peruetus
1386 906 1432 949 et
1466 895 1858 963 conjunctiones
1907 893 2367 945 subministratum

794 1001 842 1043 et
874 998 1249 1047 constructum,
1287 986 1471 1039 crescit
1498 986 1553 1037 in
1595 991 1936 1052 augmentum
1984 982 2102 1035 Dei.
2140 981 2215 1032 ΑΟ
2249 980 2365 1033 haec

794 1080 1176 1132 ‘l’lmodoretus
1199 1078 1242 1107 '°
1267 1096 1279 1129 :
1312 1094 1327 1125 ι
1356 1074 1457 1140 Qui
1485 1075 1657 1142 legem
1672 1071 2057 1133 defendebant,
2082 1084 2178 1122 eos
2203 1068 2368 1121 etiam

794 1170 860 1221 ad
912 1173 1134 1238 angelos
1176 1167 1437 1221 colendos
1482 1164 1841 1225 inducebant,
1896 1163 2142 1216 dicentes
2193 1161 2369 1229 legem

797 1261 963 1312 fuisse
996 1273 1092 1327 per
1127 1274 1223 1312 eos
1249 1258 1452 1310 datam.
1488 1256 1685 1309 Mansit
1713 1262 1895 1307 autem
1929 1252 2124 1321 perdiu
2166 1252 2269 1304 hoc
2292 1250 2373 1302 vi-

800 1348 933 1401 tium
975 1348 1031 1400 in
1076 1348 1307 1417 Phrygia
1343 1354 1398 1398 et
1427 1344 1647 1399 Pisidia.
1685 1341 1921 1396 Proinde
1961 1341 2221 1411 synodus,
2252 1353 2374 1409 quae

798 1439 1056 1492 convenit
1083 1440 1226 1507 apud
1257 1437 1585 1490 Laodiceam
1612 1435 1879 1503 Phrygiae,
1919 1434 2035 1503 lege
2066 1433 2368 1501 prohibuit,

800 1547 865 1584 ne
893 1539 1248 1599 precarentur
1276 1528 1519 1598 angelos,
1558 1527 1718 1597 506
1750 1536 1809 1580 et
1838 1530 1892 1579 in
1920 1525 2246 1578 hodiernum
2280 1540 2372 1577 us-

806 1635 912 1689 que
940 1619 1083 1671 diem
1110 1618 1349 1670 oratoria
1375 1617 1548 1670 sancti
1587 1615 1868 1669 Michaelis
1908 1613 2052 1682 apud
2084 1614 2207 1667 illos
2251 1614 2371 1667 illo-

801 1723 1033 1776 rumque
1059 1708 1323 1760 ﬁnitimos
1349 1707 1533 1759 videre
1560 1714 1663 1768 est,
1701 1723 1718 1754 ι
1752 1715 1857 1758 etc.

872 1801 938 1853 Et
974 1809 1161 1868 postea
1191 1798 1255 1850 ad
1290 1813 1410 1865 cap.
1442 1813 1518 1859 ιιι,
1549 1812 1603 1847 v.
1648 1796 1712 1847 l7
1738 1796 1780 1827 "
1812 1812 1825 1847 :
1868 1813 1885 1843 ‹
1921 1794 2187 1859 Quoniam
2225 1794 2371 1847 enim

1884 420 2256 479 GAllNEilll
2305 418 2796 477 DISSERTATIO
2828 419 2941 476 lll.

1834 549 1847 585 :
1902 532 2064 586 Nemo
2095 550 2181 585 vos
2207 532 2361 584 sedu—
2396 536 2436 586 Α
2468 545 2530 582 ac
2554 547 2603 599 ς)
2618 531 2742 583 nodi
2762 528 3099 593 Laodiceae,
3127 529 3373 584 eamdem
3398 531 3603 599 pariter
3635 532 4042 600 synodiLaodi-

3932 420 4039 485 45?.

2467 634 2615 677 cena:
2644 627 2698 673 et
2738 619 2980 687 Apostoli
3020 620 3366 673 sententiam.
3408 621 3656 690 Denique
3687 624 4040 691 superstitio-

2468 726 2612 765 nem.
2644 711 2699 763 in
2719 725 2881 779 quam
2917 709 3296 765 Theodoretns
3320 720 3376 765 et
3405 713 3645 781 synodus
3675 714 4037 776 invehuntur,

2468 798 2660 865 primis
2677 799 2934 851 Ecclesia:
2959 799 3296 867 temporibus
3322 799 3619 863 exstitisse,
3648 801 3851 870 quippe
3880 803 4042 870 cujus

2470 891 2720 943 meminit
2756 888 3049 958 Apostolus
3087 905 3230 942 anno
3250 889 3455 945 Christi
3493 892 3583 955 6t),
3617 890 4046 947 Colossensibus

2471 982 2640 1035 Roma
2664 983 2929 1037 scribens.

2542 1075 2669 1129 inde
2687 1077 2927 1133 haeretici
2948 1079 3206 1133 videntur
3235 1078 3339 1133 sibi
3362 1079 3688 1133 concludere
3726 1094 3737 1128 :
3768 1078 3819 1130 l.
3857 1076 4045 1131 Theo-

2471 1166 2722 1219 doretum
2754 1167 2809 1220 in
2838 1183 2900 1221 ea
2932 1168 3100 1222 fuisse
3138 1168 3417 1236 opinione,
3444 1174 3503 1219 ut
3528 1166 3782 1235 rejiceret
3805 1165 4042 1223 cultum,

2473 1254 2565 1321 qui
2599 1262 2712 1306 tum
2759 1254 3129 1319 invocatione,
3154 1259 3168 1275 ‘
3201 1264 3314 1308 tum
3359 1257 3727 1309 oratoriorum
3760 1254 4046 1308 erectiono

2471 1345 2679 1413 angelis
2718 1345 3028 1399 exhibetur.
3088 1348 3142 1399 2.
3188 1346 3369 1415 Ipsum
3417 1347 3471 1398 in
3521 1360 3588 1398 eo
3625 1357 3872 1401 secutum
3921 1362 4046 1400 esst!

2475 1432 2633 1504 507
2664 1437 2882 1490 concilii
2926 1436 3218 1491 Laodiceni
3267 1436 3667 1489 deﬁnitionem.
3722 1436 3775 1490 3.
3820 1436 4046 1489 Cultum

2473 1525 2741 1593 ejusmodi
2761 1542 2823 1579 ea
2850 1534 3173 1595 tempestate
3227 1524 3279 1579 id
3313 1534 3417 1586 est,
3444 1526 3653 1579 circiter
3684 1542 3888 1579 annum
3916 1526 4045 1587 3‘23,

2437 1626 2441 1633 '
2474 1628 2584 1677 quo
2620 1623 2863 1682 tempore
2883 1616 3219 1669 celebratum
3244 1614 3540 1669 concilium
3565 1615 3829 1669 Baronius
3852 1617 4046 1671 sentit.

2477 1703 2724 1757 habitum
2760 1704 2880 1757 loco
2923 1704 3303 1758 abominandae
3348 1704 3690 1758 idololatria}.
3737 1707 3788 1759 ι.
3816 1705 4051 1759 Idolola-

2479 1794 2635 1846 triam
2669 1794 2809 1847 hanc
2833 1795 2885 1848 in
2908 1810 2975 1849 eo
2998 1796 3253 1864 positam,
3278 1794 3425 1864 quod
3458 1796 3649 1849 relicto
3680 1795 3903 1850 Christo
3939 1812 4050 1849 mc-

803 1889 882 1943 illl
908 1889 1126 1958 angelos
1154 1886 1422 1955 jubebant
1444 1885 1693 1945 adorare,
1726 1885 1840 1951 ipse
1866 1883 2201 1935 contrarium
2240 1897 2377 1950 pne-
2408 1863 2447 1914 Β
2476 1884 2711 1951 diatore,
2761 1886 2850 1938 alii
2899 1886 3319 1939 advocarentur.
3368 1886 3419 1939 5.
3460 1884 3720 1940 llomlnes
3756 1887 4049 1940 sanctitate

804 1980 959 2047 cipit,
1010 1987 1068 2030 ut
1112 1987 1167 2030 et
1193 1977 1335 2029 dicta
1390 1986 1435 2026 et
1488 1973 1625 2028 iacta
1673 1982 1940 2025 exornent
2000 1972 2375 2025 recordatione

802 2070 1007 2125 Christi
1037 2067 1292 2123 Domini:
1330 2076 1386 2120 et
1415 2067 1546 2127 Deo,
1584 2065 1783 2132 inquit,
1811 2072 1866 2117 et
1891 2063 2039 2117 Patri
2078 2064 2375 2131 gratiarum

2476 1976 2688 2028 nobiles
2724 1993 2831 2029 non
2870 1978 2974 2030 coli
3008 1993 3034 2029 a
3078 1977 3357 2037 ﬁdelibus,
3398 1990 3577 2043 neque
3632 1978 3927 2031 memorias
3968 1978 4051 2029 eis

2473 2068 2722 2130 excitari,
2764 2069 2870 2122 nisi
2908 2070 2974 2123 ad
3020 2069 3400 2134 imitationem,
3446 2079 3669 2139 propter
3705 2079 3913 2123 natura:
3957 2083 4052 2122 co-

805 2163 1076 2217 actionem
1113 2176 1209 2229 per
1240 2160 1415 2228 ipsum
1444 2157 1665 2219 olferre,
1695 2171 1805 2208 non
1830 2171 1930 2225 per
1948 2154 2191 2224 angelos.
2230 2154 2379 2208 Hanc
2473 2159 2810 2227 gnationem,
2848 2176 2969 2229 quae
2995 2175 3119 2214 cum
3151 2162 3300 2214 nulla
3329 2162 3402 2214 sit
3432 2161 3655 2231 angelos
3689 2160 3833 2213 inter
3861 2167 3916 2213 et
3946 2159 4051 2213 ho-

805 2256 971 2309 ctlam
1002 2256 1172 2322 legem
1210 2265 1448 2319 sequens
1476 2247 1786 2301 Laodicena
1822 2246 2083 2316 synodus,
2115 2255 2171 2299 et
2192 2247 2381 2300 volens

807 2346 981 2401 veteri
1010 2346 1084 2398 illi
1122 2344 1315 2397 morbo
1351 2340 1579 2403 mederi,
1621 2339 1737 2407 lege
1768 2340 1968 2402 sanxit,
2004 2352 2112 2390 non
2144 2337 2383 2390 orandus

808 2453 929 2493 esse
952 2437 1196 2504 angelos,
1221 2450 1322 2488 nec
1346 2430 1769 2500 relinquendum
1808 2429 2098 2483 Dominum
2131 2437 2379 2483 nostrum

807 2528 995 2585 Jesum
1034 2526 1336 2580 Christum.
1373 2544 1391 2573 ι

880 2619 991 2672 Lex
1016 2618 1233 2671 concilii
1260 2614 1552 2668 Laudiceni
1581 2621 1665 2667 est
1695 2629 1870 2667 canon
1895 2629 2052 2675 xxxv,
2081 2611 2175 2680 qui
2196 2611 2383 2665 Graece

811 2710 891 2764 sic
923 2710 1087 2762 habet
1112 2726 1124 2760 :
1148 2708 1270 2758 ’Ότι
1301 2706 1359 2757 οὗ
1377 2706 1455 2757 δεῖ
1474 2706 1830 2774 Χριστιανοὺς
1858 2686 2270 2770 ἐγκαταλείπειν
2287 2702 2384 2768 τὴν

825 2801 1151 2868 Ἐκκλησίαν
1172 2798 1265 2850 τοῦ
1290 2797 1449 2861 θεοῦ,
1476 2798 1565 2849 καὶ
1588 2798 1832 2858 ἀπιέναι,
1858 2796 1949 2847 καὶ
1979 2794 2239 2860 ἀγγέλους
2270 2794 2387 2845 ὀνο-

816 2892 1028 2960 μάζειν.
1070 2890 1162 2942 καὶ
1194 2886 1437 2950 συνάξεις
1466 2888 1662 2947 ποιεῖν,
1697 2887 1840 2955 ἅπερ
1884 2885 2277 2955 ἀπηγόρευται.
2322 2884 2390 2936 Εἴ

810 2998 896 3042 τις
925 2976 1017 3032 οὖν
1048 2980 1251 3047 εὑρεθῇ
1279 2978 1452 3048 ταύτῃ
1489 2980 1555 3046 τῇ
1596 2977 1949 3046 κεκρυμμένῃ
1976 2975 2389 3044 εἱὼλολατρεῖᾳ

817 3067 1129 3135 σχολάζων,
1176 3066 1314 3116 ἔστω
1363 3064 1631 3132 ἀνάθεμα,
1667 3066 1747 3116 ὅτι
1814 3064 2233 3131 ἐγκαταλέλοιπε
2298 3062 2387 3115 τὸν

817 3160 1021 3221 Κύριον
1065 3156 1218 3225 ἡμῶν
1269 3154 1472 3223 Ἰησοῦν
1512 3155 1743 3223 Χριπὸν
1790 3154 1881 3206 τὸν
1916 3156 2040 3205 1'le
2078 3154 2172 3206 τοῦ
2210 3154 2383 3217 Θςοῦ,
2413 3192 2457 3251 C

815 3249 909 3301 καὶ
939 3246 1354 3315 εἰδωλολατρείᾳ.
1391 3246 1711 3315 προσῆλθεν.
1746 3246 1921 3299 Varia:
1950 3255 2077 3299 sunt
2106 3245 2384 3299 variorum

818 3340 1323 3407 interpretationes.
1367 3338 1655 3406 Dionysius
1695 3337 1936 3405 Exiguus
1971 3354 1983 3389 :
2029 3356 2045 3385 ι
2081 3337 2235 3401 Quod
2276 3350 2387 3389 non

818 3434 1070 3499 oporteat
1101 3427 1399 3481 Ecclesium
1434 3427 1527 3479 Dei
1557 3426 1890 3494 relinquere,
1933 3435 1987 3479 et
2012 3427 2184 3488 abire,
2213 3436 2269 3479 et
2294 3441 2390 3479 an-

819 3521 967 3587 gelos
985 3519 1292 3581 nominare,
1306 3518 1389 3571 vel
1409 3518 1853 3585 congregationes
1870 3517 2066 3578 facere,
2086 3534 2207 3585 quae
2226 3518 2391 3571 inter-

820 3612 961 3663 dicta
991 3617 1314 3662 noscuntur.
1342 3608 1396 3661 Si
1430 3608 1554 3675 quis
1584 3607 1752 3677 igitur
1774 3608 2027 3662 inventus
2064 3608 2227 3660 fuerit
2262 3608 2389 3661 huic

818 3702 1050 3756 occulta:
1081 3699 1402 3753 idololatria:
1420 3698 1682 3759 serviens,
1704 3699 1776 3751 sit
1801 3700 2113 3761 anathema,
2137 3700 2261 3767 quia
2291 3699 2387 3752 dc-

824 3794 1047 3860 reliquit
1089 3791 1381 3844 Dominum
1423 3790 1608 3843 Jcsum
1638 3789 1917 3843 Christum
1954 3790 2151 3843 Filium
2188 3790 2305 3849 Dei,
2338 3800 2392 3842 et

822 3900 880 3939 se
922 3883 1240 3937 idololatria:
1263 3881 1506 3935 tradidit.
1549 3900 1566 3931 ι
1606 3881 1845 3934 lsidorus
1866 3882 2134 3935 Mercator
2172 3900 2183 3933 :
2231 3905 2247 3930 ι
2274 3883 2391 3934 Non

822 3982 1041 4045 oportet
1061 3974 1422 4037 Christianos,
1447 3971 1708 4027 denclicta
1728 3972 1990 4035 Ecclesia,
2023 3973 2173 4028 abire
2199 3973 2263 4025 ad
2295 3988 2393 4024 an-

822 4067 977 4137 gelos
1003 4064 1400 4126 nominantem,
1435 4071 1491 4117 et
1516 4062 1834 4116 idololatria:
1853 4063 2230 4116 abominanda:
2259 4079 2393 4116 con-

824 4158 1172 4228 gregationes
1224 4156 1424 4217 facere,
1480 4170 1600 4223 quae
1657 4156 1839 4207 omnia
1906 4155 2192 4208 interdicta
2245 4164 2390 4207 sunt.

824 4250 1149 4318 Quicunque
1189 4251 1443 4302 inventus
1474 4247 1640 4301 fuerit
1670 4247 1884 4300 occulte
1921 4248 2046 4299 huic
2080 4247 2396 4300 idololatria:

826 4356 1048 4402 vacans,
1094 4340 1383 4392 anathema
1423 4326 1493 4391 sit
1528 4355 1541 4389 :
1581 4338 1835 4405 quoniam
1876 4337 2263 4405 derelinquens
2290 4337 2396 4389 Do-

828 4433 1039 4485 minum
1069 4439 1321 4484 nostrum
1366 4430 1552 4483 Jesum
1595 4428 1873 4482 Christum
1917 4428 2110 4481 Filium
2144 4428 2260 4487 Dei,
2317 4443 2400 4480 ae-

2478 2251 2673 2311 mines,
2712 2268 2821 2304 non
2852 2267 2973 2306 esse
3006 2267 3372 2321 consequens,
3409 2262 3502 2316 ut,
3546 2254 3590 2306 si
3626 2252 3870 2306 Ecclesia
3903 2252 4051 2305 colat

2479 2342 2751 2406 homines,
2783 2344 2931 2396 cultu
2960 2343 3158 2397 debeat
3182 2345 3405 2413 angelos
3429 2344 3642 2413 dignari
3677 2346 3739 2397 ⁸⁸.

2552 2434 2793 2490 Trahere
2821 2438 3125 2505 possuntin
3164 2452 3275 2491 suae
3290 2424 3357 2491 de
3396 2436 3743 2491 Theodoreto
3774 2437 4057 2504 Opiniouis

2481 2525 2907 2589 ﬁrmamentum,
2953 2526 3099 2596 quod
3170 2527 3421 2596 nnspiam
3488 2528 3617 2581 alibi
3668 2526 4057 2581 Theodoretus

2480 2618 2795 2670 meminerit
2829 2618 3008 2671 cultus
3026 2618 3235 2687 angelis
3261 2618 3454 2682 debiti,
3486 2633 3609 2671 cum
3639 2626 3818 2670 tamen
3848 2616 4060 2684 ubique

2484 2708 2685 2777 passim
2717 2707 2785 2763 de
2817 2708 3063 2762 colendis
3113 2708 3415 2777 prophetis,
3478 2708 3759 2777 apostolis,
3799 2708 4059 2776 martyri-

2484 2798 2609 2861 bus,
2634 2808 2765 2858 etc..
2789 2800 3123 2853 mentionem
3152 2799 3336 2852 faciat.
3363 2800 3496 2852 Nam
3525 2798 3669 2867 quod
3693 2798 4063 2851 Bellarminus

2486 2891 2649 2944 aﬂ'ert
2680 2906 2746 2944 ex
2774 2890 2869 2944 lib.
2893 2908 2926 2945 γ
2956 2889 3279 2943 Fabularum
3322 2890 3707 2949 Iiwreticarum,
3739 2904 3861 2957 cap.
3883 2905 3980 2948 vn,
4007 2898 4063 2940 et

2487 2996 2607 3050 cap.
2656 2998 2685 3034 Χ
2746 2980 3007 3034 Danielis.
3043 2981 3242 3048 probat
3289 2980 3509 3048 quidem
3553 2980 3777 3048 angelos
3818 2994 3907 3031 res
3961 2979 4061 3031 ho.

2489 3073 2698 3125 minam
2733 3072 2894 3132 scire,
2923 3086 2985 3123 ac
3015 3070 3273 3138 precibus
3312 3068 3456 3137 apud
3496 3069 3666 3123 Deum
3710 3082 4061 3137 promovere,

2489 3175 2598 3213 non
2642 3161 2835 3229 probat
2868 3161 3075 3229 angelis
3095 3159 3163 3214 ab
3189 3158 3505 3213 hominibus
3524 3158 3726 3213 debere
3745 3157 4065 3227 religiosum

2488 3252 2695 3305 cultum
2732 3249 2977 3318 rependi.

2560 3342 2637 3395 lta
2672 3340 2785 3394 fere
2816 3337 3079 3401 haeretici,
3121 3338 3325 3407 quibus
3367 3353 3398 3391 a
3428 3340 3633 3393 nostris
3668 3340 4066 3409 respondetur,

2494 3433 2641 3499 ipsos
2665 3431 2777 3483 falli
2797 3431 3057 3498 opinione
3090 3445 3208 3492 sua,
3238 3444 3339 3483 nec
3365 3431 3581 3498 assequi
3611 3431 3879 3499 Apostoli,
3903 3447 4070 3502 syno-

2491 3522 2675 3590 dlque,
2712 3529 2764 3573 et
2812 3520 3143 3573 Theodoreti
3202 3535 3446 3583 sensum,
3491 3531 3717 3589 propter
3764 3523 4067 3591 malignum

2491 3614 2765 3682 quoddam
2807 3611 3208 3681 pra-judicium,
3262 3626 3371 3681 quo
3414 3612 3798 3681 prohibentur,
3844 3628 3914 3667 ne
3965 3615 4067 3667 ob-

2492 3713 2715 3759 servent
2744 3703 3059 3771 diligentius
3102 3702 3564 3766 testimoniorum,
3600 3719 3721 3773 quae
3753 3705 4067 3773 proferunt,

2494 3792 2770 3861 adjuncta.
2809 3792 2885 3843 Ex
2923 3792 3008 3844 his
3036 3791 3183 3843 enim
3228 3792 3387 3845 lacile
3432 3801 3649 3862 poterat
3679 3795 4071 3849 ecclesiastica:

2495 3885 2737 3937 historiae
2796 3884 3001 3937 veritas
3064 3883 3316 3953 intelligi,
3365 3885 3809 3953 quandoquidem
3862 3888 4068 3956 scripta

2495 3986 2645 4037 sunt,
2674 3976 2717 4029 si
2742 3976 3069 4045 Epiphanio,
3096 3976 3401 4044 Augustino
3431 3985 3486 4029 et
3528 3977 3924 4031 Prmdestinato
3948 3995 4072 4033 cre-

2496 4068 2697 4127 dimus,
2711 4067 2972 4119 adversus
2994 4066 3381 4119 exsecrabilem
3397 4066 3687 4134 quamdam
3706 4068 4066 4135 impietatem,

2497 4167 2559 4205 ex
2590 4151 2891 4208 Judaismo.
2926 4150 3231 4203 idololatria
3260 4160 3317 4205 et
3347 4152 3519 4221 magia
3552 4152 3862 4216 conﬂatam,
3903 4170 4070 4224 quam

2495 4238 2833 4294 Cerinthiani
2860 4238 2913 4291 in
2936 4237 3083 4300 Asia,
3111 4238 3412 4306 praesertim
3433 4238 3714 4293 inopisidia
3732 4246 3787 4292 et
3810 4238 4067 4310 Phrygia,

2498 4329 2721 4383 nomine
2750 4325 3068 4380 Christiano
3092 4324 3530 4377 dissimulabant.

2568 4418 2836 4475 Judaismi
2895 4426 3035 4480 erat,
3091 4416 3235 4484 quod
3285 4416 3533 4469 dicerent
3588 4415 4071 4472 circumeisionem

827 4524 995 4581 cessit
1024 4523 1090 4577 ad
1126 4522 1289 4576 idola.
1325 4542 1340 4572 ι
1372 4521 1674 4576 Genlianus
1709 4520 1975 4575 llervetus
2007 4537 2018 4572 :
2060 4539 2077 4569 ι
2106 4518 2261 4585 Quod
2286 4534 2392 4571 non
2426 4527 2473 4584 υ
2499 4526 2620 4565 esse
2680 4508 3064 4569 necessariam,
3132 4506 3412 4560 Christum
3494 4521 3691 4575 purum
3763 4506 4071 4567 hominem.

830 4623 1081 4686 Oporteat
1108 4614 1467 4676 Christianos,
1496 4613 1679 4667 relicta
1709 4613 1802 4666 Dei
1832 4612 2093 4671 Ecclesia,
2133 4611 2306 4674 abire,
2340 4619 2395 4663 et

832 4707 1055 4776 angelos
1091 4704 1394 4764 nominare,
1419 4704 1501 4757 vel
1534 4703 1981 4774 congregationes
2013 4702 2211 4765 facere,
2249 4700 2394 4771 quod

831 4808 917 4849 est
959 4796 1313 4865 prohibitum.
1346 4794 1400 4847 Si
1443 4794 1566 4863 quis
1606 4809 1737 4863 ergo
1782 4794 2037 4846 inventus
2068 4791 2235 4845 fuerit
2272 4791 2399 4844 huic

831 4887 1062 4941 occulta:
1083 4886 1400 4939 idololatriae
1419 4899 1639 4947 vacare,
1659 4884 1731 4937 sit
1756 4883 2041 4937 anathema
2078 4900 2089 4935 :
2119 4882 2244 4951 quia
2269 4882 2399 4934 reli-

833 4977 953 5043 quit
983 4975 1268 5028 Domiuum
1289 4982 1533 5027 nostrum
1558 4974 1744 5028 Jesum
1766 4971 2071 5035 Christum,
2093 4979 2150 5026 et
2172 4972 2405 5025 accessit

832 5066 903 5119 ad
942 5066 1324 5120 idololatriam.
1360 5085 1375 5112 ι

902 5159 1145 5215 Observa
1175 5175 1375 5227 primo,
1401 5156 1462 5209 τὸ
1489 5156 1774 5225 ὀνομάζειν
1801 5170 1831 5209 a
1861 5154 2213 5209 Theodoreto
2246 5154 2402 5209 Intel-

836 5249 931 5315 ligi
976 5247 1360 5317 προσεύχεοαι,
1413 5263 1537 5299 cum
1590 5260 1753 5297 nemo
1812 5254 1992 5297 tamen
2040 5244 2405 5312 interpretum

840 5339 1089 5401 verterit,
1144 5340 1419 5401 invocare,
1474 5336 1589 5390 sive
1643 5318 1941 5406 apprecari.
1994 5333 2201 5388 Deinde
2232 5334 2406 5404 legem

840 5430 1247 5499 prohibentem,
1281 5428 1437 5496 cujus
1469 5426 1674 5481 mentio
1708 5427 1786 5489 ﬁt,
1825 5424 2096 5479 contineri
2127 5424 2249 5478 loco
2272 5425 2413 5492 Apo-

840 5521 962 5575 stoll
984 5533 1106 5572 mox
1142 5517 1378 5571 laudato.
1414 5518 1625 5579 Postea,
1649 5515 1895 5570 eamdem
1920 5529 2039 5569 esse
2069 5514 2409 5569 Theodoreti

2500 4602 2814 4671 angelisque
2847 4599 3185 4658 inferiorem,
3239 4612 3267 4648 a
3301 4597 3505 4664 quibus
3543 4611 3739 4664 nempe
3780 4605 3837 4650 et
3894 4597 4073 4667 legem

2503 4694 2698 4753 Moses,
2732 4702 2788 4745 et
2811 4690 3063 4744 Christus
3091 4690 3205 4757 ipse
3231 4695 3555 4756 potestatem
3585 4686 3784 4742 edendi
3806 4690 4075 4744 miracula

2505 4782 2821 4850 accepisset.

2580 4872 2904 4927 Idololatrize
2928 4871 3051 4931 fuit,
3082 4870 3228 4939 quod
3254 4870 3547 4923 adorarent
3567 4871 3790 4941 angelos
3812 4882 4076 4941 tanquam

2508 4963 2700 5019 mundi
2721 4961 3060 5023 conditores,
3086 4976 3355 5029 verosque
3389 4961 3560 5015 Deum
3576 4961 3720 5017 inter
3746 4972 3805 5017 et
3823 4962 4079 5017 homines

2507 5057 2861 5111 mediatores.

2578 5148 2766 5217 Magia
2794 5144 3056 5214 denique,
3091 5142 3263 5212 quod,
3290 5143 3516 5198 nomine
3545 5143 3869 5214 angelorum
3920 5146 4079 5199 Invo-

2509 5247 2653 5298 cato,
2686 5235 2998 5305 prodigiosa
3020 5233 3271 5303 quadam
3306 5240 3661 5287 ostentarent.

2580 5327 2730 5382 Hanc
2754 5335 2958 5381 sectam
2976 5325 3292 5389 Cerinthus,
3314 5334 3575 5379 nascente
3597 5324 3862 5387 Ecclesia,
3881 5325 4079 5380 conﬁa-

2507 5421 2605 5478 vit.
2626 5434 2751 5473 cum
2767 5418 3263 5473 essetAlexandria:
3275 5416 3327 5470 in
3340 5416 3591 5487 Egypto,
3610 5416 3704 5469 ubi
3715 5431 3840 5470 cum
3853 5416 4077 5475 Iudaeis.

2510 5511 2807 5583 gentilibus
2843 5518 2899 5563 et
2944 5508 3403 5573 incantatorlbus,
3429 5508 3521 5578 qui
3545 5508 3769 5576 plurimi
3821 5517 3982 5560 erant
4027 5508 4077 5559 in

2178 5651 2488 5708 SCHULZII
2516 5649 2741 5705 ΝΟΤᾸΞ.

916 5754 960 5782 ὀ
1014 5750 1184 5803 \‘id.t
1240 5749 1329 5813 Ill,
1364 5765 1415 5817 p.
1455 5749 1574 5801 49.0.

1655 5750 1695 5778 ἰ
1737 5748 1855 5800 Vld.
1892 5747 2025 5801 ibid.
2059 5762 2114 5815 ρ.
2164 5746 2284 5802 tas.

850 5839 907 5896 p.
950 5822 1079 5875 H.587
1105 5835 1254 5889 seqq.

2377 5748 2421 5780 “
2448 5746 2569 5798 Vid.
2614 5744 2677 5798 ad
2716 5744 2770 5796 h.
2811 5743 2847 5795 l.
2884 5741 3160 5796 Oudinum
3203 5739 3274 5791 De
3320 5740 3563 5808 scriptor.
3608 5734 3812 5797 εει-ιω.9
3856 5742 3988 5787 tom.
4034 5731 4077 5799 Ι,
