4224 6442
150 384 226 450 ι53
1336 386 1430 443 DE
1472 384 1646 445 FIDE
1686 382 2197 443 TIlEl'lDLlRETI.

150 493 559 567 populosissima
606 496 854 557 civitate,
893 507 1238 563 congressus,
1298 493 1351 545 id
1400 511 1427 547 a
1481 493 1710 559 singulis
1743 494 1787 547 Α

149 586 346 647 didicit,
379 586 529 656 quod
567 589 621 640 in
656 586 841 640 Asiam
868 584 1147 654 profectus
1171 584 1411 637 doceret.
1445 584 1713 637 Doctrina:

150 694 297 749 porro
332 691 445 733 tam
490 679 673 749 impia:
716 677 1138 733 lenocinabatur
1164 678 1402 745 primum
1448 676 1570 730 ﬁcta
1618 676 1713 728 do-

152 773 308 827 centis
340 772 664 835 humilitas;
700 771 899 825 deinde
951 770 1194 824 laudatio
1248 770 1385 839 legis
1434 769 1714 828 blosaicm;

154 875 248 918 tum
284 862 653 932 amplificatio
700 861 1380 931 incomprehensibilitatis
1420 861 1618 913 divina:
1655 874 1719 912 ac

152 956 436 1009 inaccessa:
465 955 790 1025 majestatis,
830 970 952 1024 qua:
985 971 1084 1024 per
1110 969 1213 1019 eos
1257 953 1510 1007 adeunda
1557 952 1718 1013 foret,

151 1061 230 1115 per
260 1060 406 1114 quos
441 1044 527 1097 lex
560 1044 683 1097 data
726 1053 904 1108 esset;
953 1051 1139 1112 postea
1188 1041 1394 1097 Christi
1438 1042 1722 1109 depressio

153 1136 237 1191 sub
292 1137 543 1204 angelis;
599 1135 841 1203 denique
891 1133 1150 1203 angelica:
1212 1132 1377 1202 508
1432 1130 1724 1200 potestatis

152 1237 466 1295 exaggerata
503 1226 841 1295 prmdicatio.

210 1316 317 1370 llas
344 1333 482 1370 vero
508 1318 823 1384 impietates
854 1314 1050 1369 callide
1096 1322 1152 1369 et
1208 1314 1441 1383 maligne
1493 1312 1720 1367 docuit:

153 1422 229 1461 eas
252 1408 468 1476 quippe
505 1421 609 1458 nec
636 1405 852 1459 cunctis
876 1404 1321 1465 tradebatsimul,
1350 1419 1453 1457 nec
1469 1402 1726 1456 omnibus

156 1508 375 1559 temere,
401 1498 499 1551 sed
522 1506 580 1550 ut
603 1513 851 1566 quosque
871 1496 1139 1565 impietati
1164 1504 1504 1565 opportunos
1533 1504 1727 1549 nactus

154 1597 277 1641 erat.
313 1588 601 1641 AvOcabat
634 1586 844 1648 ﬁdeles,
880 1585 1116 1654 primum
1162 1599 1190 1637 a
1238 1583 1491 1637 libertate
1545 1582 1724 1635 Evan-

156 1678 266 1748 gelii
336 1678 406 1730 ad
477 1677 799 1731 servitutem
869 1675 1032 1742 legis;
1107 1682 1295 1742 postea
1366 1672 1434 1727 ab
1472 1672 1728 1726 Ecclesiae

155 1752 449 1837 synaxihus
494 1766 559 1819 ad
586 1764 823 1818 nefarias
845 1764 898 1821 in
922 1762 1180 1818 oratoriis
1214 1764 1329 1816 suis
1354 1764 1643 1819 coitiones.
1674 1769 1730 1814 et

156 1859 210 1914 ad
238 1859 510 1913 Iudaicos
543 1856 929 1921 ritus;deinde
969 1872 999 1909 a
1043 1854 1219 1923 capite
1264 1853 1487 1908 Christo
1519 1853 1586 1907 ad
1631 1868 1730 1906 an-
1768 1837 1806 1890 υ

156 1950 396 2018 gelorum
442 1964 555 2017 pra:
584 1947 804 2002 Christo
846 1947 1055 2000 cultum
1104 1954 1269 2015 atque
1322 1944 1730 2008 adorationem;

156 2042 387 2111 denique
440 2058 471 2095 a
528 2040 789 2110 precibus
861 2039 1118 2093 Ecclesize
1192 2038 1258 2092 ad
1328 2037 1732 2091 invocationem

156 2135 413 2203 magicam
484 2133 803 2201 spirituum,
862 2146 1096 2201 quorum
1148 2129 1371 2185 nomine
1419 2128 1733 2200 prodigiosa

155 2240 309 2295 opera
334 2226 557 2277 fierent.

214 2316 421 2371 Praeter
445 2316 589 2369 hanc
620 2314 898 2370 infandam
929 2314 1278 2384 disciplinam
1324 2314 1567 2367 visiones
1612 2312 1734 2381 plu-

158 2408 315 2461 rimas
348 2417 451 2461 aut
482 2408 745 2462 mentitus
768 2415 870 2470 est,
904 2406 1051 2475 quod
1102 2406 1446 2467 credibilius,
1499 2413 1593 2459 aut
1643 2420 1737 2457 ex-

157 2510 359 2568 pertus,
419 2499 689 2553 illudente
743 2499 1009 2551 dazmone.
1070 2496 1168 2552 His
1206 2508 1390 2551 autem
1437 2497 1737 2551 instructus

155 2600 329 2644 vatem
361 2590 482 2660 egit
508 2597 674 2658 atque
705 2580 1031 2657 apostolum.

231 2682 475 2751 Scripsit
506 2682 773 2736 adversus
792 2681 1072 2737 Judaicam
1107 2680 1287 2749 impiae
1314 2686 1477 2733 secta:
1526 2688 1738 2747 partem

157 2774 439 2842 apostolus
486 2774 717 2827 Paulus:
779 2773 1044 2829 adversus
1094 2773 1228 2826 alias
1274 2771 1412 2825 duas
1435 2771 1739 2845 Laodicena

159 2866 435 2936 synodus:
474 2880 651 2933 neque
672 2865 818 2919 enim
856 2866 1108 2933 impietas
1132 2864 1242 2925 illa,
1282 2880 1403 2932 quae
1428 2864 1741 2931 apostolicis

159 2956 505 3026 temporibus
527 2964 654 3009 nata
680 2964 786 3018 est,
812 2954 1076 3010 trecentis
1107 2963 1227 3024 pest
1261 2954 1439 3019 annis,
1465 2969 1574 3023 quo
1600 2964 1738 3008 tem-

158 3063 285 3116 pore
313 3047 566 3118 synodus
587 3046 865 3110 convenit,
894 3046 1165 3100 exstincta
1194 3055 1330 3099 erat.

221 3138 650 3194 Colossensibus
672 3138 859 3208 igitur,
887 3153 1123 3208 quorum
1175 3122 1383 3192 civitas.
1410 3138 1465 3191 in
1505 3136 1740 3208 Phrygia

160 3229 259 3284 fuit
274 3230 380 3284 sub
404 3229 717 3283 Laodicena
741 3229 1049 3298 metropoli,
1068 3229 1344 3283 scribebat
1362 3228 1737 3299 Apostolush“

160 3321 324 3375 verba
359 3336 489 3390 qua:
512 3320 699 3383 retuli,
730 3334 960 3374 monens
988 3337 1058 3374 ne
1085 3320 1330 3374 sinerent
1359 3335 1415 3374 se
1447 3302 1635 3374 seduci
1671 3320 1741 3374 ab

159 3408 451 3472 Cerintho,
477 3409 571 3479 qui
602 3408 726 3463 ﬁcta
754 3408 1080 3462 humilitatis
1107 3409 1311 3478 specie,
1350 3416 1406 3462 et
1446 3408 1581 3471 falsa
1611 3408 1742 3464 veliv-

162 3502 320 3571 g‘one
373 3503 719 3572 angelorum,
800 3500 1061 3555 seducere
1128 3501 1410 3575 volebat,‘
1447 3500 1613 3552 om...»
1687 3502 1744 3553 ὲν

160 3594 635 3664 ταπεινσφροσύνῃ
683 3594 776 3645 καὶ
838 3591 1103 3663 Ορησκεὶᾳ
1153 3593 1261 3644 τῶν
1302 3592 1575 3658 ἀγγέλων,
1630 3592 1745 3643 suis

163 3687 337 3755 ipsius
366 3685 628 3755 cogitatis
657 3693 752 3737 aut
782 3685 1055 3755 ﬁgmentis
1095 3672 1279 3754 petius
1340 3684 1634 3745 inhaerens,
1690 3691 1747 3736 et

164 3785 374 3831 temere
409 3774 637 3828 inflatus
682 3790 846 3828 sensu
892 3773 1077 3828 carnis
1124 3782 1257 3837 suae,
1302 3772 1335 3825 ἃ
1379 3773 1451 3841 μὴ
1505 3772 1747 3841 ὲώραγεν

166 3866 514 3937 ἐμϐατεύων,
546 3867 671 3935 εἰκη
702 3865 1058 3936 φυσιούμενος
1088 3864 1193 3918 ὑπὸ
1221 3864 1313 3917 τοῦ
1345 3866 1461 3928 νοὸς
1493 3865 1587 3934 τῆς
1619 3882 1749 3934 61p-

166 3963 260 4024 κ’»ς
308 3959 521 4023 αὐτοῦ,
576 3974 683 4012 non
738 3960 1053 4014 firmissime
1110 3958 1536 4028 apprehendens
1586 3967 1751 4027 caput

164 4052 481 4113 Christum,
516 4066 582 4105 ex
608 4066 717 4120 quo
749 4060 923 4105 totum
948 4066 1149 4120 corpus
1171 4051 1427 4105 Ecclesiae
1456 4066 1551 4118 per
1580 4066 1752 4104 nexus

165 4157 221 4199 ct
244 4142 694 4214 conjunctiones,
722 4142 1021 4210 apostolos,
1045 4141 1345 4210 prephetas
1393 4151 1449 4195 et
1476 4141 1748 4202 doctores,

168 4236 655 4290 subministratum
669 4241 724 4286 et
739 4241 1111 4287 constructum
1124 4233 1387 4286 crescitin
1402 4247 1629 4300 augmen
1641 4240 1751 4285 tum

168 4326 292 4390 Dei,
327 4326 425 4378 καὶ
472 4325 533 4375 οὐ
564 4321 779 4393 κρατῶν
804 4322 904 4391 τὴν
933 4322 1192 4390 κεφαλὴν,
1216 4323 1272 4387 ἐξ
1290 4317 1349 4375 οὗ
1373 4324 1479 4375 πᾶν
1506 4324 1565 4374 τὸ
1598 4324 1755 4391 σῶμα

166 4416 256 4469 διὰ
285 4415 398 4488 τῶν
429 4413 585 4482 ἁφῶν
613 4416 710 4468 καὶ
765 4412 1077 4483 συνδέσμων
1119 4415 1616 4484 ἐπιχορηγούμενον
1663 4417 1756 4468 καὶ

171 4504 676 4576 συμϐιϐαζόμενον,
706 4499 859 4566 αὖξει
885 4502 984 4572 τὴν
1014 4500 1238 4569 αὔξησιν
1270 4502 1359 4553 τοῦ
1391 4500 1545 4554 Θεοῦ.

239 4595 554 4665 Apostolus
600 4609 733 4663 ergo
795 4608 907 4646 non
946 4592 1205 4661 prohibet
1232 4592 1599 4646 Christianam
1632 4592 1759 4646 relic

170 4686 395 4757 gionem
442 4684 787 4754 angelorum,
820 4684 915 4737 sed
942 4683 1163 4751 impiam
1192 4682 1556 4736 idololatriam
1584 4698 1613 4736 a
1662 4682 1764 4738 Ce-

172 4778 368 4832 rintho
401 4777 705 4837 inventam,
753 4789 862 4842 qua
915 4774 1084 4827 creati
1138 4773 1363 4842 spiritus
1427 4774 1760 4838 colerentur,

172 4871 331 4923 velut
370 4867 566 4922 mundi
598 4867 914 4921 conditores
964 4864 1424 4933 mediatoresque,
1453 4865 1495 4918 si
1533 4866 1660 4919 licet
1689 4866 1762 4919 ita

172 4961 355 5029 loqui,
387 4958 695 5013 immediati
716 4959 887 5012 Deum
908 4958 1053 5010 inter
1068 4966 1124 5011 et
1143 4956 1413 5019 homines,
1441 4972 1503 5010 ac
1528 4958 1761 5026 magica-

175 5068 306 5106 rum
330 5051 536 5105 artium
572 5057 888 5119 potestates,
924 5057 1057 5111 etc.,
1085 5064 1207 5101 cum
1237 5047 1402 5101 iidem
1429 5048 1497 5101 ab
1519 5048 1764 5101 Ecclesia

172 5145 442 5199 colantur
466 5142 617 5196 velut
641 5140 1093 5195 administratorii
1110 5143 1128 5158 ‘
1155 5140 1257 5193 sub
1276 5139 1495 5192 Christo
1519 5141 1766 5208 spiritus,

174 5238 337 5291 velut
364 5233 627 5288 custodes
653 5233 962 5296 hominum,
1000 5247 1237 5302 quorum
1279 5247 1469 5301 preces
1510 5240 1768 5300 tanquam

174 5326 551 5381 odoramenta
575 5322 809 5377 offerant
837 5323 892 5376 in
933 5332 1227 5392 conSpectu
1255 5322 1372 5385 Dei,
1422 5322 1507 5376 vel
1540 5332 1600 5374 ut
1642 5338 1771 5377 con-

174 5416 334 5471 servi
361 5423 703 5479 sanctorum,
738 5425 793 5469 et
811 5424 1051 5470 astantes
1072 5416 1183 5469 Deo
1214 5432 1226 5467 :
1258 5430 1367 5469 non
1402 5415 1533 5468 item
1563 5424 1624 5469 ut
1655 5430 1771 5469 me—

175 5510 459 5569 diatores,
495 5508 710 5575 ᾰμεσοι,
741 5523 919 5575 neque
940 5516 1000 5567 ut
1035 5509 1226 5577 magiae
1252 5509 1489 5577 patroni.

257 5651 332 5687 δ”
364 5648 577 5704 Coloss.
610 5664 667 5712 η,
703 5647 784 5710 18,
826 5647 904 5701 l9.

3293 382 3399 450 454

1890 489 1945 545 Id
1983 505 2116 545 vero
2146 490 2350 544 clarius
2385 490 2694 546 Laodicena
2752 490 2992 562 synodus
3034 490 3220 545 tradit.
3261 491 3398 547 Cum

1816 582 1964 635 enim
1992 597 2203 636 canone
2226 582 2296 637 54
2335 583 2703 645 vetuisset,ne
2730 583 2856 653 quis
2876 581 3222 637 Christianus
3249 597 3404 636 accc-

1818 672 1975 725 deret
1997 674 2063 727 ad
2083 674 2468 728 hereticorum
2486 676 2766 743 martyria,
2788 674 3039 744 prohibet
3053 712 3067 737 ,
3086 688 3293 726 canone
3312 672 3403 737 35,

1820 765 1964 832 quod
2018 766 2244 819 vetitum
2288 765 2455 835 509
2496 777 2622 819 ante
2673 765 2856 820 fuerat
2896 768 2965 819 ab
3003 766 3287 835 Apostolo,
3335 777 3405 816 ne

1822 858 1966 911 ullus
2014 859 2218 927 pariter
2272 859 2517 921 accedat,
2585 866 2767 927 spreta
2816 858 3058 911 Ecclesia
3108 866 3164 911 et
3209 857 3406 912 relicto

1822 947 2063 1013 Christo,
2097 950 2162 1003 ad
2188 952 2427 1003 oratoria
2452 959 2509 1003 et
2541 965 2773 1020 synaxcs
2796 948 3299 1011 Cerinthianorum,
3344 957 3407 1002 ut

1825 1042 2048 1108 angelos
2078 1040 2249 1108 impio
2280 1041 2605 1094 idololatrize
2635 1043 2867 1095 occultae
2903 1041 3055 1094 cultu
3106 1054 3401 1109 prosequa-

1828 1140 1939 1191 tur,
1999 1129 2049 1182 id
2100 1137 2206 1191 est,
2254 1129 2403 1181 velut
2452 1130 2641 1181 mundi
2698 1130 2943 1197 opiﬁces.
2996 1138 3054 1183 et
3118 1140 3405 1196 supremas

1827 1223 2090 1291 quasdam
2123 1231 2420 1291 potestates
2456 1237 2519 1275 ac
2577 1238 2858 1290 magorum
2892 1224 3189 1290 adjutrices
3241 1220 3403 1275 colat.

1828 1312 2007 1377 Quare
2031 1328 2239 1367 eamme
2283 1314 2352 1367 36
2384 1330 2448 1366 ex
2473 1313 2717 1367 Ecclesia
2752 1313 3057 1382 ejiciendos
3104 1312 3260 1381 jubet
3297 1311 3407 1364 cle«

1831 1406 1997 1467 ricos,
2031 1406 2123 1473 qui
2159 1406 2243 1459 vel
2290 1406 2430 1475 magi
2483 1405 2707 1467 fuerint,
2750 1405 2833 1458 vel
2886 1405 3277 1465 incantatores,
3325 1401 3410 1453 vel

1830 1497 2108 1564 astrologi,
2137 1497 2219 1550 vel
2248 1498 2613 1551 amuletorum
2640 1496 2896 1551 artifices.
2932 1492 3412 1562 Consequentibus

1830 1589 1953 1641 aliis
1982 1589 2158 1641 tribus
2181 1588 2488 1643 eanonibus
2539 1588 2729 1642 fideles
2768 1586 3049 1641 interdicit
3093 1585 3409 1639 Judacorum

1830 1682 2225 1749 gentiliumque
2284 1681 2438 1734 festis
2493 1681 2813 1750 festivisque
2862 1680 3125 1734 donariis.
3161 1676 3414 1748 Synodus

1835 1774 2001 1841 igitur
2029 1772 2227 1825 mirum
2259 1782 2523 1840 quantum
2551 1772 2727 1825 aliena
2754 1780 2836 1825 est
2870 1786 2899 1824 a
2926 1769 3236 1823 damnando
3261 1768 3411 1821 cultu

1834 1864 1925 1929 qui
1955 1864 2161 1933 angelis
2186 1864 2479 1917 exhibetur
2524 1864 2591 1917 ab
2647 1863 2909 1923 Ecclesia,
2967 1860 3413 1930 quandoquidem

1835 1956 2078 2027 Ecclesia
2106 1956 2248 2008 idem
2268 1956 2493 2008 omnino
2520 1955 2827 2007 detestatur
2847 1953 2991 2021 quod
3019 1952 3279 2022 synodus.

1908 2046 1986 2098 Ex
2018 2045 2103 2097 his
2131 2044 2418 2098 manifeste
2452 2054 2599 2113 patet
2622 2043 2925 2097 catholicus
2968 2040 3299 2096 Theodoreti
3344 2042 3414 2096 de

1836 2138 1989 2191 cultu
2027 2146 2079 2190 et
2109 2136 2455 2190 invocatione
2503 2136 2820 2204 angelorum
2869 2150 3065 2189 sensus
3112 2151 3124 2185 :
3174 2133 3419 2201 loquitur

1835 2228 1982 2281 enim
2026 2228 2095 2282 de
2137 2230 2291 2281 cultu
2340 2237 2395 2281 et
2435 2228 2802 2289 invocatione,
2856 2242 2976 2296 quae
3015 2242 3044 2280 a
3107 2224 3441 2293 Laodicena,

1836 2320 2043 2390 synodo
2083 2327 2244 2388 atque
2298 2320 2563 2387 Apostolo
2610 2319 3065 2373 condemnamur.
3113 2317 3246 2384 Qua:
3284 2332 3416 2387 ergo

1837 2408 1970 2463 dicit
2002 2408 2286 2463 Michaelis
2317 2408 2559 2462 oratoria
2618 2410 2849 2478 plurima
2904 2425 3005 2479 per
3053 2408 3313 2464 Pisidiam
3360 2418 3419 2462 ct

1836 2500 2146 2571 Phrygiam,
2176 2500 2417 2570 aliasque
2448 2500 2707 2554 finitimas
2730 2501 2983 2571 regiones
3007 2514 3192 2568 sparsa
3219 2499 3417 2568 persti-

1838 2593 1970 2646 tisse
1994 2591 2061 2645 ad
2087 2608 2238 2645 suam
2274 2607 2449 2660 usque
2482 2601 2718 2655 aetatem,
2742 2592 2859 2646 loca
2884 2592 3059 2654 fuere,
3092 2590 3183 2645 ubi
3224 2590 3420 2645 Cerin-

1841 2686 2010 2740 thiani
2046 2702 2275 2757 synaxes
2300 2687 2431 2739 olim
2456 2686 2789 2747 habuerunt,
2815 2684 2910 2739 sed
2933 2701 3075 2754 quaa,
3092 2693 3216 2753 post
3245 2683 3421 2737 haere-

1840 2776 1924 2831 sin
1952 2778 2301 2840 exstinctam,
2341 2779 2395 2830 in
2442 2776 2743 2831 sanctiores
2774 2792 2903 2829 usus
2938 2775 3179 2829 fidelium
3225 2774 3418 2845 pictas,

1842 2876 1903 2921 ut
1933 2868 2035 2922 alia
2072 2868 2279 2937 ubique
2302 2868 2563 2937 plurima,
2595 2868 2710 2922 sive
2757 2867 3065 2937 gentilium,
3093 2867 3210 2921 sive
3244 2866 3421 2922 haere-

1846 2960 2077 3014 ticorum
2116 2961 2336 3029 templa,
2368 2960 2672 3021 convertit.

1908 3047 2127 3105 Haerere
2180 3059 2365 3119 potest
2397 3049 2696 3102 nonnullus
2735 3047 2915 3100 adhuc
2964 3047 3033 3101 de
3077 3046 3424 3102 Theodoreto

1843 3140 2157 3209 scrupulus,
2182 3154 2282 3191 cur
2308 3152 2504 3205 nempe
2528 3135 2775 3204 nuspiam
2807 3151 3038 3205 operum
3087 3136 3309 3205 angelos
3342 3135 3426 3189 in—

1845 3230 2125 3285 vocandos
2156 3227 2446 3283 tradiderit
2471 3244 2482 3279 :
2506 3242 2573 3281 eo
2599 3227 2800 3297 quippe
2820 3226 3040 3280 silentio
3077 3225 3294 3279 videtur
3331 3239 3425 3278 ac-

1850 3319 2121 3376 cusationi
2174 3318 2375 3372 favere.
2448 3318 2647 3371 Verum
2713 3317 2890 3371 facilis
2950 3325 3033 3369 est
3090 3314 3422 3385 responsio:

1850 3410 2106 3482 quoniam
2137 3424 2406 3478 nusquam
2428 3423 2679 3478 operum,
2712 3422 2833 3476 qua:
2869 3407 3157 3471 habemus,
3183 3421 3245 3460 ea
3268 3406 3335 3461 de
3369 3420 3428 3458 re

1851 3502 2151 3558 disserendi
2167 3501 2466 3555 necessitas
2486 3500 2741 3563 occurrit,
2768 3509 2819 3553 et
2845 3515 2905 3552 ea
2921 3499 2987 3553 de
3013 3498 3220 3552 sanctis
3240 3507 3429 3566 aperte

1853 3595 2094 3664 scripsit,
2116 3610 2237 3663 qua:
2268 3594 2381 3661 pari
2402 3593 2525 3661 jure
2552 3593 2615 3645 ad
2647 3592 2870 3661 angelos
2895 3591 3226 3659 pertineant.
3262 3590 3432 3642 Docet

1852 3688 1999 3742 enim
2021 3684 2534 3754 eXpressis-verbis,
2588 3700 2709 3752 qua:
2762 3682 2864 3737 tria
2896 3691 3025 3735 sunt
3078 3674 3263 3735 cultus
3312 3680 3431 3736 exi-

1856 3776 2018 3845 gendi
2071 3776 2226 3845 quasi
2270 3775 2435 3844 jura:
2498 3775 2549 3826 1°
2569 3773 2852 3826 hominum
2908 3787 3029 3825 esse
3071 3770 3328 3824 custodes
3369 3785 3434 3823 ac

1857 3864 2099 3935 gentium
2130 3864 2424 3934 praesides;
2454 3865 2511 3916 2°
2540 3878 2625 3916 rcs
2650 3863 2918 3915 humanas
2942 3863 3082 3916 scire
3116 3871 3172 3915 et
3200 3876 3393 3915 curare
3417 3877 3431 3922 ;

1857 3962 1911 4015 5°
1946 3958 2086 4029 apud
2122 3959 2292 4012 Deum
2329 3970 2520 4025 preces
2553 3954 2782 4008 fundere
2823 3969 2921 4023 pro
2959 3954 3076 4008 suis
3116 3953 3433 4007 clientibus.

1858 4052 1933 4103 Ea
1961 4063 2125 4117 porro
2157 4048 2257 4100 tria
2281 4046 2441 4099 dueet
2462 4045 2662 4114 partim
2690 4045 2787 4098 lib.
2823 4061 2852 4095 v
2877 4044 3259 4098 Ilwreticarum
3286 4044 3438 4113 {abu-

1861 4142 2056 4203 larum,
2088 4140 2283 4209 partim
2310 4139 2406 4192 lib.
2438 4155 2465 4190 χ
2492 4139 2545 4191 in
2581 4137 2882 4191 Danielem.

1932 4231 2181 4286 Occurrit
2231 4229 2460 4298 qumstio
2519 4228 2733 4282 curiosa
2810 4227 2981 4296 magis
3031 4242 3194 4296 quam
3243 4242 3437 4281 neces-

1862 4324 2006 4379 saria
2040 4325 2127 4384 "‘,
2158 4337 2258 4375 cur
2306 4320 2707 4384 Theodorctus,
2750 4336 2872 4374 cum
2898 4320 3088 4373 eadem
3129 4319 3326 4373 habeat
3369 4319 3438 4373 de

1861 4412 2237 4466 Cerinthianis
2264 4410 2496 4479 aliisque
2529 4411 2820 4471 hareticis,
2853 4425 2916 4464 ac
2955 4410 3317 4479 Epiphanius,
3364 4410 3438 4463 ita

1793 4537 1832 4589 ο
1865 4502 2204 4555 ntvideatur
2227 4516 2293 4554 ex
2333 4500 2450 4569 ipso
2496 4500 2609 4553 fere
2661 4500 3019 4567 descripsisse
3070 4514 3190 4567 quae
3241 4496 3441 4551 litteris

1866 4594 2185 4656 mandavit,
2250 4608 2360 4645 non
2421 4591 2731 4645 meminerit
2788 4600 2967 4643 tamen
3025 4590 3314 4659 Epiphanii
3382 4588 3437 4641 in

1865 4687 2190 4742 Praefatione
2208 4686 2477 4740 librorum
2506 4685 2572 4738 de
2595 4684 2868 4738 ercticis
2895 4682 3108 4753 fabulis,
3134 4682 3225 4737 ubi
3252 4696 3441 4735 recen-

1866 4789 1952 4833 set
1997 4779 2321 4848 scriptores,
2375 4794 2405 4831 e
2450 4794 2683 4847 quorum
2737 4777 3110 4831 monumentis
3147 4774 3440 4830 scribenda

1865 4870 2096 4937 accepit.
2132 4869 2214 4922 An
2242 4876 2461 4923 veteres
2482 4869 2631 4921 solos
2656 4869 2975 4939 scriptores,
3004 4869 3229 4937 suisque
3250 4883 3279 4921 a
3307 4876 3442 4921 tem-

1866 4960 2097 5029 poribus
2136 4960 2327 5029 procul
2388 4956 2935 5014 remotos'laudasse
2996 4959 3265 5019 dicendus
3316 4960 3443 5015 est?

1871 5051 2072 5104 Verum
2110 5051 2350 5105 laudavit
2380 5051 2699 5114 Diodorum,
2725 5051 2820 5119 qui
2853 5067 2960 5103 non
3002 5052 3253 5120 pluribus
3278 5069 3445 5123 quam

1877 5142 2051 5196 tribus
2083 5151 2138 5196 et
2166 5142 2383 5212 triginta
2408 5142 2566 5197 annis
2614 5153 2739 5196 ante
2770 5143 3137 5213 Epiphanium
3169 5145 3325 5199 obiit.
3361 5146 3447 5200 An

1873 5234 2166 5305 Epiphauii
2207 5234 2532 5288 Ancoratum
2566 5250 2677 5288 non
2719 5235 2965 5304 legerat?
3006 5235 3292 5302 Quomodo
3336 5247 3448 5291 tam

1874 5327 2253 5397 pervulgatum
2291 5341 2451 5394 opus,
2500 5325 2646 5394 quod
2677 5341 2744 5379 ne
2772 5324 2983 5380 Latinis
3000 5326 3244 5395 quidem,
3274 5337 3334 5381 ut
3382 5342 3449 5381 ex

1874 5416 2180 5487 Augustino
2211 5426 2446 5479 constat,
2510 5418 2751 5483 ignotum
2803 5417 2925 5480 fuit,
2969 5419 3145 5472 virum
3176 5417 3449 5483 Grzecum,

1876 5523 1984 5561 non
2039 5508 2229 5576 procul
2289 5509 2550 5576 positum,
2618 5524 2741 5561 cum
2798 5509 2993 5577 primis
3043 5508 3343 5574 eruditum,
3394 5517 3452 5563 et
3520 5556 3521 5559 η

1535 5737 1707 5792 Stilll'.
1724 5736 1851 5789 ιλιι
1885 5738 2108 5792 NOTAE.

265 5812 317 5841 “
350 5809 476 5862 Vid.
507 5823 690 5879 supra,
716 5825 771 5878 p.
812 5809 927 5862 596.
