4224 6442
784 372 886 435 455

785 577 986 628 factum
1044 581 1266 642 preptcr
1326 570 1493 624 animi
1543 570 1934 625 affectionem:
1970 571 2362 640 Chrysostomo

778 666 948 728 enim,
977 674 1034 718 et
1059 662 1397 732 Epiphanius
1425 663 1588 732 paulo
1611 662 1851 732 iniquior
1876 663 1999 727 fuit,
2023 671 2078 716 et
2107 663 2362 718 Theodo-

781 765 933 810 retus
963 755 1340 809 incredibilem
1377 754 1432 806 in
1463 753 1686 807 modum
1712 755 1966 808 addictus
1999 771 2011 806 ;
2046 770 2216 822 quare
2244 771 2362 809 ma-

782 848 886 901 luit
911 859 1111 907 tacere,
1147 861 1213 899 ex
1248 860 1359 914 quo
1386 845 1713 914 profecerat,
1768 860 1932 912 quam
1987 844 2362 916 Clirysostomi

783 936 1237 1004 reprehensorem
1271 935 1516 989 laudare.
1541 932 1700 987 Certe
1744 933 1798 986 in
1847 934 2090 987 Historia
2124 934 2367 987 ecclesia-

780 1031 913 1081 stica
953 1029 1015 1080 de
1060 1028 1370 1097 Epiphanio
1421 1025 1593 1089 siluit,
1631 1025 1753 1099 viro
1795 1027 2136 1096 ceteroquin
2185 1027 2363 1096 magni

783 1120 1043 1183 nominis,
1093 1127 1149 1172 et
1183 1134 1368 1172 rerum
1417 1118 1780 1170 maximarum
1831 1117 1992 1182 duce,
2046 1127 2142 1172 aut
2196 1119 2368 1186 parti-

787 1210 928 1280 cipe.

855 1301 1160 1370 Antequam
1213 1299 1338 1353 ﬁnis
1366 1299 1533 1368 hujus
1558 1300 1876 1367 quaestionis
1907 1300 2020 1362 ﬁat,
2054 1300 2370 1353 examinan-

785 1392 921 1447 dum
951 1403 1054 1454 est,
1082 1391 1225 1460 quod
1245 1406 1273 1442 a
1306 1390 1542 1442 Baronio
1568 1389 1792 1452 dicitur,
1817 1387 2229 1443 Theodoretum
2261 1405 2368 1443 non

788 1499 910 1538 esse
931 1488 1241 1536 assecutum
1267 1480 1516 1550 Apostoli
1543 1491 1803 1544 mentem,
1829 1497 1954 1534 cum
1981 1481 2373 1551 interpretare-

791 1585 878 1629 tur
901 1575 1204 1629 secundum
1258 1581 1424 1642 caput
1461 1574 1720 1642 Epistolae
1762 1573 1829 1627 ad
1872 1573 2245 1638 Colossenses,
2305 1587 2371 1627 ex

787 1684 969 1737 eoque
999 1681 1190 1721 errore
1221 1665 1488 1719 cecidisse
1522 1666 1574 1718 in
1625 1665 1882 1727 alterum,
1935 1679 2044 1732 quo
2101 1678 2370 1718 canonem

790 1759 1006 1813 concilii
1043 1756 1340 1811 Laodiceni
1377 1772 1665 1826 perperam
1687 1755 1960 1820 exposuit,
1989 1771 2097 1809 non
2147 1756 2368 1824 quidem

1911 371 2288 429 UARNEHII
2331 374 2824 434 DlSSERTA'l‘lU
2871 377 2925 433 ll
2953 425 2965 441 .

786 483 995 538 sciendi
1038 482 1298 550 cupidum
1345 479 1585 549 l'ugerit?
1633 478 1795 547 510
1841 479 1919 542 ld,
1951 482 2168 549 opinor,
2197 482 2362 552 igitur
2392 513 2434 565 Α

3939 377 4049 439 456

2537 485 2911 540 Humilitatem
2955 487 3119 555 igitur
3177 488 3343 540 sumit
3397 504 3495 556 pro
3550 487 3743 540 humili
3803 489 4048 551 actione,

2465 591 2570 644 qua
2622 575 2922 631 Cerinthus
2980 577 3260 632 Christum
3309 579 3666 647 deprimeret.
3721 579 3885 648 Atqui
3941 597 4050 635 vox

2464 667 2650 722 Graeca
2672 669 3138 739 ταπεινοφροσύνῃ
3173 686 3281 722 non
3317 669 4051 739 signiﬁcathumiliationeni

2465 757 2990 827 depressionemque
3033 759 3102 812 ab
3131 759 3240 813 alio
3287 758 3508 823 factam,
3565 758 3661 812 sed
3698 774 3818 828 qua:
3847 760 4048 811 volun—

2467 848 2604 901 taria
2632 847 2710 913 ﬁt,
2739 864 2804 902 ac
2831 849 3054 902 virtutis
3075 850 3239 902 actio.
3272 848 3450 914 Quare
3481 848 3549 902 ad
3585 848 3766 902 ﬁctam
3794 847 4050 902 Cerinthi

2468 939 2834 993 humilitatem
2865 938 3060 993 referri
3089 938 3272 992 debet.

2537 1028 2692 1095 Quod
2723 1029 2818 1093 ait,
2845 1029 3100 1097 nuspiam
3137 1028 3240 1097 legi
3280 1043 3310 1081 a
3361 1027 3626 1084 Cerintho
3679 1027 3911 1090 dictum,
3954 1043 4054 1080 an-

2468 1122 2620 1191 gelos
2657 1136 2775 1176 esse
2813 1121 3142 1182 adorandos,
3203 1121 3403 1173 mirum
3444 1120 3663 1173 videtur
3703 1136 3715 1170 :
3775 1117 4053 1186 siquidem

2469 1214 2578 1267 dici
2619 1229 2727 1268 non
2789 1213 3019 1278 debuit;
3086 1210 3532 1281 quandoquidem
3591 1226 3658 1264 eo
3712 1210 3849 1278 ipso,
3901 1209 4053 1277 quod

2470 1303 2645 1371 angeli
2694 1301 2828 1355 dicti
2883 1311 3012 1355 sunt
3055 1301 3246 1354 mundi
3279 1311 3577 1364 creatores,
3638 1299 3771 1352 dicti
3828 1313 4056 1367 quoquo

2473 1401 2601 1446 sunt
2626 1391 2910 1456 adorandi,
2943 1393 3202 1461 quoniam
3234 1391 3483 1445 adoratio
3515 1399 3598 1444 est
3625 1390 3804 1443 cultus
3830 1389 4055 1442 exhibi-

2474 1493 2562 1536 tus
2592 1484 2770 1552 primo
2803 1484 2927 1538 vitae
2951 1483 3245 1553 principio,
3282 1483 3337 1537 id
3366 1491 3471 1546 est,
3493 1482 3765 1537 Creatori.

2543 1571 2699 1641 511
2738 1573 2924 1640 Neque
2950 1574 3152 1638 obstat,
3187 1573 3334 1644 quod
3361 1573 3630 1644 ejusmodi
3678 1571 3920 1627 haeretici
3964 1587 4058 1625 su—

2472 1665 2743 1734 periorem
2787 1666 3026 1733 aliquam
3078 1666 3338 1720 virtutem
3409 1671 3788 1734 agnoscerent,
3857 1679 3886 1716 a
3946 1678 4057 1731 qua

2474 1756 2642 1810 creati
2698 1765 2882 1810 essent
2939 1756 3138 1827 angeli.
3182 1758 3318 1811 Nam
3383 1755 3510 1810 inde
3599 1754 3848 1824 sequitur
3911 1755 4058 1808 hanc

791 1847 864 1899 ita
897 1854 959 1898 ut
983 1844 1256 1898 haereticis
1286 1843 1485 1907 faveat,
1539 1844 1632 1897 sed
1690 1852 1750 1896 ut
1781 1844 2043 1897 adversus
2091 1845 2376 1898 historiam
2411 1849 2448 1903 Β
2478 1846 2700 1916 quidem
2748 1847 2818 1900 ab
2875 1847 3084 1916 angelis
3134 1844 3491 1910 adorandam,
3556 1845 3757 1914 quippe
3812 1858 4058 1912 quorum

789 1937 1218 1991 ecclesiasticam
1249 1946 1458 2004 peccet.

863 2027 1088 2082 Fatetur
1154 2043 1284 2097 ergo
1335 2027 1574 2097 primum
1622 2028 1892 2082 Baronius
1942 2029 2262 2097 Apostorum
2304 2043 2370 2082 eo

791 2119 913 2173 loco
945 2119 1013 2172 de
1063 2117 1332 2173 Cerintho
1388 2126 1444 2171 et
1499 2118 1874 2174 Cerinlhianis
1928 2119 2099 2187 loqui.
2149 2121 2372 2174 Fatetur

792 2211 991 2266 deinde
1053 2211 1120 2265 ab
1155 2211 1241 2263 his
1273 2210 1494 2280 angelos
1517 2209 1685 2265 fuisse
1730 2211 1908 2266 dictos
1935 2213 2124 2266 mundi
2183 2213 2374 2266 condi-

793 2315 961 2367 tores,
985 2297 1371 2374 Christumque
1394 2304 1601 2374 angelis
1630 2303 1918 2358 minorem.
1943 2304 2166 2360 Fatetur
2205 2306 2372 2360 etiam

791 2397 1116 2453 Cerinthum
1147 2396 1388 2451 visiones
1411 2395 1672 2465 quasdam
1706 2395 1808 2450 sibi
1840 2396 2011 2451 factas
2038 2396 2370 2451 venditasse.

794 2489 964 2558 Negat
994 2497 1197 2550 tamen,
1247 2487 1506 2540 docuisse
1535 2486 1714 2555 ipsum
1757 2484 2066 2540 adorandos
2094 2500 2213 2540 esse
2275 2500 2373 2538 an-

794 2581 964 2651 gelos,
1000 2587 1055 2632 et
1081 2578 1134 2632 id
1168 2579 1378 2647 uspiam
1400 2577 1524 2647 legi.
1551 2575 1902 2647 Negatetiam
1949 2592 1979 2631 a
2003 2576 2375 2632 Cerinthianis

796 2671 1060 2726 aediﬁcata
1114 2685 1234 2723 esse
1284 2670 1524 2723 oratoria
1578 2668 1632 2721 in
1707 2669 1970 2723 honorem
2032 2668 2374 2737 angelorum,

798 2763 1079 2833 ipsiusque
1107 2761 1409 2830 praesertim
1433 2759 1732 2824 Michaelis,
1753 2775 1876 2828 qua:
1899 2761 1954 2812 in
1983 2759 2186 2813 Pisidia
2232 2759 2378 2814 vise-

799 2857 1004 2910 bantur
1049 2854 1391 2922 temporibus
1437 2851 1796 2916 Theodoreti,
1858 2849 1954 2905 sed
2023 2866 2053 2904 a
2125 2851 2378 2906 ﬁdelibus

798 2956 1021 3016 propter
1065 2944 1386 2998 memoriam
1437 2940 1690 2996 immensi
1755 2939 1990 3010 prodigii
2038 2955 2067 2994 a
2125 2940 2377 3009 principe

798 3039 1117 3108 angelorum
1183 3035 1413 3089 exhibiti
1451 3033 1710 3100 Colossis,
1779 3034 1934 3105 cujus
1977 3033 2185 3085 mentio
2228 3031 2288 3084 ﬁt
2319 3031 2374 3084 in

801 3129 1104 3198 Menologio
1142 3127 1230 3182 die
1262 3135 1412 3181 sexta
1453 3126 1813 3194 Septembris.
1871 3124 2049 3189 Quare
2091 3122 2377 3177 contendit

809 3219 1147 3274 tricesimum
1182 3228 1438 3287 quartum
1473 3230 1736 3270 canonem
1782 3213 2170 3268 Laodicensem
2221 3213 2375 3267 intel-
2405 3187 2448 3243 θ

803 3313 893 3382 ligi
929 3325 1039 3364 non
1071 3310 1274 3364 debere
1310 3309 1377 3363 de
1409 3307 1794 3361 haereticorum
1824 3304 2244 3368 conventiculis,
2281 3303 2376 3357 sed

804 3403 870 3456 de
900 3400 1184 3471 gentilium
1215 3397 1440 3468 angelos
1472 3412 1569 3451 seu
1609 3395 1849 3449 minores
1905 3394 2036 3447 deos
2082 3392 2380 3448 colentium

807 3490 1043 3558 templis.

877 3584 968 3637 Sic
1015 3597 1144 3650 ergo
1203 3580 1597 3649 interpretatur
1657 3577 1903 3648 Apostoli
1961 3577 2164 3642 locum,
2220 3591 2382 3645 quem

804 3671 1177 3742 perdiﬁicilcm
1208 3685 1328 3725 esse
1379 3670 1670 3724 conﬁtetur
1705 3687 1717 3722 :
1758 3688 1774 3720 ‹
1810 3669 1976 3722 Nemo
2011 3685 2098 3722 vos
2139 3667 2374 3728 seducat,

805 3767 994 3820 volens
1038 3765 1275 3834 placere,
1328 3764 1381 3816 in
1427 3763 1738 3817 humilitate
1792 3760 2017 3832 (Christi
2077 3757 2376 3828 videlicet),

804 3872 929 3911 cum
959 3857 1031 3910 ob
1052 3854 1367 3909 scandalum
1391 3853 1572 3908 crucis
1603 3857 1618 3873 ‘
1655 3853 1807 3906 illum
1849 3866 1969 3906 esse
2013 3859 2224 3904 tantum
2280 3848 2382 3901 ho-

807 3948 1009 4001 minem
1039 3946 1336 4001 Cerinthus
1373 3945 1719 4014 praedicaret,
1747 3943 1886 3998 adeo
1923 3943 2076 4014 illum
2118 3941 2381 3996 humilem

809 4038 1066 4102 reddens,
1086 4047 1142 4092 et
1165 4036 1429 4106 religione
1469 4036 1786 4105 angelorum
1841 4035 1986 4105 (cum
2015 4033 2237 4104 angelos
2278 4031 2382 4085 sci-

807 4132 936 4185 licet
965 4140 1172 4184 naturae
1201 4130 1517 4185 conditores
1545 4144 1665 4184 esse
1705 4126 1962 4196 iactaret)
1994 4140 2118 4196 quae
2150 4139 2259 4177 non
2298 4123 2382 4176 vi-

805 4218 906 4283 dit,
957 4238 976 4269 ι
1017 4228 1123 4273 etc.

2471 1947 2618 1992 esset
2660 1938 2918 1998 creatrix,
2951 1953 3064 1993 non
3097 1939 3230 1993 item
3277 1938 3346 1992 ab
3375 1937 3714 2003 hominibus,
3751 1951 3890 2007 quos
3944 1952 4057 1990 non

2472 2039 2732 2085 creasset.

2541 2121 2698 2186 Quod
2723 2120 3002 2190 opinatur,
3035 2119 3297 2186 oratoria,
3328 2135 3566 2191 quorum
3600 2119 3852 2175 meminit
3878 2119 4062 2173 Theo-

2473 2212 2722 2277 doretus,
2756 2228 2869 2267 non
2900 2211 3070 2267 fuisse
3097 2212 3337 2282 primum
3372 2228 3402 2266 a
3431 2210 3805 2267 Cerinthianis
3833 2219 4058 2265 exstru-

2475 2314 2561 2358 cta
2590 2304 2657 2358 ad
2687 2319 2816 2359 suas
2845 2305 3117 2359 coitiones
3142 2304 3356 2374 impias,
3382 2303 3477 2359 sed
3508 2319 3537 2357 a
3587 2303 3841 2358 ﬁdelibus
3863 2303 3919 2356 in
3956 2301 4059 2355 ho-

2475 2409 2668 2449 norem
2722 2394 2899 2448 sancti
2945 2391 3248 2457 Michaelis,
3280 2392 3370 2446 vix
3416 2390 3649 2446 suadere
3677 2399 3877 2460 potest,
3931 2404 4061 2443 cum

2476 2495 2661 2541 careat
2687 2493 2936 2540 veterum
2991 2485 3355 2556 auctoritate,
3384 2493 3441 2538 et
3470 2482 3587 2537 solo
3615 2495 3716 2536 suo
3766 2478 4062 2534 ratiocinio

2477 2593 2587 2632 non
2617 2577 2792 2647 possit
2839 2576 3213 2638 testimonium
3237 2574 3569 2630 Theodoreti
3597 2573 3814 2628 elevare
3848 2588 3860 2624 :
3889 2569 4064 2640 siqui-

2478 2671 2601 2725 dem
2655 2668 2920 2725 credibile
2969 2675 3074 2733 est,
3129 2669 3308 2738 ipsum
3351 2682 3382 2721 a
3435 2665 3653 2737 populis
3709 2679 3820 2718 non
3876 2676 4063 2716 remo-

2480 2761 2706 2815 tissimis
2775 2759 3072 2814 traditione
3142 2759 3378 2814 eruditis
3437 2758 3490 2812 id
3548 2756 3826 2825 accepisse
3912 2753 4063 2824 quod

2480 2850 2719 2920 scripsit.
2920 2887 2932 2900 .
2947 2905 2953 2911 ,

2550 2943 2620 2996 At
2643 2940 2959 3004 Cerinthus,
2990 2939 3171 3010 inquit
3211 2938 3500 3003 Baronius,
3537 2946 3751 2994 tantum
3807 2936 3968 2990 abest
4006 2943 4066 2989 ut

2481 3033 2702 3104 angelos
2723 3031 3036 3087 adorandos
3067 3031 3352 3095 fateretur,
3401 3039 3463 3084 ut
3502 3029 3821 3084 Iudaeorum
3864 3026 4066 3097 praesi-

2482 3125 2629 3190 dem,
2679 3140 2844 3195 quem
2875 3123 3194 3178 Michaelem
3226 3122 3506 3187 credebat,
3565 3120 3770 3175 malum
3819 3133 3942 3174 esse
3977 3117 4065 3170 di-

2483 3223 2655 3268 ceret.
2684 3214 2856 3267 Nemo
2884 3227 3017 3267 vero
3051 3210 3392 3266 adorandum
3421 3217 3598 3280 putat,
3640 3224 3803 3279 quem
3856 3207 4066 3260 malum

2484 3309 2781 3363 existimat.
2798 3307 3002 3363 Verum
3024 3306 3079 3362 id
3104 3306 3372 3361 Baronius
3399 3306 3518 3360 sine
3545 3303 3874 3359 auctoritate
3909 3311 4067 3357 vete-

2485 3415 2607 3452 rum
2630 3399 2875 3454 adducit.
2903 3398 3204 3454 Conl‘undit
3229 3399 3376 3452 enim
3417 3396 3743 3452 Cerinthum
3773 3411 3898 3450 cum
3960 3394 4069 3447 Ma-

2487 3504 2637 3546 nete.
2691 3491 2826 3546 Nam
2864 3490 3184 3556 Cerinthus,
3241 3490 3486 3546 Judaicis
3531 3489 3733 3544 ritibus
3786 3488 4064 3545 addictus.

2487 3583 2764 3653 quomodo
2790 3582 3107 3663 Iudaeorum
3145 3583 3320 3637 Deum
3347 3582 3530 3652 potuit
3556 3581 3761 3636 malum
3788 3580 4024 3634 credere
4048 3582 4070 3614 ν

2484 3676 2714 3742 Deinde,
2749 3675 2896 3730 unde
2918 3675 3091 3730 scitur
3129 3688 3160 3727 a
3209 3673 3474 3729 Cerintho
3521 3671 3752 3728 Michael
3805 3670 4070 3740 princeps

2483 3765 2797 3822 Iudaeorum
2859 3766 3079 3821 dictus?
3130 3767 3264 3833 Quis
3302 3781 3434 3820 vero
3483 3765 3660 3820 nescit
3715 3763 3784 3817 ab
3836 3763 3924 3825 iis,
3976 3765 4068 3832 qui

2485 3857 2660 3925 prima
2695 3857 2805 3910 duo
2849 3871 3035 3910 rerum
3078 3856 3350 3925 principia
3396 3860 3722 3924 posuerunt,
3764 3861 4068 3922 utrumque

2484 3962 2604 4000 esse
2627 3947 2913 4001 adoratum
2935 3947 3111 4013 ?Quid
3132 3947 3280 4001 enim
3301 3954 3384 4001 est
3413 3945 3666 4010 adorare,
3697 3952 4067 4014 materquam

2485 4051 2781 4106 agnoscere
2836 4037 3067 4091 interius
3123 4053 3289 4102 eum,
3343 4051 3508 4107 quem
3558 4036 3778 4100 adores,
3822 4035 4068 4104 primum

2485 4142 2606 4181 esse
2635 4127 2992 4198 principium,
3016 4144 3362 4200 sensumque
3392 4129 3670 4184 internum
3699 4128 4068 4182 exterioribus

2485 4217 2655 4288 signis
2682 4218 2908 4273 testari?

829 4417 4064 4444 ww

1843 4580 2794 4692 DISSERTATIO
2881 4584 3028 4698 IV

2296 4813 2596 4874 CRITICA

1554 4980 1678 5056 DE
1752 4980 2150 5072 QUINTA
2213 4979 2624 5056 SYNODO
2682 4979 3195 5058 GENEBALI
3259 4983 3335 5057 ”.

881 5295 1040 5365 512
1074 5296 1369 5365 Postquam
1391 5295 1722 5349 Theodoreti
1754 5296 1983 5351 historia
2010 5305 2261 5352 contexta
2286 5307 2389 5360 est,
2426 5301 2467 5354 D
2495 5295 2715 5350 videtur
2743 5293 3004 5362 deinceps
3041 5291 3318 5360 inquirere
3371 5290 3439 5345 de
3488 5291 3680 5360 quinta
3728 5293 3962 5362 synodo,
4023 5295 4070 5348 in

808 5387 1056 5444 instituta
1091 5402 1320 5457 operum
1365 5402 1617 5451 censura,
1659 5389 1964 5444 auctarium
1989 5404 2220 5459 operum
2255 5403 2384 5457 pro-

807 5479 1056 5545 ductum,
1104 5480 1238 5536 ﬁdes
1284 5481 1350 5534 ad
1394 5498 1620 5534 examen
1657 5491 1867 5546 vocata,
1916 5499 2096 5551 operte
2151 5481 2384 5551 pretium

2493 5402 2600 5455 qua
2630 5386 2921 5440 damnatus
2942 5391 3046 5447 est,
3071 5398 3140 5436 ne
3165 5381 3320 5452 quid,
3358 5381 3506 5452 quod
3542 5381 3610 5437 ad
3665 5382 4071 5440 Theodoretum

2492 5487 2704 5548 spectat
2757 5477 3124 5531 indiscussum
3152 5475 3511 5544 relinquatur.

2153 5635 2465 5694 SCHULZII
2504 5635 2731 5691 ΝΟΤιΕ.

879 5786 925 5819 ³³
955 5787 1030 5842 De
1053 5787 1241 5840 eadem
1271 5788 1477 5857 synodo
1510 5798 1684 5842 exstat
1709 5789 1812 5844 alia
1846 5790 2090 5846 Garncrii
2118 5789 2432 5846 dissertatio
2456 5797 2577 5860 post
2597 5791 2715 5860 ejus
2743 5789 2951 5842 scholia
2982 5787 3049 5842 ad
3083 5788 3325 5842 Liberali
3350 5787 3712 5844 Breviarlum.
