3882 6368
1305 449 1651 529 LIBER
1731 446 2331 530 OCTAVUS.

999 611 1082 662 DE
1110 609 1233 661 ΠΕΟ
1260 609 1340 660 ET
1369 608 1450 659 DE
1476 608 1578 659 HIS
1606 605 1762 667 ουλε
1793 606 1961 657 SUNT
2004 606 2342 659 CREDENDA
2380 606 2468 658 DE
2502 604 2664 659 ιιι-ο.

781 784 1083 844 TITULUS
1121 786 1161 840 1.

248 886 397 958 Quod
428 901 563 939 unus
592 885 661 938 sit
706 882 964 958 θείη-ηυξ
992 881 1166 958 omnia
1198 878 1376 958 fecerit
1399 886 1446 931 et
1472 878 1561 948 qui
1579 879 1739 950 legem

646 963 799 1026 atque
825 952 1109 1023 Evangelia
1134 952 1353 1005 dederit.

247 1071 402 1140 Quod
436 1070 577 1124 Deus
603 1067 754 1121 solus
775 1077 839 1140 et
856 1065 1122 1140 mundum
1149 1074 1203 1118 et
1248 1062 1431 1140 omnia
1454 1063 1809 1140 instrumenta

190 1134 289 1229 citis
320 1142 535 1197 fecerit.
564 1140 736 1194 Couc.
768 1138 950 1193 Tolet.
981 1153 1018 1192 ι.
1056 1137 1128 1190 De
1150 1136 1332 1205 regula
1364 1134 1512 1196 ﬁdei,
1542 1134 1625 1188 tit.
1654 1135 1675 1186 1
1702 1176 1717 1199 ,
1758 1150 1809 1188 c.

192 1222 399 1352 “Quod
431 1283 521 1337 ille
554 1282 703 1335 solus
735 1282 881 1335 Deus
911 1281 1095 1352 fecerit
1121 1278 1383 1352 mundum
1407 1319 1419 1341 ,
1451 1276 1519 1332 de
1552 1291 1657 1343 quo
1680 1278 1813 1352 scri-

194 1348 324 1423 ptum
346 1358 473 1410 est:
508 1355 577 1408 In
599 1354 852 1425 principio
883 1354 1000 1423 fe’cit
1022 1350 1165 1405 Deus
1191 1349 1374 1403 caelum
1421 1358 1466 1402 et
1509 1358 1719 1401 terram.
1756 1348 1809 1402 ltt

194 1442 285 1499 quo
308 1441 491 1494 supra,
527 1430 611 1479 tit.
662 1425 715 1481 9.

255 1501 400 1562 Quod
426 1497 559 1552 nihil
589 1498 661 1551 sit
685 1496 829 1565 quod
860 1510 921 1549 se
950 1504 1099 1549 extra
1124 1492 1461 1545 divinitatem
1491 1492 1670 1559 possit
1715 1505 1810 1545 ex-

195 1570 421 1626 tendere.
457 1570 512 1622 ln
546 1578 656 1637 quo
688 1584 873 1635 supra,
910 1568 992 1620 tit.
1023 1568 1111 1618 14.

260 1643 397 1709 Quod
424 1633 576 1694 idem
598 1640 737 1694 Deus
758 1633 830 1692 sit
850 1649 905 1693 et
926 1651 1119 1706 priscae
1144 1636 1278 1705 legis
1299 1644 1355 1690 et
1375 1633 1809 1705 Evangeliorum.

196 1712 244 1767 lu
269 1726 372 1783 quo
401 1727 590 1781 supra,
622 1711 705 1765 tit.
764 1710 819 1763 8.

780 1798 1086 1854 TlTULUS
1128 1797 1195 1851 ll.

536 1892 691 1960 Quod
715 1908 851 1948 unus
870 1890 934 1944 sit
947 1893 1001 1945 in
1016 1889 1269 1946 Trinitate
1288 1890 1450 1945 Deus.

264 1991 325 2047 Ut
352 1989 594 2074 Trinitas
625 1998 680 2044 et
701 1986 955 2074 credatur
982 1993 1038 2040 et
1061 1986 1409 2054 praedicetur.
1454 1985 1627 2041 Cone.
1680 1987 1813 2043 Car-

196 2065 325 2125 thag.
360 2072 413 2127 lt,
454 2062 538 2116 tit.
569 2064 621 2125 1,
656 2074 706 2113 c.
739 2060 829 2113 1⁸5.

263 2135 455 2203 ltegula
480 2133 610 2203 ﬁdei
628 2132 696 2186 de
719 2128 983 2185 Trinitate
1006 2137 1193 2183 contra
1215 2130 1606 2187 Priscillianos.
1632 2132 1800 2185 Cone.

196 2201 641 2344 “nisiniti?
663 2274 806 2329 idem
837 2273 997 2328 Pater
1033 2272 1123 2341 qui
1160 2272 1328 2329 Filius
1358 2276 1444 2330 vel
1484 2274 1801 2330 Paraclitus.

198 2348 245 2403 la
270 2364 371 2409 quo
392 2363 582 2415 supra,
612 2346 698 2399 tit.
736 2345 791 2398 ἓ.

264 2418 405 2485 Quod
442 2414 548 2471 non
582 2416 654 2471 sit
684 2415 857 2471 Filius
896 2414 986 2485 qui
1036 2414 1198 2469 Pater
1244 2417 1328 2471 vcl
1376 2416 1695 2473 Paraclitus.
1749 2416 1801 2469 ln

202 2506 295 2560 quo
321 2505 501 2556 supra,
532 2489 619 2560 tit.
649 2486 703 2560 5.

264 2521 981 2683 lanugini)?situl’araclitus
1002 2557 1091 2627 qui
1116 2556 1273 2614 Pater
1295 2559 1378 2615 vel
1404 2558 1592 2615 Filius.
1618 2560 1674 2614 ln
1699 2521 1807 2628 quo

264 2650 367 2683 lira-
402 2644 486 2683 lll.
557 2670 570 2681 .

276 2653 286 2679 i
472 2673 486 2684 .
557 2670 570 2681 .

200 2644 648 2757 ﬂ"Di:'T‘Iiinitatis
682 2700 909 2755 unitate.
942 2699 1114 2769 Epist.
1174 2702 1388 2757 Damasi
1422 2704 1489 2756 ad
1519 2701 1802 2756 Paulinum

204 2776 250 2840 l,
283 2776 439 2829 til.'2.

263 2845 455 2899 Contra
488 2842 925 2897 Priscillianistas
954 2844 1043 2911 qui
1069 2854 1309 2897 sanctam
1350 2844 1670 2898 Trinitatem
1699 2858 1806 2897 non

203 2919 462 2986 persOuis,
494 2915 589 2969 sed
621 2925 829 2973 tantum
877 2916 1179 2967 numinibus
1224 2915 1581 2984 distinguunt.
1636 2915 1805 2982 Epist.

200 2985 385 3043 uanis
408 2988 473 3040 ad
501 2985 819 3040 'l‘ltutibittnt
845 2988 1247 3039 Asmricensem
1306 2986 1396 3051 lil,
1428 2988 1509 3040 tit.
1547 2991 1597 3039 1.

268 3060 339 3110 Dn
373 3056 630 3127 mysterio
660 3055 962 3121 Trinitatis,
991 3057 1117 3121 quid
1164 3072 1433 3125 personas,
1491 3057 1619 3127 quid
1667 3056 1813 3110 desi-

198 3141 385 3197 gnetur
413 3128 763 3182 substantiae.
784 3127 954 3193 Epist.
976 3128 1278 3182 Hormisdte
1309 3130 1375 3182 ad
1405 3129 1675 3184 Jusﬁnutn
1704 3130 1811 3181 im-

199 3214 497 3269 peratorem
521 3198 616 3265 86,
648 3197 732 3251 tit.
764 3198 823 3252 Ξ.

787 3284 1085 3341 TITULUS
1108 3283 1173 3341 [ll

498 3382 576 3436 De
604 3381 854 3453 mysterio
902 3381 1278 3436 incarnationis
1303 3380 1514 3437 Christi.

274 3475 350 3530 De
385 3475 591 3531 duabus
619 3472 824 3529 Christi
866 3476 1073 3528 naturis
1127 3484 1179 3527 et
1219 3476 1479 3543 mySIerio
1514 3472 1810 3529 Trinitatis.

198 3546 368 3615 Epist.
404 3546 805 3617 Hormisdtead
862 3545 1227 3617 Epiphanium
1276 3544 1428 3617 95,ς
1470 3544 1525 3598 2.

268 3616 1053 3673 Dedivinitateethumanitate
1080 3616 1290 3671 Domini
1317 3619 1483 3671 nostri
1510 3618 1636 3672 Jesu
1660 3617 1819 3673 Chri-

199 3688 280 3744 sti.
312 3690 483 3759 Epist.
516 3688 824 3743 Hormisda:
852 3688 917 3741 ad
946 3688 1216 3742 Justinum
1252 3689 1631 3758 imperatorem
1657 3728 1674 3755 ,
1720 3688 1813 3755 86,

199 3761 276 3814 tit.
304 3762 360 3815 '5.

267 3834 542 3887 Adversus
578 3832 629 3885 id
664 3830 810 3896 quod
853 3828 1050 3899 dicitur
1098 3828 1219 3883 ideo
1268 3828 1605 3899 unigenitum
1656 3831 1815 3884 Chri-

197 3913 335 3957 stum
365 3909 489 3972 quia
514 3904 666 3955 solus
693 3903 764 3953 sit
797 3900 865 3972 de
894 3898 1137 3972 Virgine
1158 3912 1333 3972 natus.
1376 3898 1563 3970 Epist.
1618 3901 1817 3957 Leonis

196 3975 260 4028 ad
289 3970 611 4028 Thuribium
639 3971 1074 4036 Asturicensem,
1109 3970 1203 4032 61,
1234 3973 1315 4024 tit.
1350 3974 1402 4027 5.

265 4046 421 4110 Quod
452 4055 505 4099 et
538 4057 760 4097 carnem
788 4050 843 4095 et
888 4043 1127 4114 animam
1167 4041 1333 4096 Filius
1366 4043 1462 4114 Dei
1494 4046 1816 4114 susceperit.

195 4116 364 4171 Cone.
402 4117 579 4170 Tolet.
614 4131 652 4179 ι,
686 4129 752 4169 ex
778 4113 964 4180 regula
1001 4114 1146 4178 ﬁdei,
1180 4114 1243 4165 tit
1273 4116 1327 4177 5,
1356 4129 1404 4167 c.
1438 4113 1528 4168 46.

268 4188 424 4253 Quod
454 4185 710 4239 Christus
738 4192 893 4237 natus
914 4194 1021 4238 est.
1053 4184 1107 4236 In
1131 4198 1240 4254 quo
1270 4199 1453 4251 supra,
1479 4186 1559 4239 tit.
1593 4186 1647 4242 6.

263 4258 422 4326 Quod
447 4256 625 4311 deitas
642 4255 845 4310 Christi
862 4254 1237 4310 convertibilis
1258 4264 1313 4309 et
1338 4257 1608 4325 passibilis
1632 4268 1733 4314 est.
1762 4258 1818 4313 In

195 4344 298 4399 quo
326 4344 514 4397 supra,
549 4330 631 4382 tit.
665 4328 719 4384 7.

264 4395 424 4468 Quod
445 4400 665 4454 deitatis
693 4408 743 4452 et
774 4396 953 4452 carnis
976 4395 1179 4452 Christi
1209 4411 1312 4452 una
1344 4408 1539 4454 natura
1572 4414 1678 4454 non
1726 4399 1816 4454 sit.

197 4470 249 4527 In
276 4487 388 4540 quo
414 4487 601 4539 supra,
638 4472 734 4540 tit.
758 4469 847 4523 15.

274 4543 351 4597 De
378 4543 592 4596 duabus
624 4542 675 4594 in
705 4539 921 4611 Christo
943 4540 1152 4594 naturis
1179 4548 1233 4593 et
1266 4555 1368 4595 una
1396 4555 1625 4611 persona
1652 4544 1819 4597 multa

196 4614 508 4670 tostimonia
538 4613 781 4667 Patrum.
814 4608 983 4665 Cone.
1019 4612 1223 4677 Hispal.
1252 4628 1309 4680 tt,
1341 4608 1421 4667 tit.
1446 4612 1514 4667 15
1541 4622 1625 4675 ,‘c.
1657 4614 1747 4667 67.

262 4685 655 4741 Conlitendum
692 4683 861 4737 Deum
907 4697 1028 4737 esse
1072 4684 1343 4737 veraciter
1400 4684 1717 4738 Emmanuel
1769 4695 1824 4739 et

196 4755 286 4813 Dei
316 4758 645 4829 genitricem
677 4753 899 4808 Mariam
930 4754 1196 4829 virginem
1231 4770 1351 4823 qua:
1393 4758 1598 4829 peperit
1630 4771 1823 4829 secun-

194 4824 500 4898 dum'quud
530 4824 1165 4898 scriptumesthYerbum
1194 4840 1418 4881 carnem
1452 4824 1674 4880 factum.
1725 4828 1819 4880 Di-

1838 2171 1885 2230 B

1809 790 1863 847 Α
1965 782 2347 838 Conﬁtendum
2376 779 2649 834 Christum
2674 791 2780 832 non
2806 776 2877 847 ita
2902 790 3024 832 esse
3053 776 3351 845 hominem,
3386 792 3520 847 qua-

1915 859 1961 911 si
1988 858 2373 918 Theonhoron,
2406 852 2455 903 id
2479 862 2560 904 est
2589 851 2751 903 Deum
2796 846 3082 911 ferentem,
3128 847 3228 905 sed
3254 846 3522 906 veratéitvr

1919 930 2088 982 ﬁlium
2122 942 2213 995 per
2262 934 2507 977 naturam
2535 923 2827 975 secundum
2851 922 2991 995 quod
3035 920 3269 974 Verbum
3286 936 3422 995 caro
3444 923 3525 975 fa-

1918 1010 2060 1054 ctum
2080 994 2181 1057 est.
2206 996 2453 1051 similiter
2478 1003 2533 1048 ut
2556 1008 2673 1058 nos,
2698 994 3126 1047 communicasse
3148 994 3297 1046 carni
3321 1001 3373 1046 et
3399 1008 3527 1047 san-

1916 1073 2085 1141 guini.
2122 1069 2175 1121 In
2207 1081 2314 1141 quo
2342 1080 2525 1141 supra,
2554 1067 2634 1119 tit.
2668 1065 2723 1127 5,
2757 1080 2807 1117 c.
2843 1065 2929 1141 19.

1988 1139 2367 1196 Conﬁtendum
2394 1138 2665 1191 Christum
2694 1153 2795 1188 non
2822 1138 2993 1190 solum
3010 1137 3061 1189 in
3080 1135 3182 1191 hoc
3204 1151 3325 1189 esse
3350 1135 3519 1190 Deum

1917 1215 2060 1283 quod
2100 1214 2329 1267 Verbum
2354 1220 2439 1264 est
2463 1210 2652 1272 Patris,
2680 1209 2774 1262 sed
2799 1220 2852 1261 et
2902 1208 2953 1261 in
3002 1223 3067 1260 eo
3092 1208 3234 1275 quod
3289 1207 3525 1283 Verbum

1917 1279 2045 1339 caro
2071 1286 2266 1337 laetum
2291 1296 2393 1345 εει,
2419 1282 2583 1334 Deum
2630 1288 2685 1332 et
2709 1283 2977 1333 hominem
3011 1294 3132 1333 esse
3165 1295 3328 1333 unum
3374 1279 3530 1333 Chri-

1917 1366 2061 1410 stum
2099 1356 2285 1408 Deum.
2317 1355 2370 1407 In
2399 1369 2504 1423 quo
2535 1366 2720 1419 supra,
2756 1353 2835 1403 tit.
2872 1348 2926 1417 6,
2958 1367 3007 1404 c.
3045 1352 3127 1404 10.

1992 1429 2104 1482 Non
2130 1428 2201 1479 ita
2228 1421 2592 1478 conﬁtendum
2624 1423 2891 1477 Christum
2922 1426 3069 1476 velut
3110 1421 3383 1477 hominem
3431 1421 3531 1477 Dei

1918 1502 2242 1566 operatione
2270 1497 2449 1550 \‘erho
2481 1495 2830 1563 coniunctum
2866 1504 2921 1546 ut
2956 1494 3286 1559 quasialteri
3333 1507 3531 1562 pra-ter

1918 1572 2093 1639 ipsum
2121 1570 2368 1625 existenti
2402 1566 2671 1637 Unigeniti
2694 1567 2861 1635 gloria
2895 1566 3179 1619 tribuatur.
3218 1566 3273 1620 In
3305 1581 3411 1634 quo
3438 1581 3533 1620 su-

1920 1659 2031 1711 pra,
2063 1647 2141 1695 tit.
2179 1644 2234 1705 7,
2263 1656 2311 1693 c.
2350 1643 2433 1692 lt).

1990 1715 2107 1768 Non
2138 1712 2502 1766 conlivendum
2533 1710 2584 1763 in
2615 1710 2833 1763 Christo
2862 1708 3198 1763 adorandum
3252 1707 3536 1763 hominem

1918 1800 2038 1839 cum
2075 1786 2183 1840 Deo
2210 1784 2363 1853 quasi
2393 1783 2529 1836 alter
2544 1798 2662 1853 cum
2687 1782 2854 1833 altern
2872 1781 3146 1853 adoretur,
3168 1780 3260 1833 sed
3284 1797 3353 1853 uti
3375 1803 3381 1824 I
3404 1796 3535 1847 ευρ-

1919 1848 2417 1924 ρης-ιιίυιιθέιαυο
2463 1852 2855 1921 gloriﬁcatione
2901 1850 3138 1905 Verbum
3167 1864 3295 1924 caro
3330 1848 3533 1924 factum

1916 1921 2057 1982 idem
2090 1921 2396 1982 adorandus
2422 1935 2475 1979 et
2497 1924 2881 1992 glotilicandus
2902 1932 2985 1978 est
3013 1938 3147 1977 unus
3178 1922 3445 1977 Christus.
3472 1921 3535 1980 lu

1915 2015 2023 2067 quo
2049 2015 2229 2067 snpra,
2264 1998 2343 2053 tit.
2373 2000 2426 2061 8,
2452 2011 2502 2052 ε.
2536 1997 2624 2067 ill.

1987 2072 2103 2124 Non
2120 2066 2497 2124 conﬁtendum
2543 2066 2725 2121 Jesum
2759 2066 2830 2119 ita
2865 2081 2960 2133 per
2988 2066 3246 2134 Spiritum
3280 2075 3529 2123 sanctum

1915 2153 2194 2210 operatum
2229 2142 2391 2192 luisse
2422 2139 2681 2192 miracula
2730 2140 2883 2210 quasi
2932 2138 3107 2191 aliena
3154 2142 3353 2192 virtute
3402 2152 3533 2192 usus

1913 2209 2128 2276 luisset,
2155 2214 2251 2266 sed
2284 2226 2410 2265 vere
2435 2226 2527 2278 per
2558 2224 2712 2262 suum
2746 2209 2991 2277 spiritum
3036 2211 3334 2279 complevit
3376 2212 3534 2279 signa

1913 2300 2037 2353 quae
2070 2286 2259 2337 voluit.
2297 2282 2349 2334 In
2378 2296 2482 2348 quo
2508 2295 2693 2349 supra,
2725 2279 2803 2353 tit.
2840 2278 2894 2344 8,
2924 2280 3085 2353 c._lO.

1983 2355 2360 2410 Conﬁtendum
2393 2354 2575 2405 lesutn
2599 2358 2739 2405 nunc
2772 2352 2945 2419 ipsum
2979 2350 3178 2406 factum
3208 2366 3328 2406 esse
3358 2352 3535 2417 ponti-

1915 2426 2068 2481 ﬁcem
2101 2437 2155 2480 et
2186 2426 2487 2495 apostolum
2520 2425 2877 2477 cuttleSsiOttis
2928 2435 3126 2477 nostra:
3153 2424 3244 2492 qui
3294 2423 3529 2479 Verbum

1912 2514 2038 2555 caro
2074 2498 2273 2552 factum
2312 2506 2417 2562 est,
2452 2512 2555 2548 non
2580 2498 2807 2548 alterum
2840 2505 3033 2563 praater
3062 2495 3235 2558 ipsum
3281 2496 3537 2564 speciali-

1914 2579 1995 2623 ter
2019 2586 2083 2625 ex
2130 2570 2352 2621 muliere
2384 2569 2653 2619 hominem
2686 2578 2890 2620 natum.
2934 2566 3317 2621 Cmilitendum
3367 2576 3532 2621 etiam

1914 2656 2011 2710 pro
2037 2643 2193 2694 nobis
2225 2651 2429 2693 tantum
2484 2638 2743 2692 obtulisse
2791 2638 3117 2692 Sacriﬁcium
3149 2648 3204 2691 et
3259 2653 3366 2692 non
3426 2652 3525 2709 pro

1915 2728 1995 2767 se.
2061 2714 2113 2765 In
2144 2728 2250 2781 quo
2282 2726 2466 2779 supra,
2494 2711 2573 2762 tit.
2621 2711 2707 2781 10,
2737 2724 2785 2762 c.
2827 2711 2910 2765 10.

1987 2780 2364 2837 Conﬁtendum
2396 2781 2628 2834 Verbum
2665 2780 2761 2833 Dei
2784 2789 2838 2835 et
2872 2796 3089 2847 passum
3134 2796 3297 2837 carne
3325 2792 3378 2836 et
3402 2796 3528 2836 cru-

1917 2856 2143 2908 Clli\lll|l
2172 2870 2335 2908 ctrtte
2362 2862 2418 2906 et
2450 2861 2675 2906 mortem
2720 2866 2883 2907 cat-ne
2910 2864 3176 2921 gustasse,
3225 2854 3533 2921 laetumque

1916 2926 2335 2997 primogenitum
2368 2940 2433 2997 ex
2467 2924 2692 2977 mortuis
2724 2924 3197 2997 securiduttrquod
3230 2928 3336 2997 vita
3364 2934 3449 2980 est
3474 2931 3532 2981 et

1918 2994 2197 3051 viviﬁcaris
2226 2997 2388 3051 Deus.
2419 2996 2475 3050 In
2508 3011 2614 3064 quo
2643 3010 2825 3064 supra,
2863 2998 2942 3049 tit.
2982 2994 3071 3060 12,
3097 3013 3145 3051 c.
3188 2996 3271 3050 10.

2499 3108 2799 3165 τιτυιυδ
2840 3108 2929 3163 IV.

2000 3205 2193 3259 Contra
2221 3203 2511 3259 Entichetis
2533 3206 2723 3276 dagma
2750 3206 2814 3257 de
2838 3204 3195 3259 incarnatione
3218 3204 3431 3260 Christi.

1994 3322 2269 3377 Adversus
2321 3321 2372 3374 id
2417 3320 2559 3391 quod
2591 3320 2761 3375 Deum
2798 3320 3084 3375 Dominum
3110 3336 3207 3392 pro
3238 3331 3390 3390 patre
3417 3337 3539 3379 cre-

1922 3393 2057 3447 dunt
2098 3394 2265 3446 luisse
2290 3406 2410 3446 cun.
2446 3402 2617 3448 uatre.
2668 3393 2839 3461 Epist.
2871 3393 3067 3448 Leonis
3091 3391 3159 3447 ad
3211 3391 3533 3450 Thuribium

1923 3466 2356 3527 Asturicensem,
2391 3466 2481 3518 05.

1998 3535 2151 3601 Quod
2182 3534 2447 3604 integrum
2476 3535 2746 3590 hominem
2777 3537 3079 3606 susceperit
3119 3533 3369 3591 Christus
3414 3538 3536 3594 sine

1928 3621 2149 3678 peccato
2181 3616 2235 3660 et
2262 3608 2402 3675 quod
2430 3621 2566 3661 unus
2598 3610 2666 3660 sit
2690 3608 2937 3662 Christus
2967 3619 3091 3663 ante
3120 3616 3315 3662 saecula
3342 3625 3407 3663 ex
3440 3611 3542 3664 Pa-

1926 3690 2028 3744 tre,
2068 3682 2118 3731 in
2152 3687 2396 3745 tempore
2426 3694 2489 3731 ex
2526 3678 2740 3747 Virgine
2790 3692 2964 3734 natus.
2999 3680 3169 3748 EpiSt.
3209 3681 3419 3734 Damasi
3471 3684 3539 3737 ad

1926 3750 2212 3805 Paulinum
2248 3765 2287 3813 1,
2322 3752 2404 3804 tit.
2442 3753 2460 3803 1
2493 3761 2543 3803 et
2575 3752 2628 3811 2.

1993 3822 2196 3875 Contra
2225 3836 2319 3873 eos
2347 3825 2435 3887 qui
2471 3821 2524 3875 in
2567 3824 2704 3875 duos
2745 3822 2882 3878 ﬁlios
2912 3824 3335 3892 dispensationis
3365 3823 3539 3879 domi-

1926 3894 2063 3948 nicae
2094 3894 2409 3962 mysmrium
2441 3894 2689 3948 scindere
2721 3897 3035 3949 moliuntur.
3062 3898 3303 3963 Epistula
3340 3896 3538 3951 Leonis

1924 3966 1991 4020 ad
2019 3967 2332 4019 Flawanum
2366 3967 2706 4034 episcotiunt,
2738 3966 2831 4029 5‘s,
2858 3968 2940 4019 lit.
2969 3969 3024 4021 :2.

1996 4038 2196 4091 Contra
2224 4050 2318 4089 eos
2349 4040 2436 4104 qui
2464 4039 2770 4104 passibilcm
2802 4038 3132 4094 divinitatem
3162 4039 3423 4108 unigeniti
3448 4039 3537 4096 Fi-

1927 4107 1983 4162 lii
2020 4111 2112 4162 llei
2151 4108 2353 4160 audent
2379 4122 2651 4162 asserere.
2691 4110 2744 4162 In
2769 4126 2875 4176 quo
2899 4126 3081 4177 supra,
3123 4111 3204 4164 tit.
3236 4107 3290 4164 5’.

1995 4178 2194 4235 Contra
2219 4192 2314 4232 eos
2345 4178 2747 4252 quiinrdnalius
2787 4182 2990 4235 naturis
3016 4182 3217 4237 Christi
3266 4192 3539 4252 tempera-

1926 4262 2166 4332 mentum
2192 4252 2277 4372 ζει
2319 4250 2689 4305 confusionem
2720 4263 3185 4321 argumentantur.
3234 4255 3292 4310 ln
3316 4250 3420 4323 quo
3446 4270 3539 4311 su-

1929 4338 2044 4372 ora-
2076 4331 2157 4372 ut.
2234 4363 2245 4372 .

1967 4339 2045 4389 ra,
2076 4323 2157 4376 tit.
2192 4323 2245 4374 4.

1967 4339 2023 4376 ra
2076 4338 2157 4376 ut.
2192 4338 2245 4374 ιι.

1928 4338 1961 4392 p
1998 4366 2200 4470 Comra
2220 4407 2314 4447 eos
2347 4393 2435 4470 qui
2477 4393 2755 4470 etulestem
2816 4406 2907 4449 aut
2935 4396 3161 4470 alterius
3216 4398 3540 4470 cujusquam

1935 4464 2251 4519 subsxantia:
2274 4465 2512 4537 existere
2543 4465 2773 4519 formam
2806 4468 2968 4533 servi,
2996 4484 3158 4537 quam
3190 4464 3454 4525 Dominus
3476 4488 3543 4527 ex

1927 4537 2083 4614 nobis
2111 4534 2424 4601 assumpsit,
2457 4535 2779 4592 insaniendo
2830 4534 3101 4594 asserunt.
3126 4539 3184 4594 In
3228 4558 3334 4611 quo
3358 4558 3541 4614 supra,

1927 4611 2011 4661 tit.
2042 4609 2094 4661 ὅ.

2001 4679 2200 4733 Contra
2232 4693 2326 4732 eos
2354 4679 2442 4748 qui
2479 4680 2617 4735 duas
2638 4681 2854 4749 quidem
2887 4691 3011 4739 ante
3034 4683 3418 4741 adunationem
3452 4703 3548 4743 na-

1930 4760 2078 4805 turas
2110 4750 2322 4825 Domini
2376 4751 2627 4819 delirant,
2660 4767 2819 4807 unam
2850 4770 2977 4808 vero
3010 4766 3127 4825 post
3160 4758 3544 4814 adnnationem

1931 4827 2157 4899 lingunt.
2185 4822 2241 4875 ιη
2273 4836 2380 4899 quo
2408 4827 2715 4899 supra,_ti_t.
2750 4828 2806 4891 6,
2840 4822 3139 4899 etepistola
3173 4830 3318 4882 I’etri
3344 4835 3550 4899 episco-

196 4895 426 4974 reetum
446 4898 697 4952 Nestorio
730 4911 758 4949 a
791 4895 995 4967 Cyrillo
1016 4906 1071 4950 et
1090 4898 1441 4951 convcnicnti
1466 4901 1695 4967 synodo,
1729 4900 1815 4952 tit.
1846 4913 1898 4974 ι)
1930 4896 2482 4974 pl-Haventtcusisad
2503 4896 2954 4974 Eutichetetnubi
2979 4909 3168 4952 contra
3191 4901 3307 4966 ejus
3330 4895 3545 4956 errores

196 4972 247 5025 1.
280 4985 330 5024 c.
362 4970 459 5025 10.

232 5013 657 5097 ’δὸιῖίῖίεηόιιηι
691 5037 928 5093 Verbum
956 5039 1047 5093 Dei
1098 5040 1271 5094 Patris
1311 5039 1648 5110 unigenitum
1682 5054 1809 5107 pro-

194 5115 322 5184 pria:
348 5112 513 5168 carni
536 5112 606 5164 ita
640 5120 698 5163 ut
721 5126 858 5165 unus
880 5111 952 5164 sit
971 5110 1248 5184 Christus,
1266 5111 1410 5166 Deus
1427 5113 1632 5165 scilicet
1652 5112 1812 5167 simul

192 5182 244 5239 ct
276 5185 472 5241 homo.
507 5184 560 5235 ln
594 5196 703 5251 quo
727 5197 913 5248 supra,
948 5183 1031 5235 tit.
1058 5182 1115 5245 9.,
1140 5198 1191 5238 c.
1230 5183 1319 5237 111.

258 5250 657 5310 Conﬁtendum
681 5251 817 5305 duas
834 5254 1164 5307 substantias
1196 5254 1250 5308 in
1298 5250 1520 5310 Christo
1552 5263 1673 5322 post
1697 5254 1817 5309 uni-

194 5337 359 5381 tatem
397 5341 509 5379 non
542 5324 655 5378 sola
689 5331 977 5391 potestate,
1010 5324 1103 5378 sed
1136 5336 1405 5379 conventu
1426 5327 1695 5391 naturali,
1727 5325 1819 5395 qui

194 5412 286 5468 per
316 5400 591 5479 unitatem
624 5396 795 5519 [status
824 5403 927 5457 est,
961 5409 1081 5450 esse
1100 5396 1440 5467 coniunctas.
1488 5396 1542 5451 ln
1573 5412 1679 5468 quo
1727 5412 1821 5453 su-

194 5485 308 5519 m-
349 5476 440 5519 tit-
478 5482 531 5519 ο.
565 5481 616 5519 c.
721 5505 733 5518 .

290 5511 308 5533 ,
349 5476 440 5523 tit.
478 5466 531 5528 5,
565 5466 733 5521 c.10.

424 5512 440 5522 .
478 5485 531 5528 0,
600 5505 616 5520 .
646 5485 733 5519 ιυ.

193 5485 418 5608 pratia:
449 5485 761 5607 aposctolicis
786 5546 844 5591 et
870 5538 1198 5607 evangelicis
1234 5539 1458 5593 vocibus
1489 5539 1555 5594 de
1603 5539 1824 5595 Christo

191 5612 463 5669 dicuntur
489 5625 595 5664 non
629 5608 700 5662 ita
734 5608 1023 5663 dividenda
1054 5621 1179 5665 sunt
1224 5619 1282 5664 ιιι
1327 5610 1426 5664 soli
1476 5621 1681 5666 naturae
1732 5613 1824 5667 Dei

192 5684 544 5753 deputentur
565 5694 687 5751 quae
708 5679 873 5753 digna
898 5680 1009 5735 Deo
1031 5691 1177 5747 sunt,
1197 5689 1254 5735 et
1280 5683 1378 5736 soli
1412 5692 1620 5739 naturae
1646 5684 1823 5737 homi-

194 5751 278 5825 nis
311 5768 445 5825 qua
478 5753 638 5825 digna
673 5751 907 5807 hominis
930 5762 1073 5807 sunt.
1110 5753 1165 5808 ln
1209 5767 1317 5823 quo
1348 5767 1533 5823 supra,
1566 5755 1647 5809 tit.
1681 5754 1741 5822 4,
1774 5770 1826 5810 c.

198 5824 288 5881 ω.

1928 4968 2002 5021 illi
2036 4977 2163 5032 apto
2194 4966 2443 5034 exemplo
2473 4972 2787 5036 respondet,
2813 4969 2904 5023 59.

1992 5037 2147 5113 Quod
2170 5038 2223 5113 in
2246 5052 2349 5113 una
2407 5036 2620 5113 Domini
2674 5045 2839 5113 nostri
2902 5041 3025 5095 Jesu
3078 5041 3275 5096 Christi
3322 5058 3548 5113 persona

1924 5112 2134 5177 gemina
2170 5110 2475 5162 sitdeitatis
2515 5110 2934 5168 ethumanitatis
2993 5117 3287 5170 asserenda
3322 5110 3550 5171 natura.

1926 5184 2097 5256 Episn
2136 5182 2330 5256 Leonis
2359 5182 2690 5256 ad_l..eonetn
2719 5188 3047 5253 Augusrutn,
3098 5186 3187 5249 60,
3220 5186 3247 5256 §
3282 5190 3336 5240 εὶ.

2002 5253 2075 5305 De
2108 5252 2355 5319 capitulis
2382 5252 2505 5307 lidei
2526 5269 2590 5306 ex
2613 5252 2921 5310 sanctorum
2947 5263 3162 5313 Patrum
3197 5252 3351 5314 libris
3383 5261 3552 5315 culle-

1929 5326 2036 5378 Ctis
2059 5324 2126 5398 de
2157 5338 2222 5377 eo
2251 5322 2393 5398 ipso.
2424 5324 2485 5398 rln
2511 5340 2617 5392 quo
2640 5341 2825 5395 supra,
2855 5326 2959 5398 §‘5.

2009 5395 2243 5462 Epistola
2260 5394 2465 5472 Leonis
2490 5412 2640 5472 papa:
2664 5394 2727 5451 ad
2756 5394 3070 5458 Flavianum
3091 5403 3552 5472 CODSlInlilIOpU-

1937 5468 2157 5542 litanum
2188 5467 2498 5535 episcopum
2541 5469 2628 5542 ubi
2660 5474 2852 5538 quatrit
2879 5477 3018 5542 quod
3074 5475 3329 5528 Euttches
3362 5467 3547 5527 contra

1937 5540 2095 5592 ﬁdem
2127 5541 2447 5592 catholicam
2469 5540 2713 5595 sentiens
2743 5559 2771 5595 a
2790 5540 3171 5601 communione
3194 5544 3455 5600 Ecclesia:
3479 5549 3547 5598 ab

1936 5610 2194 5684 coluerit
2222 5623 2528 5684 separatus,
2554 5612 2631 5684 Ex
2660 5615 2889 5684 integro.
2924 5613 3017 5671 57.

2010 5680 2087 5736 De
2117 5682 2328 5736 subdoli
2356 5680 2528 5759 hostis
2552 5680 2815 5759 insidiis:
2835 5688 3174 5759 liescriptutn
3207 5687 3448 5745 Flaviani
3478 5687 3545 5743 ad

1938 5752 2173 5810 Leonem
2202 5767 2420 5824 papam,
2454 5754 2538 5808 tit.
2569 5754 2621 5817 1,
2648 5769 2768 5828 pag.
2801 5758 2892 5814 51.
