3882 6336
180 270 3487 336 Μ

646 443 1890 600 GPt/ECORUM
1962 435 2998 589 CONCILIA.

1771 814 1884 914 Ι.

1107 1020 1783 1105 CONCILIUM
1864 1019 1933 1104 N
1952 1017 2460 1103 ICZENUM

176 1199 324 1254 ρῦοι)
372 1197 667 1243 ΕΔΒῘἸΊῙΜ
725 1194 838 1253 EST
881 1193 1291 1236 TEMPOBIBUS
1349 1191 1775 1237 CONSTANTINI

1954 1191 2307 1249 EBATOBIS,
2360 1193 2439 1238 ΑΒ
2504 1192 2825 1237 ΒΡῙὸῦΟΡΙθ
2879 1190 3233 1234 TRBCENTIS
3274 1192 3489 1235 DECEM

245 1281 315 1321 ΒΤ
365 1279 569 1327 OCTO,
612 1276 673 1317 IN
732 1273 1037 1315 CIVITATE
1092 1274 1297 1317 NICBA
1345 1274 1712 1317 METROPOLI
1772 1274 1779 1314 ]

1947 1272 2127 1331 ιηιάζ,
2158 1272 2434 1316 PAULINO
2479 1274 2560 1316 ιτ
2603 1272 2877 1316 ,ιυιιΑιιυ
2923 1272 3312 1316 CONSULIBUS
3370 1272 3487 1315 ιιιι

240 1358 566 1405 ιιιεηυις
628 1354 846 1399 ιυωιιε
909 1354 1051 1396 ΕΒΔ
1104 1354 1386 1397 CCCLX”.

240 1488 357 1555 La
388 1484 523 1539 Cum
564 1481 911 1537 convenisset
962 1480 1069 1536 hoc
1102 1488 1349 1535 sanctum
1400 1490 1458 1534 et
1508 1494 1761 1550 magnum
1791 1478 2105 1549 Anamque
2162 1479 2297 1534 solis
2341 1478 2591 1549 personis
2639 1486 2694 1533 et
2744 1477 2937 1531 horum
3004 1477 3273 1532 similibus
3316 1476 3491 1532 omnis

174 1574 664 1639 concilittm°apud
718 1573 953 1630 Nicaeam
1004 1573 1276 1627 civitatem
1332 1572 1632 1641 provinciae
1683 1571 1768 1624 Bi-

177 1672 377 1741 thynice,
422 1676 627 1723 statuta
673 1677 798 1722 sunt
828 1667 896 1718 ab
935 1666 1014 1720 eis
1066 1664 1181 1717 haec
1211 1680 1332 1733 qua:
1384 1664 1520 1717 intra
1566 1665 1768 1732 scripta

177 1774 303 1829 sunt,
329 1778 398 1820 ex
427 1761 621 1816 Graeco
654 1760 706 1812 in
736 1755 987 1812 Latinum
1016 1770 1174 1811 versa
1208 1769 1543 1810 sermonem.

399 1855 439 1909 I.
486 1853 563 1908 De
589 1852 840 1908 eunuchis
871 1852 961 1922 qui
1001 1852 1197 1919 seipsos
1227 1850 1525 1904 abscidunt.

238 1951 433 2020 Siquis
463 1952 517 2002 in
542 1946 866 2017 aegritudine
896 1947 976 1999 vel
1006 1960 1035 1998 a
1068 1944 1292 1999 medicis
1322 1954 1504 1999 sectos
1525 1952 1608 1998 est
1635 1942 1716 1997 vel
1740 1956 1771 1997 a

182 2048 403 2105 barbaris
453 2055 727 2099 castratos
754 2053 862 2107 est,
904 2041 1103 2110 placuit
1154 2051 1212 2095 ut
1254 2042 1355 2094 iste
1403 2040 1525 2093 talis
1560 2053 1771 2108 perma-

182 2152 288 2197 neat
315 2140 341 2178 δ
375 2141 426 2193 in
458 2141 611 2194 clero
640 2154 655 2192 ;
682 2137 729 2190 si
758 2136 879 2205 quis
905 2144 1088 2190 autem
1119 2150 1286 2189 sanus
1316 2135 1558 2202 seipsutn
1594 2135 1773 2188 absci-

183 2235 268 2298 dit,
301 2233 459 2286 etiam
493 2229 537 2284 si
585 2238 671 2284 est
714 2230 767 2281 in
799 2228 970 2291 clero,
1004 2241 1219 2283 Ccssare
1253 2227 1435 2291 debet,
1470 2238 1523 2281 et
1572 2244 1636 2280 ex
1672 2226 1774 2280 boc

184 2328 364 2379 nullum
400 2324 563 2377 talem
611 2329 825 2391 oportet
857 2320 1099 2375 ordinari
1127 2336 1142 2373 :
1170 2318 1310 2373 sicut
1349 2330 1528 2374 autem
1580 2320 1647 2375 de
1692 2320 1774 2375 bis

183 2422 258 2491 qui
282 2420 361 2473 vel
389 2416 784 2472 aﬂ'ectaverunt
815 2414 899 2469 vel
930 2414 1047 2468 ausi
1072 2424 1193 2467 sunt
1227 2414 1436 2482 seipsos
1466 2414 1772 2479 abscidere,

185 2513 285 2571 hac
307 2528 427 2584 quae
454 2512 693 2566 diximus
720 2516 916 2565 statuta
948 2518 1098 2577 sunt,
1124 2510 1193 2561 ita
1227 2509 1271 2561 si
1302 2508 1394 2578 qui
1427 2518 1449 2547 ο
1476 2508 1563 2561 vel
1589 2522 1619 2561 a
1652 2508 1777 2562 bar-

184 2609 311 2665 baris
342 2609 424 2663 vel
459 2622 490 2659 a
520 2606 755 2660 dominis
793 2605 904 2658 suis
938 2603 1062 2657 laeti
1100 2612 1246 2670 sunt,
1279 2613 1332 2657 et
1363 2602 1658 2671 probabilis
1699 2603 1777 2655 vi-

184 2706 378 2757 tasunt
404 2697 457 2764 δ,
493 2698 634 2755 tales
664 2699 764 2751 hos
806 2698 1035 2766 suscipit
1076 2695 1451 2753 ecclesiastica
1495 2695 1679 2765 regula
1709 2694 1776 2748 ad

185 2791 392 2848 derum.

242 2910 301 2965 ll.
340 2909 417 2964 De
450 2909 535 2964 his
562 2909 649 2977 qui
698 2913 807 2977 post
838 2902 1097 2969 baptisma
1132 2912 1156 2977 _°
1189 2905 1363 2958 statim
1406 2904 1472 2958 ad
1511 2903 1703 2959 clerum

770 2978 1101 3048 applicantur
1128 2974 1171 3028 ί.

244 3072 506 3141 Quoniam
559 3069 730 3125 multa
782 3068 899 3123 sive
942 3082 1037 3136 per
1084 3068 1466 3121 necessitatem
1496 3076 1521 3114 Β
1550 3068 1665 3121 sive
1706 3081 1775 3121 ex

186 3180 487 3234 quacunque
516 3176 679 3218 causa
710 3170 897 3215 contra
941 3160 1185 3232 regulam
1218 3170 1369 3229 gesta
1412 3172 1559 3227 sunt,
1597 3161 1671 3215 ita
1723 3168 1782 3213 ut

184 3258 413 3311 homines
445 3272 511 3311 ex
542 3255 650 3309 vita
682 3266 870 3324 gentm
898 3266 1072 3323 nuper
1096 3251 1273 3306 adhuc
1302 3248 1665 3305 catecbizatih
1695 3250 1781 3304 vel

185 3348 393 3404 instituti
439 3349 626 3402 statim
658 3346 722 3401 ad
764 3346 1067 3414 spiritalem
1118 3343 1446 3413 baptismum
1478 3342 1779 3407 venissent,

185 3444 515 3497 etcontinuo
547 3456 669 3496 cum
721 3438 976 3509 baptizati
1022 3446 1148 3492 sunt
1197 3438 1361 3492 etiam
1396 3435 1464 3491 ad
1512 3436 1781 3506 episcopa-

186 3544 285 3590 tum
308 3538 389 3591 vel
423 3536 490 3590 ad
524 3534 921 3605 presbyterium
960 3532 1203 3603 provecti
1246 3540 1394 3599 sunt,
1431 3539 1581 3586 recte
1619 3529 1782 3599 igitur

186 3625 339 3680 visum
364 3635 450 3681 est
480 3626 549 3679 de
585 3636 787 3679 caetero
816 3624 948 3676 nihil
984 3624 1092 3676 tale
1123 3621 1237 3676 lieri
1265 3638 1279 3685 ;
1304 3635 1428 3674 nam
1462 3630 1516 3673 et
1540 3629 1784 3687 tempore

186 3731 307 3787 opus
345 3729 427 3774 est
473 3726 530 3771 ut
578 3718 651 3770 sit
705 3717 1147 3776 catechumenos,
1182 3723 1240 3769 et
1286 3722 1407 3781 post
1455 3713 1781 3781 baptismum

188 3813 337 3864 multa
366 3810 687 3879 probatione
728 3808 954 3878 indiget.
993 3806 1227 3862 Evidens
1260 3819 1489 3875 namque
1537 3813 1621 3858 est
1652 3820 1785 3873 apo-

190 3908 419 3963 stollcnm
478 3917 808 3978 pra-ceptum
860 3906 1092 3961 dicens:
1128 3905 1251 3960 Non
1312 3903 1664 3975 neophylum,
1723 3922 1785 3959 ne

192 3998 306 4067 forte
331 4003 497 4053 elatus
526 4000 581 4051 in
595 3998 858 4070 judicium
888 3998 1083 4051 incidat
1113 4006 1160 4051 et
1197 3998 1443 4067 laqueum
1475 3996 1689 4049 diaboli.
1733 3994 1787 4049 Si

190 4107 302 4147 vero
320 4092 665 4162 praecedente
696 4106 939 4160 tempore
966 4090 1193 4145 mortale
1214 4090 1417 4159 aliquid
1445 4090 1722 4143 admiserit
1742 4088 1787 4154 ί,

192 4193 235 4238 et
260 4186 538 4239 convictus
580 4184 790 4239 duobus
820 4185 899 4238 vel
935 4184 1105 4238 tribus
1138 4182 1366 4237 testibus
1394 4179 1579 4249 fuerit,
1612 4198 1791 4238 cessa-

1870 1587 1991 1642 qua
2024 1588 2092 1628 ex
2120 1572 2437 1627 mulieribus
2483 1582 2565 1625 est
2613 1572 2852 1638 suspicio
2894 1572 3216 1624 declinatur.
3253 1569 3352 1636 Qui
3396 1585 3493 1624 au-

1873 1675 1979 1721 tem
2012 1678 2208 1736 prteter
2240 1666 2356 1719 baac
2384 1666 2513 1735 agit,
2549 1665 2939 1733 periclitabitur
2973 1664 3038 1717 de
3066 1664 3214 1718 clero
3245 1681 3365 1719 suo.

2098 1759 2187 1813 IV.
2238 1758 2476 1825 Qualiter
2496 1757 2728 1826 episcopi
2760 1758 2976 1810 debeant
3021 1756 3273 1810 ordinari.

1949 1854 2277 1923 Episcopum
2326 1858 2546 1920 oportet
2573 1851 2641 1904 ab
2669 1851 2928 1903 omnibus
2957 1849 3250 1917 episcoitis,
3285 1849 3329 1903 si
3381 1848 3495 1905 ﬁeri

1876 1959 2073 2020 potest,
2103 1948 2193 2013 qui
2226 1955 2352 2000 sunt
2383 1948 2433 1999 itt
2468 1945 2749 2015 provincia
2775 1946 2891 2014 ejus
2916 1944 3188 2010 ordinari;
3212 1944 3263 2014 3
3292 1946 3333 1997 si
3366 1958 3497 2000 vero

1884 2048 1984 2100 hoc
2016 2044 2238 2100 difﬁcile
2269 2042 2431 2096 fuerit
2460 2043 2542 2095 vel
2575 2050 2798 2109 urgente
2842 2049 3166 2095 necessatatc
3198 2039 3282 2093 vel
3332 2038 3496 2094 itine-

1877 2142 1955 2196 ris
2012 2137 2369 2210 longitudine,
2420 2145 2569 2190 certe
2627 2143 2738 2189 tres
2795 2133 3034 2203 episcopi
3089 2128 3379 2187 debeam"
3445 2134 3497 2190 in

1880 2249 2045 2289 unum
2096 2247 2217 2286 esse
2250 2229 2600 2301 congregati;
2648 2228 2719 2281 ita
2770 2234 2832 2281 ut
2860 2226 3021 2280 etiam
3053 2235 3367 2279 caeterorutn
3409 2224 3498 2295 qui

1880 2331 2135 2384 absentes
2166 2334 2291 2380 sunt
2338 2338 2667 2380 consensum
2698 2321 2891 2376 litteris
2922 2330 3164 2386 teneant,
3215 2329 3287 2374 et.
3316 2320 3385 2373 ita
3424 2316 3501 2373 fa-

1879 2425 2024 2479 ciant
2068 2420 2491 2477 ordinationem.
2545 2418 2792 2473 Potestas
2843 2432 2974 2471 sane
3025 2416 3111 2471 vel
3160 2412 3499 2469 confirmatio

1882 2515 2173 2587 pertinebit
2197 2529 2293 2585 per
2313 2512 2553 2583 singulas
2583 2512 2889 2581 provincias
2912 2509 2979 2565 ad
3013 2508 3499 2579 metropolitanum

1882 2610 2219 2678 episcopum.

2065 2702 2128 2757 V.
2175 2700 2254 2757 De
2283 2700 2738 2756 excommunicatis
2768 2697 2968 2752 clericis
3013 2698 3119 2751 sive
3148 2694 3319 2750 taieis.

1955 2795 2215 2852 Servetnr
2243 2801 2300 2849 et
2349 2794 2450 2847 ista
2482 2792 2775 2860 sententia,
2823 2800 2880 2843 ut
2932 2790 2983 2844 hi
3028 2789 3119 2858 qui
3151 2787 3219 2841 ab
3258 2785 3377 2840 aliis
3406 2798 3505 2841 ex-

1810 2878 1857 2940 B
1887 2888 2363 2946 communicantur
2390 2887 2458 2940 ab
2502 2886 2619 2940 aliis
2647 2884 2712 2938 ad
2744 2884 3182 2938 communionem
3218 2896 3324 2934 non
3363 2879 3507 2935 reci-

1884 2985 2123 3054 piantur.
2152 2982 2479 3051 Requiratur
2511 2965 2666 3043 sane,
2703 2994 2771 3034 ne
2802 2978 2938 3033 forte
2979 2977 3072 3047 qui
3100 2992 3166 3031 ex
3209 2975 3390 3045 aliqua
3425 2977 3508 3029 in-

1883 3076 2195 3144 dignatione
2244 3073 2412 3127 animi
2462 3081 2557 3126 aut
2606 3072 2956 3126 contentione
3005 3076 3097 3123 aut
3127 3068 3372 3139 qualibet
3413 3066 3507 3123 tali

1884 3168 2249 3223 commotione
2269 3167 2537 3221 stomachi
2568 3164 2804 3232 episcopi
2827 3165 2908 3218 sui
2938 3158 3505 3218 excommunicatione

1885 3259 2122 3315 abstenti
2162 3267 2308 3313 sunt.
2345 3256 2415 3313 Ut
2444 3272 2573 3327 ergo
2605 3255 2765 3327 digna
2816 3258 2933 3310 haec
2964 3254 3177 3323 possint
3226 3257 3509 3310 examina-

1888 3352 2035 3407 tione
2063 3351 2321 3421 perquiri,
2355 3358 2502 3405 recte
2532 3349 2705 3403 visum
2757 3358 2862 3414 est,
2900 3363 2993 3415 per
3038 3347 3282 3418 singulos
3315 3361 3491 3401 annos

1888 3445 1941 3500 in
1970 3445 2197 3515 singulis
2226 3444 2537 3513 quibusque
2572 3440 2863 3511 provinciis
2894 3439 2975 3494 bis
3026 3438 3078 3493 in
3130 3453 3273 3493 anno
3304 3439 3505 3507 episco-

1889 3552 2083 3608 porum
2116 3536 2407 3591 concilium
2435 3534 2573 3601 lieri,
2609 3542 2665 3587 ιιι
2700 3532 2860 3587 simul
2894 3526 2951 3587 in
2978 3548 3143 3586 unum
3178 3532 3510 3587 convenien-

1892 3641 1971 3686 tes
2001 3646 2067 3685 ex
2117 3630 2263 3684 cunni
2317 3628 2611 3698 provincia,
2651 3627 2962 3695 bujnsmodi
2996 3627 3315 3681 examinent
3360 3639 3510 3693 quaa-

1890 3725 2095 3779 stiones
2127 3740 2141 3776 :
2178 3731 2235 3775 ut
2294 3722 2366 3775 ila
2419 3721 2634 3775 demum
2667 3722 2720 3773 hi
2753 3722 2845 3789 qui
2888 3719 2957 3773 ob
2988 3720 3175 3789 culpas
3227 3732 3356 3771 suas
3387 3716 3506 3787 epi-

1892 3832 2179 3885 scoporum
2236 3830 2461 3869 suorum
2536 3811 2773 3869 offensas
2830 3812 3026 3867 merito
3078 3820 3510 3878 contraxerunt,

1894 3910 2053 3980 digne
2081 3908 2243 3963 etiam
2297 3921 2324 3958 a
2358 3905 2575 3961 caeteris
2625 3906 3079 3960 excommunicati
3128 3906 3381 3959 similiter
3412 3903 3512 3958 ha-

1899 4002 2154 4066 beantur,
2188 4014 2472 4069 quousque
2504 4000 2555 4052 in
2588 4001 2969 4054 communione
2995 4001 3078 4053 vel
3110 3998 3229 4068 ipso
3256 4000 3514 4068 episcopo

1896 4109 1997 4149 suo
2028 4096 2206 4149 visum
2259 4091 2421 4147 fuerit.
2474 4092 2850 4147 humaniorem
2898 4094 3041 4148 circa
3090 4108 3185 4148 eos
3218 4092 3359 4148 ferre
3392 4108 3516 4149 sen-

1900 4188 2147 4243 tentiam.
2182 4186 2457 4240 Habeatur
2488 4198 2669 4240 autem
2699 4188 2993 4241 concilium
3034 4187 3202 4240 senth
3245 4198 3369 4240 ante
3401 4188 3516 4241 dies

191 4274 258 4331 hit
292 4293 319 4329 a
360 4277 511 4332 clero
539 4276 631 4344 qui
690 4275 997 4344 hujusmodi
1028 4283 1150 4341 est;
1184 4274 1229 4329 si
1282 4275 1399 4345 quis
1426 4290 1559 4330 vero
1590 4288 1790 4345 praeter
1816 4280 1863 4340 (ζ
1896 4276 2363 4349 Quadragesintze,
2396 4287 2452 4330 ttt
2480 4276 2736 4332 omnibus
2767 4277 2810 4331 si
2840 4293 2961 4347 quae
2993 4284 3120 4332 sunt
3143 4277 3515 4332 simultatibus

194 4366 293 4423 hac
321 4367 469 4436 facit,
516 4378 769 4437 tanquam
801 4368 1071 4423 contraria
1103 4368 1320 4422 statutis
1364 4369 1539 4423 sancti
1569 4368 1785 4423 concilii

198 4477 393 4534 gerens,
425 4463 593 4519 etiam
648 4464 764 4533 ipse
805 4461 1197 4532 periclitabitur
1226 4462 1293 4517 de
1327 4471 1470 4517 statu
1502 4463 1584 4517 sui
1630 4464 1781 4519 cleri.

477 4580 564 4635 111.
610 4578 690 4632 De
712 4579 1125 4634 ‘subintroductis
1148 4578 1473 4634 mulieribus.

253 4696 617 4753 Omnismodis
648 4697 922 4752 interdicit
966 4710 1149 4753 sancta
1179 4697 1420 4770 synodus
1464 4714 1638 4770 neque
1668 4700 1784 4768 epi-

195 4798 360 4858 scopo,
388 4804 563 4860 neque
611 4788 953 4861 presbytero,
988 4804 1163 4860 neque
1207 4792 1459 4859 diacono,
1488 4807 1660 4862 neque
1690 4793 1785 4847 ulli

195 4880 496 4936 clericorum
549 4882 771 4937 omnino
831 4882 994 4939 licere
1054 4882 1293 4950 permitti
1345 4883 1544 4940 habere
1601 4901 1784 4941 secum

197 4972 457 5030 mulierem
490 4983 829 5043 estraneam,
860 4975 963 5030 nisi
1010 4973 1149 5031 forte
1192 4984 1366 5032 mater
1394 4987 1485 5032 aut
1515 4992 1669 5033 soror
1696 4988 1791 5035 aut.

199 5062 358 5133 tbisl,
408 5068 462 5121 id
509 5076 595 5123 est
644 5072 729 5121 vel
760 5070 927 5123 amita
977 5068 1063 5124 vel
1119 5081 1410 5127 matertera
1461 5072 1575 5126 sit:
1608 5074 1660 5127 in
1707 5073 1791 5128 his

204 5231 282 5350 an.
304 5224 442 5344 it'tli.
461 5224 530 5281 ﬂ.
550 5224 747 5282 desunt
772 5224 901 5283 folia
930 5228 1199 5299 integrum
1224 5228 1325 5285 boc
1349 5229 1637 5286 concilium
1660 5243 1793 5285 con-

272 5312 332 5350 eo
362 5316 429 5350 ta.

449 5369 516 5425 Ε.
541 5371 599 5434 3,
622 5368 715 5437 U..
748 5372 845 5426 iste
874 5381 1198 5441 permaneat.

267 5452 283 5478 ε
315 5441 401 5495 U..
431 5442 503 5495 ita
533 5443 639 5495 aui.

267 5452 283 5478 ε
612 5452 620 5454 ι

266 5506 288 5546 ⁸
674 5524 721 5566 et
748 5514 1040 5569 orobabiles
1070 5516 1188 5570 vitae
1217 5530 1324 5570 sua
1352 5516 1659 5571 exstiterint.

270 5588 291 5615 ε
314 5581 366 5636 in
396 5584 682 5657 (Iudicibus
717 5596 1031 5643 constanter
1077 5587 1273 5657 legitur
1309 5587 1582 5649 babtismu,
1630 5589 1796 5642 babti-

208 5664 354 5728 unus,
384 5656 657 5719 bubtime,
679 5656 997 5714 rebubtizare
1020 5677 1039 5725 ;
1070 5674 1231 5728 quam
1256 5660 1526 5715 scribendi
1564 5661 1791 5715 l‘ormam

212 5732 271 5778 ιι
298 5726 586 5783 litterarum
608 5732 766 5787 unius
792 5731 983 5802 organi
1007 5726 1260 5803 analogia
1291 5731 1640 5803 repetendam
1665 5746 1798 5789 cen-

1895 4370 2210 4439 amputatis,
2245 4369 2505 4424 mundum
2549 4368 2795 4425 sdlemne
2835 4370 2945 4425 Deo
2999 4385 3194 4425 munus
3240 4373 3410 4439 possit
3442 4370 3514 4426 of-

1894 4465 2021 4519 terri
2056 4481 2070 4530 ;
2096 4464 2399 4520 secundum
2431 4477 2563 4518 vero
2591 4462 2880 4517 concilium
2908 4473 3101 4533 agatur
3130 4462 3274 4518 circa
3306 4472 3517 4535 tempus

1894 4558 2166 4613 autumni.

1956 4673 2037 4727 Vl.
2091 4673 2167 4728 De
2195 4674 2500 4744 primatibus
2527 4673 2891 4743 episcoporum
2916 4675 3457 4743 metrOpolitanorum.

1965 4787 2078 4842 Mos
2130 4787 2384 4858 antiquus
2431 4786 2691 4857 perduret
2722 4786 2776 4841 in
2826 4786 3061 4859 Algypto
3107 4789 3193 4844 vel
3242 4788 3409 4859 Libya
3456 4795 3517 4845 et

1896 4884 2200 4953 Pentapoli,
2225 4892 2282 4938 ut
2304 4883 2703 4939 Alexandrinus
2726 4884 3022 4951 episcOpus
3050 4883 3239 4938 borum
3271 4884 3513 4940 omnium

1898 4976 2092 5031 habeat
2143 4985 2508 5046 potestatem,
2570 4977 2828 5044 quoniam
2884 4976 3103 5045 quidem
3158 4985 3214 5030 et
3268 4975 3515 5033 Romano

1898 5072 2155 5142 episcopo
2202 5072 2305 5125 hoc
2356 5070 2499 5125 idem
2546 5069 2714 5125 moris
2768 5080 2873 5125 est.
2927 5069 3190 5126 Similiter
3235 5080 3414 5125 autem
3460 5079 3515 5126 et

1902 5245 2103 5285 scmus.

1978 5300 1998 5340 ί
2025 5302 2104 5356 Ex
2138 5299 2257 5366 Ᾰῧη
2294 5300 2350 5355 E.
2383 5302 2439 5355 3.
2483 5298 2537 5352 In
2572 5299 2638 5353 Α.
2691 5306 2746 5352 et
2788 5296 3016 5367 reliquis
3042 5312 3054 5349 :
3079 5298 3508 5367 applicabuntur.

1976 5382 2002 5421 σ
2034 5373 2125 5439 υ..
2161 5390 2250 5438 pro
2282 5372 2605 5426 necessitate.

1975 5440 2002 5480 ι·
2027 5444 2117 5509 U.,
2147 5461 2310 5509 nuper
2332 5442 2654 5497 catechizati.
2686 5440 2744 5495 In
2773 5440 3062 5497 Codicibus
3084 5458 3097 5494 :
3123 5442 3418 5497 catasieati.

1984 5513 1998 5551 ί
2032 5516 2150 5582 Αἱ,
2184 5517 2246 5570 Ε.
2275 5517 2330 5582 5,
2370 5517 2434 5569 Τ.
2462 5516 2516 5577 ‘2,
2545 5515 2634 5576 U..
2678 5513 2887 5583 aliquod
2916 5523 3182 5580 peccatum
3212 5516 3500 5569 admiserit.

1980 5590 2119 5672 trix.
2147 5588 2370 5713 reAliquis
2414 5587 2714 5654 desumptae
2754 5593 2880 5640 sunt
2914 5598 3073 5639 voces
3118 5592 3207 5637 aut
3248 5586 3359 5638 tln‘a
3387 5600 3509 5642 cum

1980 5670 2082 5713 smt
2107 5676 2161 5713 111
2235 5698 2249 5713 .

1907 5660 2082 5718 dOSinl
2107 5660 2161 5715 in
2184 5660 2249 5713 A.

1982 5728 2009 5770 ι
2034 5730 2149 5795 Αἱ..
2188 5730 2251 5787 Ε.
2285 5730 2339 5797 3,
2369 5728 2460 5796 U..
2493 5727 2692 5784 debent.
