3882 6350
420 340 491 398 95
1131 332 1509 394 COLLECTIO
1545 330 1880 390 CANONUM
1916 332 1975 388 S.
2016 329 2292 390 lSlDORO
2332 330 2599 392 HISPAL.
2638 330 2994 392 ASCRIPTA.
3646 332 3718 391 96

417 454 559 523 apud
604 454 943 509 Antiochiam
976 459 1304 522 craterasque
1337 449 1643 519 provincias
1675 449 1849 503 honor
1877 461 2006 502 suus
2036 452 2085 512 Α
2112 448 2313 516 cordia,
2346 458 2522 506 tamen
2566 450 2762 520 aliquid
2791 448 2935 504 circa
2975 461 3072 503 eos
3091 446 3441 505 humanitatis
3474 450 3714 507 ostendi.

416 551 703 621 unicuique
731 559 975 605 servetur
1018 546 1293 602 Ecclesiae.
1324 545 1425 600 Per
1471 546 1651 599 omnia
1686 554 1862 598 autem
1894 557 2009 596 ma-

418 641 667 697 nifestum
712 640 851 710 quod
906 641 950 694 si
1003 639 1121 709 quis
1176 647 1367 707 praeter
1393 637 1724 691 voluntatem
1776 645 1829 689 et
1869 648 2004 689 con-

418 734 697 790 scientiam
748 730 1145 801 metropolitani
1196 730 1434 799 episcopi
1486 728 1650 784 fuerit
1697 726 2002 793 ordinatus,

421 830 523 885 hoc
546 829 835 885 concilium
881 844 1130 898 magnum
1163 837 1217 883 et
1262 836 1505 881 sanctum
1538 826 1743 880 censuit
1772 840 1881 878 non
1913 824 2007 877 de-

418 922 545 977 bere
598 938 719 977 esse
776 922 1293 990 episcOpumzsane
1346 919 1389 972 si
1441 916 1710 971 communi
1763 914 2003 970 omnium

414 1030 681 1072 consensu
727 1015 1113 1070 rationabiliter
1141 1013 1363 1082 probato
1405 1009 1699 1065 secundum
1745 1009 2005 1063 ecclesia-

414 1109 600 1164 alicam
654 1108 910 1176 regulam,
944 1106 1050 1159 duo
1072 1104 1155 1159 vel
1187 1113 1297 1159 tres
1338 1102 1681 1157 animositate
1723 1101 1871 1155 ducti
1910 1116 2006 1164 per

415 1198 815 1254 contentionem
886 1196 1294 1261 contradicant,
1360 1194 1598 1248 obtineat
1654 1194 2004 1263 plurimorum

412 1289 676 1343 sententia
703 1288 1071 1343 sacerdotum.

599 1381 702 1435 Vll.
747 1379 823 1434 De
858 1382 1050 1435 honore
1078 1380 1307 1451 episwpi
1333 1366 1824 1451 Hierosolymitani.

484 1471 748 1537 Quoniam
778 1487 894 1527 mos
924 1473 1173 1541 antiquus
1202 1473 1434 1527 obtinuit
1464 1482 1518 1527 et
1548 1483 1752 1526 vetusta
1787 1470 2005 1526 traditio

414 1566 671 1627 utAiliaa,
726 1566 775 1619 id
825 1576 909 1621 est
956 1566 1455 1637 Hierosolymorum
1507 1566 1758 1633 episcOpo
1797 1563 2005 1618 defera-

415 1667 500 1712 tur
528 1669 550 1693 ι
583 1658 773 1713 habeat
818 1668 1213 1727 consequenter
1233 1657 1287 1729 4
1317 1657 1599 1720 honorem,
1643 1668 1891 1712 manente
1922 1666 2003 1711 ta-

414 1762 536 1803 men
567 1748 794 1802 civitatis
822 1748 1249 1815 metropolitauaa
1277 1748 1487 1817 propria
1521 1747 1801 1817 dignitate.

898 1837 1032 1893 Vlll.
1067 1838 1145 1892 De
1173 1838 1503 1893 Novatianis.

486 1930 540 1987 Si
573 1931 660 2001 qui
708 1931 972 1988 voluerint
1009 1933 1190 1988 venire
1219 1934 1283 1986 ad
1338 1933 1631 1987 Ecclesiam
1681 1932 2001 1987 catholicam

413 2039 479 2081 ex
510 2024 841 2093 Novatianis,
875 2026 1076 2094 placuit
1100 2035 1287 2080 sancto
1316 2024 1545 2079 concilio
1572 2034 1626 2079 ut
1658 2024 1997 2090 ordinentur,

410 2125 465 2174 et
492 2119 572 2172 sic
588 2127 836 2173 maneant
859 2120 910 2171 in
934 2120 1098 2173 clero.
1120 2119 1260 2172 Ante
1278 2118 1454 2171 omnia
1482 2126 1659 2171 autem
1679 2117 1819 2171 hanc
1841 2118 1907 2173 ab
1922 2119 2002 2173 eis

410 2210 804 2267 confessionem
829 2225 924 2280 per
943 2212 1263 2280 scripturam
1292 2211 1433 2280 exigi
1460 2219 1696 2281 oportet,
1722 2220 1781 2265 ut
1802 2211 2002 2266 fatean-

413 2307 582 2355 tur'se
613 2303 880 2356 communi
906 2315 1172 2356 consensu
1207 2303 1488 2357 catholica:
1512 2302 1773 2358 Ecclesia:
1803 2312 2005 2357 statuta

410 2389 809 2458 observaturos,
851 2391 903 2445 id
948 2400 1033 2446 est
1061 2392 1551 2447 communicaturos
1596 2407 1656 2447 se
1698 2403 1751 2446 et
1792 2393 1874 2448 his
1912 2394 2002 2463 qui

410 2480 551 2536 forte
582 2482 848 2537 secundas
881 2485 1091 2552 nuptias
1120 2484 1325 2550 experti
1356 2492 1502 2547 sunt,
1534 2484 1615 2537 vel
1647 2482 1730 2537 his
1757 2485 1845 2553 qui
1885 2500 2002 2553 per-

410 2574 704 2629 secutionis
727 2584 970 2645 tempore
1010 2576 1142 2646 lapsi
1197 2585 1337 2630 sunt.
1375 2575 1578 2642 Quibus
1611 2584 1787 2631 tamen
1832 2576 1999 2643 lapsis

409 2669 742 2737 poenitentiae
793 2668 987 2722 modus
1016 2677 1070 2723 et
1120 2678 1329 2737 tempus
1376 2669 1669 2737 ascriptum
1701 2680 1803 2735 est,
1841 2679 1895 2723 ut
1943 2672 1996 2723 in

411 2760 661 2814 omnibus
693 2771 985 2829 sequantur
1007 2774 1072 2815 ea
1094 2775 1213 2828 qua:
1249 2761 1301 2814 in
1336 2761 1574 2815 Ecclesia
1617 2762 1877 2815 catholica
1903 2760 2000 2815 ob-

412 2862 720 2915 servantur,
765 2862 817 2906 et
862 2850 939 2905 sic
982 2851 1182 2919 ubique
1210 2849 1350 2905 idem
1404 2850 1641 2907 omnes”
1674 2851 1774 2921 ipsi
1804 2851 2002 2906 fuerint

409 2940 613 2997 inventi
642 2945 760 2998 sive
788 2945 839 2997 in
871 2944 1001 2997 vicis
1040 2958 1134 2998 seu
1165 2943 1215 2996 in
1250 2944 1487 3009 urbibus,
1524 2943 1704 2999 clerici
1744 2943 1999 2998 ordinen-

410 3044 496 3091 tur
521 3051 551 3089 a
584 3035 861 3092 catholicis
890 3037 979 3105 qui
1002 3036 1367 3100 inveniuntur,
1389 3046 1443 3091 et
1474 3036 1549 3089 sic
1578 3038 1737 3090 etiam
1769 3035 1820 3089 in
1851 3036 1997 3090 clero

410 3132 705 3200 persistant
734 3132 1095 3199 unusquisque
1127 3131 1177 3184 in
1219 3141 1361 3185 statu
1396 3145 1512 3183 suo.
1548 3130 1604 3184 Si
1636 3146 1761 3184 vero
1787 3130 1995 3199 episco-

414 3235 513 3291 pus
566 3222 653 3276 vel
714 3223 993 3292 presbyter
1038 3221 1317 3277 catholicae
1365 3222 1623 3277 Ecclesiae
1674 3222 1869 3287 fuerit,
1929 3224 1998 3278 ad

408 3328 565 3385 quem
604 3313 765 3381 aliqui
805 3329 872 3369 ex
910 3314 992 3368 his
1034 3316 1317 3383 accedunt,
1365 3327 1571 3371 certum
1602 3326 1684 3371 est
1714 3317 1855 3387 quod
1888 3317 2000 3387 epi-

418 3418 613 3474 scopus
649 3405 865 3474 quidem
912 3405 1212 3461 catholicus
1244 3422 1400 3461 suam
1434 3406 1630 3463 habeat
1658 3407 1994 3479 dignitatem,

419 3497 669 3551 similiter
691 3506 869 3551 autem
895 3505 949 3550 et
978 3497 1255 3569 presbyter
1272 3509 1325 3554 et
1352 3498 1610 3554 diaconus
1641 3500 1890 3554 habeant.
1934 3501 1998 3556 lli

412 3602 539 3642 vero
565 3588 653 3657 qui
709 3589 776 3641 ab
817 3588 932 3642 istis
962 3590 1203 3654 veniunt,
1246 3589 1293 3644 si
1325 3590 1459 3644 forte
1486 3592 1768 3659 episcopus
1813 3592 1995 3658 fuerit,

416 3680 607 3736 habeat
640 3680 955 3752 presbyterii
998 3680 1339 3751 dignitatem,
1386 3683 1483 3735 nisi
1527 3681 1664 3737 forte
1704 3693 1757 3738 et
1788 3684 1998 3752 placeat

409 3775 663 3844 episcopo
720 3773 986 3828 catholico
1027 3774 1325 3829 concedere
1368 3775 1415 3829 ei
1468 3776 1631 3829 etiam
1678 3776 1997 3845 episc0palis

410 3867 643 3922 nominis
676 3866 977 3931 honorem;
1022 3867 1068 3918 si
1117 3881 1247 3920 vero
1288 3882 1390 3919 non
1440 3868 1719 3934 placuerit,
1755 3869 1995 3923 inveniat

408 3957 456 4012 ei
503 3959 696 4023 locum,
737 3965 794 4011 ut
823 3956 892 4009 sit
923 3956 975 4010 in
1028 3955 1278 4024 parochia
1325 3957 1376 4010 in
1423 3958 1569 4012 clero
1595 3963 1879 4029 episcopus
1907 3970 1998 4014 aut

409 4051 711 4121 presbyter,
744 4051 870 4104 dum
904 4060 1082 4105 tamen
1122 4059 1181 4103 ut
1217 4052 1269 4104 in
1315 4051 1530 4106 civitate
1576 4068 1679 4105 non
1718 4052 1999 4108 videantur

407 4144 513 4201 duo
545 4145 781 4213 episcopi
807 4160 947 4210 esse,
981 4153 1039 4200 et
1067 4143 1153 4198 ille
1184 4144 1494 4199 omnimodo
1526 4146 1580 4198 in
1614 4146 1759 4200 clero
1791 4161 1999 4215 perma-

410 4252 542 4292 nere
572 4238 834 4290 videatur.

483 4326 573 4381 IX.
621 4325 693 4381 De
716 4328 1022 4398 presbyteris
1057 4330 1174 4382 sine
1200 4329 1574 4383 examinatione
1617 4332 1921 4386 constitutis.

482 4422 538 4476 Si
570 4423 658 4490 qui
691 4422 805 4476 sine
832 4423 1228 4479 examinatione
1255 4424 1482 4490 promoti
1518 4425 1814 4496 presbyteri
1842 4436 1991 4493 sunt,

410 4523 465 4571 et
500 4526 679 4583 postea
734 4517 1021 4569 examinati
1073 4517 1306 4571 confessi
1352 4528 1478 4572 sunt
1508 4527 1724 4586 peccata
1784 4534 1899 4585 sua,
1944 4529 1996 4573 et

410 4623 530 4664 cum
560 4606 793 4662 confessi
817 4608 1063 4673 fuissent,
1093 4619 1277 4664 contra
1312 4611 1549 4678 regulam
1581 4611 1863 4665 venientes
1894 4612 1992 4666 ho-

410 4702 580 4755 mines
610 4714 798 4754 manus
824 4701 903 4755 eis
934 4710 1138 4756 temere
1177 4702 1564 4770 imposuerunt,
1610 4703 1706 4756 hos
1738 4704 1996 4759 ecclesia-

408 4792 573 4847 sticus
606 4796 739 4847 ordo
784 4807 893 4847 non
938 4794 1168 4862 recipit:
1204 4796 1254 4848 in
1287 4793 1531 4848 ontnibus
1574 4796 1716 4850 enim
1748 4797 1888 4866 quod
1926 4796 1997 4850 ir-

408 4883 833 4953 reprehensibile
858 4896 879 4924 ο
909 4894 992 4940 est
1031 4885 1270 4940 defendit
1309 4886 1572 4941 Ecclesia.

726 4974 796 5029 Χ.
841 4974 917 5029 De
953 4977 1113 5037 lapsis
1158 4979 1358 5032 clericis
1402 4978 1671 5033 ordinatis.

482 5069 793 5138 Quicunque
828 5085 897 5124 ex
926 5069 1010 5126 bis
1039 5073 1129 5141 qui
1172 5074 1304 5142 lapsi
1335 5083 1480 5139 sunt,
1518 5084 1571 5129 et
1617 5089 1712 5144 per
1744 5074 1997 5145 ignoran-

411 5161 534 5214 tiam
566 5160 792 5215 ordinati
839 5170 966 5217 sunt
989 5162 1077 5216 vel
1116 5173 1422 5234 contemptu
1449 5181 1634 5221 eorum
1664 5168 1753 5237 qui
1784 5182 1875 5221 eos
1903 5183 1995 5223 or-

412 5255 753 5322 dinaverunt,
794 5257 897 5309 hoc
935 5270 1040 5309 non
1076 5255 1388 5325 praejudicat
1436 5260 1635 5328 regula:
1665 5260 1997 5316 ecclesiasti-

412 5359 522 5409 cas;
557 5359 675 5398 cum
710 5348 851 5400 enim
880 5356 1212 5416 compertum
1244 5347 1424 5413 fuerit,
1461 5352 1795 5419 deponentur
1811 5352 1859 5409 ά.

411 5435 500 5491 Xl.
545 5435 625 5491 De
666 5438 745 5491 his
796 5438 884 5499 qui
926 5451 1106 5507 sponte
1156 5442 1290 5524 lapsi
1333 5452 1468 5509 sunt,
1520 5446 1738 5511 qualiter
1781 5446 1994 5501 debeant

1069 5523 1325 5567 pandere.

1068 5528 1325 5581 paenitere.

479 5601 685 5657 Placuit
706 5610 903 5659 sancta:
926 5606 1151 5677 synodo,
1181 5604 1304 5662 licet
1325 5608 1527 5682 indigni
1561 5612 1668 5669 slnt
1692 5614 1742 5688 5
1772 5615 1995 5671 miseri-

483 5723 505 5791 ξι
652 5720 888 5786 episcOpo
912 5721 1072 5774 honor
1104 5723 1381 5791 deferetur.

482 5785 508 5823 ι’
533 5786 727 5862 ρη-εῐε
758 5791 1053 5862 ubicumque
1082 5785 1274 5847 omnes.

486 5870 509 5899 ο
532 5856 594 5915 Τ.
620 5856 676 5927 2,
704 5856 1110 5932 τερνεὴεηέἰὺὶιε.

2027 4569 2076 4628 D

2114 538 2170 596 Si
2204 542 2291 610 qui
2332 557 2463 613 ergo
2492 558 2559 597 ex
2602 543 2784 596 animo
2813 541 3100 611 ptenitent,
3150 542 3320 598 tribus
3364 545 3523 599 annis
3567 546 3712 602 inter

2113 634 2391 689 audientes
2432 634 2729 690 habeantur
2755 652 2769 689 :
2795 635 2839 688 si
2872 644 3051 690 tamen
3106 636 3293 692 ﬁdeles
3334 647 3479 704 sunt,
3528 648 3583 693 et
3624 653 3715 696 se-

2116 737 2259 797 ptem
2292 728 2447 782 annis
2474 726 2592 782 aliis
2624 728 2763 783 inter
2807 729 3137 797 paenitentes
3165 730 3303 796 sint;
3328 729 3539 785 duobus
3581 731 3715 787 item

2117 823 2272 877 annis
2303 814 2455 877 extra
2496 822 2934 877 communionem
2957 822 3010 877 in
3061 823 3309 878 oratione
3347 824 3464 879 sola
3493 826 3716 894 partici-

2117 924 2247 983 pent
2276 914 2495 985 populo.
2541 913 2594 969 Si
2632 914 2721 984 qui
2763 927 2891 967 vero
2939 928 3033 981 per
3082 912 3203 969 ﬁdei
3230 916 3460 985 gratiam
3488 926 3511 953 ο
3535 917 3714 971 vocati

2113 1004 2289 1073 primo
2316 1006 2532 1073 quidem
2562 1007 2917 1061 ostenderunt
2940 1005 3097 1060 fidem
3126 1020 3277 1060 suam
3308 1007 3555 1075 deposito
3580 1008 3718 1062 miti-

2114 1096 2201 1151 tiae
2238 1097 2474 1166 cingulo,
2510 1107 2630 1167 post
2671 1098 2786 1152 hac
2814 1108 2995 1152 autem
3041 1097 3107 1151 ad
3137 1100 3412 1167 preprium
3446 1101 3713 1154 vomitum

2112 1190 2317 1244 reversi
2337 1199 2482 1253 sunt,
2510 1200 2566 1244 ut
2592 1200 2646 1245 et
2675 1192 2925 1259 pecunias
2950 1193 3141 1246 darent
3169 1203 3221 1248 et
3243 1193 3511 1249 ambirent
3532 1196 3715 1250 redire

2112 1302 2327 1341 rursum
2370 1286 2434 1339 ad
2461 1286 2702 1340 militiam
2727 1325 2740 1351 ,
2776 1287 2859 1340 isti
2888 1287 3073 1342 decem
3108 1288 3263 1340 annis
3293 1288 3400 1341 sint
3431 1289 3572 1343 inter
3596 1304 3713 1355 pa:-

2114 1381 2345 1434 nitentcs
2381 1390 2499 1448 post
2524 1380 2754 1445 primum
2780 1378 3070 1434 triennium
3095 1394 3200 1447 quo
3227 1380 3427 1433 fuerint
3452 1381 3595 1433 inter
3622 1395 3715 1435 att-

2113 1472 2323 1527 dientes
2350 1490 2364 1526 :
2394 1472 2463 1524 ab
2492 1472 2739 1525 omnibus
2760 1484 2889 1525 vero
2911 1464 3039 1523 illud
3068 1471 3336 1539 praecipue
3362 1471 3714 1539 observetur,

2115 1572 2172 1617 ut
2204 1564 2417 1616 animus
2455 1578 2643 1617 eorum
2673 1573 2727 1618 et
2770 1562 2974 1617 fructus
3003 1563 3334 1631 paenitentia
3365 1562 3715 1619 observetur.

2114 1656 2431 1724 Quicunque
2451 1656 2595 1710 enim
2625 1670 2745 1709 cum
2768 1655 2914 1709 omni
2943 1654 3132 1708 timore
3160 1662 3216 1708 et
3243 1654 3495 1725 Iacryinis
3527 1670 3714 1725 perse-

2115 1749 2423 1801 verantibus
2462 1758 2515 1802 et
2561 1748 2815 1818 operibus
2860 1748 3017 1802 bonis
3050 1750 3517 1805 conversationem
3557 1765 3715 1807 suam

2035 1813 2084 1871 Β
2116 1854 2222 1891 non
2256 1838 2432 1892 verbis
2474 1813 2627 1903 solis,
2654 1838 2747 1892 sed
2780 1852 2947 1909 opere
2970 1846 3024 1892 et
3052 1839 3277 1894 veritate
3307 1840 3712 1909 demonstrant,

2109 1944 2231 1985 cum
2274 1941 2486 1998 tempus
2512 1939 2771 1984 statutum
2803 1912 2964 1986 citam
3008 1931 3076 1983 ab
3110 1930 3193 1985 his
3232 1929 3395 1986 fuerit
3426 1932 3713 2001 impletum

2108 2033 2162 2077 et
2185 2024 2521 2077 orationibus
2572 2023 2684 2092 jam
2735 2024 3002 2092 coeperint
3032 2024 3466 2089 communicare,
3523 2025 3713 2081 licebit

2108 2117 2363 2183 episcOpo
2385 2115 2543 2168 etiam
2577 2114 2864 2168 humanius
2907 2115 3047 2169 circa
3074 2129 3167 2169 cos
3199 2115 3398 2183 aliquid
3444 2117 3710 2186 cogitare.

2107 2209 2206 2277 Qui
2233 2223 2361 2264 vero
2403 2208 2795 2263 indifferentem
2842 2208 3130 2263 habuerint
3173 2210 3381 2278 lapsum
3426 2225 3609 2273 suum,
3659 2220 3712 2266 et

2106 2301 2361 2357 sufficere
2390 2302 2490 2356 sibi
2521 2302 2661 2370 quod
2695 2301 2981 2356 ecclesiam
3013 2302 3319 2356 introierint
3348 2304 3709 2371 arbitrantur,

2108 2393 2195 2448 lati
2224 2392 2540 2448 omnimodo
2568 2401 2808 2462 tempora
2840 2401 3040 2446 statuta
3074 2393 3440 2460 complebunt.

2240 2487 2355 2542 XII.
2388 2485 2464 2540 De
2493 2488 2941 2540 excommunicatis
2962 2503 2994 2538 a
3022 2486 3209 2540 steculo
3240 2490 3566 2544 exeuntibus.

2184 2581 2257 2634 De
2290 2581 2371 2633 Itis
2402 2596 2528 2634 vero
2556 2580 2645 2649 qui
2670 2580 2924 2634 recedunt
2948 2594 3013 2633 ex
3036 2596 3282 2648 corpore,
3314 2584 3549 2650 antiqua:
3573 2584 3712 2655 legis

2105 2674 2282 2743 regula
2308 2673 2685 2729 observabitur
2707 2674 2870 2727 etiam
2899 2687 3073 2733 nunc;
3099 2672 3169 2726 ita
3196 2684 3252 2727 ut
3271 2675 3315 2728 si
3339 2674 3475 2731 forte
3503 2678 3713 2735 recedit

2103 2784 2171 2822 ex
2199 2784 2454 2836 corpore,
2490 2769 2797 2823 necessario
2826 2770 2946 2821 vitae
2974 2784 3084 2822 sua:
3118 2768 3312 2823 viatico
3345 2784 3451 2822 non
3485 2769 3711 2824 defrau-

2105 2862 2277 2916 detur.
2305 2861 2461 2928 Quod
2478 2863 2523 2915 si
2546 2862 2863 2931 desperatus
2883 2862 3072 2932 aliquis
3091 2870 3305 2933 recepta
3322 2866 3713 2923 communione

2102 2953 2487 3020 supervixerit,
2518 2954 2588 3008 sit
2621 2955 2760 3008 inter
2788 2968 2882 3008 eos
2913 2955 3001 3021 qui
3034 2955 3146 3009 sola
3173 2955 3417 3010 oratione
3448 2973 3711 3012 commu-

2105 3048 2286 3101 nicant
2315 3065 2330 3101 :
2382 3048 2449 3103 de
2478 3048 2560 3102 his
2589 3049 2841 3103 omnibus
2872 3058 3047 3104 tamen
3078 3051 3166 3118 qui
3198 3066 3261 3106 ex
3289 3068 3518 3122 corpore
3548 3070 3710 3111 rece-

2104 3139 2235 3191 dunt
2256 3179 2269 3203 ,
2317 3140 2366 3191 in
2418 3139 2671 3194 tradenda
2702 3139 2781 3195 eis
2808 3142 3183 3198 communione
3212 3159 3341 3199 cura
3370 3155 3423 3201 et
3452 3147 3710 3217 probatio

2108 3229 2177 3282 sit
2205 3229 2481 3299 episcopo.
3476 3304 3489 3333 Ι

2460 3346 2596 3402 ΧΙΙΙ.
2630 3346 2709 3402 De
2745 3349 3116 3405 cates/summis
3160 3352 3339 3425 lapsis.

2174 3458 2381 3513 Placuit
2411 3457 2538 3513 huic
2566 3471 2753 3515 sancto
2783 3470 2837 3514 et
2864 3476 3058 3531 magno
3090 3464 3321 3518 concilio
3352 3465 3420 3520 de
3448 3466 3713 3524 catechu-

2106 3553 2279 3605 menis
2308 3553 2396 3617 qui
2428 3551 2562 3621 lapsi
2590 3563 2745 3618 sunt,
2778 3563 2829 3607 ut
2867 3556 3036 3611 tribus
3064 3557 3218 3611 annis
3248 3559 3388 3613 inter
3416 3561 3711 3621 audientes

2105 3646 2327 3699 verbum
2359 3646 2469 3699 sint
2501 3648 2906 3714 tantummodo;
2941 3658 3059 3717 post
3084 3650 3201 3707 haec
3244 3668 3371 3707 vero
3394 3666 3553 3710 orent
3576 3670 3707 3713 cum

2103 3738 2525 3792 catechttmenis.

2104 3849 2243 3905 XIV.
2280 3851 2358 3927 De
2379 3853 2679 3927 dinconibsts
2708 3872 2771 3907 ne
2811 3856 3115 3926 presbyteris
3137 3874 3323 3927 corpus
3362 3861 3553 3917 Christi
3595 3874 3711 3921 tra-

2320 3924 2464 3989 dant,
2498 3925 2575 3977 vel
2598 3937 2713 3979 ante
2743 3924 3061 3994 presbyteros
3093 3924 3477 3986 communicent.

2175 4031 2425 4087 Pervenit
2450 4033 2515 4087 ad
2544 4046 2786 4091 sanctum
2818 4039 3103 4094 concilium
3132 4044 3273 4110 quod
3320 4045 3373 4099 in
3405 4047 3537 4104 locis
3578 4051 3709 4121 qui-

2108 4124 2332 4179 busdam
2363 4137 2417 4181 et
2439 4127 2745 4185 civitatibus
2768 4134 3095 4204 presbyteris
3120 4150 3453 4195 sacramenta
3483 4143 3704 4204 diaconi

2106 4220 2379 4289 porrigant
2414 4237 2425 4273 :
2460 4220 2560 4274 hoc
2597 4236 2769 4291 neque
2795 4225 2974 4293 regula
3010 4242 3185 4297 neque
3215 4233 3548 4289 consuetudo
3591 4246 3707 4291 tra-

2105 4312 2271 4379 didit,
2328 4325 2381 4367 ut
2406 4313 2457 4368 bi
2488 4316 2578 4385 qui
2608 4315 2866 4371 efferendi
2895 4322 3141 4374 sacrificii
3175 4338 3281 4377 non
3308 4326 3508 4381 habent
3540 4340 3702 4397 pote-

2104 4416 2297 4460 statem
2324 4406 2407 4461 his
2448 4408 2538 4474 qui
2564 4407 2795 4463 oIl‘erunt
2819 4425 3010 4480 corpus
3034 4410 3229 4469 Christi
3261 4420 3557 4488 porrigant.
3590 4422 3705 4479 Sed

2104 4511 2159 4554 et
2187 4500 2313 4555 illud
2362 4501 2593 4556 innotuit
2632 4504 2770 4571 quod
2799 4504 3014 4573 quidam
3058 4507 3311 4564 diacones
3364 4513 3525 4567 etiam
3574 4526 3706 4573 ante

2102 4599 2386 4667 episeopos
2416 4610 2751 4655 sacramenta
2784 4610 3017 4655 sumant.
3050 4603 3176 4658 Haec
3213 4620 3342 4675 ergo
3373 4609 3551 4663 omnia
3584 4626 3707 4666 am-

2104 4698 2375 4758 putentur,
2399 4701 2451 4746 et
2475 4703 2722 4745 maneant
2741 4693 2795 4762 6
2812 4692 3065 4747 diacones
3091 4695 3229 4748 intra
3254 4710 3406 4751 suam
3425 4702 3702 4769 propriam

2096 4795 2402 4855 mensuram
2425 4824 2439 4845 ,
2493 4783 2723 4837 scientes
2752 4783 2875 4851 quia
2905 4785 3279 4854 episc0porum
3326 4791 3540 4859 quidem
3597 4794 3703 4849 mi-

2102 4875 2255 4927 nistri
2314 4882 2479 4940 sunt,
2534 4889 2563 4927 a
2616 4874 2945 4945 presbyteris
2990 4892 3116 4932 vero
3170 4877 3452 4935 inferiores
3505 4895 3630 4940 sunt
3682 4902 3700 4941 :

2100 4969 2363 5036 accipiant
2389 4983 2521 5040 ergo
2552 4970 2845 5023 secundum
2891 4970 3134 5025 ordinem
3182 4983 3299 5040 post
3348 4976 3701 5045 presbyteros

2099 5058 2165 5114 ab
2213 5061 2463 5129 episeopo
2494 5059 2576 5114 vel
2626 5061 2971 5131 presbytero;
3005 5061 3145 5132 quod
3179 5064 3222 5118 si
3272 5081 3376 5120 non
3411 5066 3609 5121 fuerint
3642 5069 3697 5125 in

2100 5155 2348 5222 prazseuti
2383 5152 2464 5207 vel
2495 5155 2777 5222 episcopus
2807 5167 2901 5207 seu
2935 5156 3237 5227 presbyter.
3265 5166 3391 5213 tunc
3425 5160 3538 5229 ipse
3573 5177 3697 5229 pro-

2100 5244 2234 5299 ferat
2260 5256 2310 5300 et
2338 5243 2447 5300 det.
2498 5245 2605 5300 Sed
2634 5261 2700 5299 ne
2728 5246 2915 5300 sedere
2959 5247 3172 5316 quidem
3208 5251 3368 5304 liceat
3413 5252 3465 5305 in
3514 5256 3695 5311 medio

2101 5340 2534 5411 presbyterorum
2584 5340 2837 5395 diacones
2862 5358 2877 5407 ;
2906 5352 3057 5398 extra
3086 5343 3323 5414 regulam
3353 5356 3435 5400 est
3465 5348 3606 5403 enim
3637 5361 3695 5406 et

2100 5442 2244 5487 extra
2276 5433 2519 5488 ordinem
2564 5442 2622 5487 ut
2656 5433 2753 5488 hoc
2782 5432 2876 5489 ﬁat
2926 5453 2938 5487 :
2970 5436 3013 5489 si
3047 5438 3166 5506 quis
3212 5447 3388 5492 autem
3432 5454 3536 5495 non
3577 5445 3696 5498 vult

2099 5524 2180 5578 his
2200 5526 2469 5582 sufficiens
2492 5541 2637 5595 esse,
2666 5535 2788 5597 post
2820 5528 2956 5583 hanc
2977 5528 3341 5586 definitionem
3362 5545 3537 5589 cesset
3566 5549 3695 5593 esse

2096 5615 2372 5673 diaconus.

2168 5729 2192 5769 δ
2218 5732 2280 5788 Τ.
2320 5732 2366 5801 l,
2396 5734 2454 5801 ἓ,
2487 5735 2575 5801 U.,
2606 5737 2951 5801 deponantur.

2169 5810 2193 5841 ⁸
2225 5778 2525 5876 ΞΕ.ζέἶέιῖ
2870 5778 2919 5875 ,’
2935 5778 3025 5881 per
3041 5809 3137 5867 Dei
3151 5809 3388 5884 gratim.
