3882 6334
184 364 242 431 97
1194 339 1603 409 caecorum
1638 336 1988 401 CONCILIA.
2030 365 2103 380 -
2142 327 2504 431 siccavit.
2775 418 2788 431 .
3046 416 3061 430 ο
3215 410 3230 431 θ
3271 414 3285 427 ο
3416 320 3506 431 'ss

234 461 345 522 ΧΥ.
382 458 456 514 De
492 454 697 513 clericis
732 460 925 508 tentare
951 449 1015 503 ab
1043 448 1258 504 ecclesia
1296 440 1649 500 recedentibus
1678 446 1729 491 ⁸.

247 556 469 627 Propter
505 552 708 607 multas
753 543 1190 617 perturbationes
1236 547 1291 594 et
1332 538 1646 606 trequentes
1694 539 1789 627 ωτ-

184 620 373 711 tuultus
395 645 727 705 seditionum
741 657 862 711 quae
875 637 986 694 lleri
1004 635 1175 691 solent
1187 674 1203 700 ,
1220 631 1420 701 placuit
1432 625 1747 683 omnimodo
1762 620 1787 658 δ

184 744 375 801 abscidi
425 742 583 795 istam
634 733 1084 793 consuetudinem
1140 743 1261 797 qua:
1308 732 1498 779 contra
1546 719 1789 789 regulam

184 854 274 900 εει.
304 841 347 891 si
376 836 462 889 ubi
490 844 673 888 tamen
698 832 778 896 tlt,
806 828 860 883 id
881 836 965 881 est
995 839 1061 879 ne
1084 822 1151 876 de
1174 820 1392 875 civitate
1416 815 1483 869 ad
1513 813 1789 868 civitatem

187 936 413 986 transeat
443 927 530 981 vel
561 926 852 995 episcopus
880 918 963 973 vel
996 917 1281 986 presbyter
1303 910 1387 964 vel
1414 908 1699 962 diaconus.
1734 901 1790 957 Si

184 1024 293 1091 quis
324 1035 453 1074 vero
489 994 613 1086 post
652 1014 772 1069 hac
807 1021 1002 1066 statuta
1044 1007 1219 1063 sancti
1256 1003 1414 1072 hujus
1445 994 1660 1054 concilii
1687 995 1795 1049 tale

186 1116 379 1184 aliquid
410 1112 614 1165 audere
646 1104 956 1169 tentaverit,
989 1102 1312 1169 iniringetur
1344 1106 1366 1134 ε
1415 1093 1562 1148 omni
1593 1100 1795 1159 genere

187 1180 550 1277 hujuscemodi
574 1210 824 1265 conatus,
850 1209 904 1253 et
927 1194 1243 1252 reStituetttr
1266 1187 1500 1259 propria:
1526 1180 1794 1239 Ecclesia:

187 1303 238 1360 iu
267 1315 369 1368 qua
400 1298 683 1354 ordinatus
713 1303 815 1348 est.

190 1366 319 1453 XVI.
350 1393 427 1447 De
458 1386 767 1461 presbyteris
807 1391 855 1461 et
877 1380 1205 1461 diaconibus
1251 1376 1331 1461 vel
1358 1372 1561 1427 clericis
1590 1369 1680 1441 qui
1726 1366 1796 1420 ad

635 1458 767 1511 alios
794 1454 1019 1507 ciuitates
1047 1457 1334 1504 transeunt.

253 1558 307 1613 Si
337 1553 428 1625 qui
460 1565 592 1607 vero
612 1550 732 1604 sine
758 1554 1009 1614 respectu
1043 1541 1137 1596 Dei
1183 1548 1408 1608 agentes
1433 1546 1489 1591 et
1540 1533 1794 1587 timorem

191 1648 281 1703 Dei
323 1624 450 1699 ante
495 1641 682 1697 oculos
713 1652 820 1693 non
866 1635 1158 1696 habentes,
1213 1645 1389 1699 neque
1429 1624 1797 1683 ecclesiastica

192 1746 382 1797 statuta
413 1733 804 1798 custodientes,
830 1727 1154 1785 recesserint
1177 1725 1245 1779 ab
1265 1722 1511 1779 Ecclesia
1541 1734 1659 1784 sua,
1685 1718 1800 1771 sive

196 1832 558 1903 prcsbyteres,
600 1824 715 1879 sive
743 1825 1031 1884 diacones,
1072 1820 1155 1873 vel
1187 1818 1238 1870 in
1269 1827 1592 1885 quocunque
1621 1810 1797 1864 eccle-
1832 1802 1879 1864 Β

194 1898 405 1978 stastico
438 1918 634 1974 ordine
661 1916 823 1986 positi
854 1913 1089 1977 iuerint,
1126 1924 1232 1963 non
1264 1906 1464 1959 debent
1502 1900 1701 1969 suscipi
1745 1898 1799 1953 in

196 2017 416 2073 ecclesia
450 2014 583 2075 alia,
620 2010 713 2065 sed
743 2018 798 2061 et
828 2024 950 2063 cum
984 2003 1134 2058 omni
1163 2001 1489 2057 necessitate
1537 2001 1803 2062 cogantur

201 2111 496 2164 utredeant
536 2110 602 2162 ad
654 2105 927 2162 Ecclesiae.
956 2116 1116 2166 suas;
1148 2113 1241 2154 aut
1290 2097 1333 2151 si
1368 2090 1801 2164 permanserint,

202 2201 644 2257 excommunicari
674 2206 911 2268 oportet.

200 2293 352 2351 XVII.
398 2293 474 2346 Dc
508 2289 921 2365 clericisialienis
953 2282 1415 2365 sine_co_nniveutia
1450 2274 1808 2365 prapriivepi-

268 2370 401 2435 scopi
425 2365 450 2403 ιι
482 2366 545 2417 ab
578 2351 684 2416 alio
716 2364 770 2415 in
802 2376 945 2415 suam
974 2358 1241 2412 ecclesiam
1268 2371 1370 2409 non
1404 2351 1730 2403 ordinandis.

273 2458 324 2513 Si
354 2459 475 2528 quis
498 2470 661 2511 ausus
684 2456 844 2509 fuerit
872 2453 1106 2517 aliquem
1138 2449 1227 2519 qui
1260 2449 1325 2501 ad
1366 2446 1597 2500 alterum
1644 2440 1807 2509 perti-

209 2562 294 2607 net
319 2551 569 2604 ordinare
603 2550 654 2602 in
687 2563 786 2603 sua
820 2544 1096 2609 Ecclesia,
1128 2557 1248 2597 cum
1283 2554 1387 2593 non
1431 2536 1625 2589 habeat
1673 2546 1807 2585 con-

210 2658 415 2698 sensum
446 2640 691 2710 episcopi
726 2639 895 2708 ipsius
924 2646 947 2674 ⁶
981 2651 1010 2688 a
1039 2650 1146 2704 quo
1177 2630 1398 2687 recessit
1426 2626 1689 2689 clericus,
1736 2623 1811 2678 ir-

212 2734 301 2787 rita
331 2734 400 2787 sit
422 2731 734 2801 huiusmodi
758 2727 1051 2785 ordinatio.

212 2822 389 2878 XVIII.
433 2822 511 2876 De
553 2824 753 2878 clericis
780 2836 994 2941 usuraizt
1023 2826 1113 2870 aut
1142 2814 1528 2885 ampliationem
1554 2807 1813 2876 accipien-

918 2902 954 2941 ιι
995 2907 1077 2941 ιιδ.

918 2902 1077 2943 tibus.

275 2986 539 3055 Quoniam
564 2984 716 3037 tntilli
749 2981 929 3036 clerici
953 2979 1191 3033 avaritiae
1222 2989 1382 3031 causa
1408 2974 1583 3043 turpia
1614 2972 1763 3028 lucra
1788 2967 1808 3008 ί

212 3088 498 3141 sectantes,
532 3075 685 3131 obliti
706 3082 833 3129 sunt
860 3069 1303 3148 divini‘praecepti
1327 3084 1433 3138 quo
1454 3067 1659 3121 dictum
1684 3074 1769 3120 est
1796 3082 1811 3120 :

1822 438 1876 496 Α
1901 431 2133 501 aliquam
2164 427 2363 484 habent
2389 468 2402 491 ,
2449 423 2521 477 ita
2554 427 2614 476 ut
2642 418 2789 474 omni
2818 430 3020 489 genere
3046 416 3190 473 inter
3215 410 3383 471 Iaicas
3415 414 3510 469 Ita-

1895 524 2122 579 heantur
2148 538 2161 576 :
2186 520 2437 577 similiter
2458 525 2640 571 autem
2670 513 2992 567 diaconissm
3016 525 3138 581 quas
3161 510 3213 565 in
3241 508 3512 565 catholico

1893 631 2102 673 canone
2154 630 2261 670 non
2320 611 2609 675 habentur,
2641 607 2803 663 simili
2854 607 2994 669 loco,
3020 604 3074 661 id
3117 613 3223 673 est,
3258 603 3410 660 laicz
3457 611 3514 661 et

1895 720 2149 780 tanquam
2177 723 2283 761 non
2322 712 2657 780 consecrata:
2684 702 3029 772 deputentur.

1894 800 2013 859 XX.
2044 803 2121 858 De
2151 801 2329 857 diebus
2352 798 2624 855 dominicis
2654 807 2701 851 et
2738 794 3040 849 Pentecoste
3065 792 3078 843 l
3115 802 3172 846 sit
3199 792 3352 847 meis
3371 800 3516 847 stats-

2539 879 2613 925 tes
2643 883 2873 923 ογεπιιω.

1970 969 2236 1036 Quoniam
2270 974 2397 1020 sunt
2428 964 2479 1019 in
2512 963 2600 1019 die
2626 960 2897 1017 dominica
2927 958 3151 1029 quidam
3199 956 3265 1011 ad
3314 964 3516 1011 oratio-

1898 1076 2021 1116 nem
2051 1074 2223 1129 genua
2259 1058 2538 1112 ﬂectentes
2567 1064 2619 1109 et
2649 1054 2703 1108 in
2728 1052 2919 1106 diebus
2951 1049 3325 1115 Pentecostes,
3357 1058 3519 1115 prop-

1900 1165 2044 1211 terea
2077 1164 2159 1210 est
2191 1154 2372 1222 itaque
2406 1149 2759 1207 constitutum
2798 1161 2830 1200 a
2862 1153 3046 1199 sancta
3080 1141 3292 1214 synodo
3316 1179 3334 1208 ,
3385 1150 3521 1208 quo-

1901 1253 2043 1303 niam
2071 1260 2378 1303 consonans
2407 1254 2461 1300 et
2508 1242 2844 1298 conveniens
2890 1255 2985 1310 per
3011 1250 3205 1293 omnes
3246 1231 3520 1289 Ecclesiae

1898 1342 2252 1398 custodienda
2312 1338 2647 1395 consuetudo
2705 1345 2809 1403 est,
2860 1342 2919 1388 ut
2962 1340 3171 1389 stantes
3219 1313 3290 1383 a’d
3320 1324 3523 1384 oratio-

1902 1450 2027 1489 nem
2054 1431 2077 1469 ι
2114 1432 2343 1487 Domino
2371 1442 2493 1487 veta
2524 1428 2831 1485 reddamus.

2398 1518 2777 1578 SYMBOLUM
2823 1515 3029 1571 FIDEI.

1904 1618 2156 1693 Ejusdem
2214 1615 2420 1671 Νίσιεηὶ
2469 1612 2646 1693 magni
2674 1610 2904 1693 _cOttcitii
2932 1625 2964 1661 a
2991 1604 3229 1661 trecentis
3259 1602 3436 1658 decem
3480 1607 3527 1657 et

2390 1694 2502 1740 octo
2535 1682 2780 1737 Patribus
2822 1682 3041 1735 editum.

1980 1782 2268 1837 Credimus
2298 1781 2351 1835 in
2381 1794 2546 1833 unum
2600 1776 2770 1831 Deum
2812 1773 3028 1827 Patrem
3062 1770 3525 1838 omnipotentem,

1906 1877 2149 1931 omnium
2184 1872 2476 1928 visibilium
2505 1881 2559 1925 et
2584 1867 2936 1924 invisibilium
2960 1864 3298 1919 conditorem
3343 1879 3357 1915 :
3390 1869 3445 1916 et
3472 1859 3528 1915 in

1909 1984 2071 2023 unum
2106 1968 2394 2021 Dominum
2452 1973 2697 2018 nostrum
2731 1961 2918 2017 Jesum
2961 1957 3276 2021 Christum,
3331 1955 3527 2009 Filium

1912 2061 2030 2124 Dei,
2065 2070 2247 2113 natum
2276 2057 2345 2113 de
2369 2057 2532 2111 Patre
2555 2054 2915 2124 unigenitum,
2948 2051 3051 2105 hoc
3077 2058 3160 2104 est
3183 2048 3252 2102 de
3281 2048 3532 2102 substan-

1908 2152 1981 2205 tia
2016 2150 2217 2220 Patris,
2251 2149 2421 2203 Deum
2452 2148 2521 2204 de
2567 2148 2698 2211 Deo,
2752 2146 2936 2201 lumen
2960 2144 3029 2198 de
3059 2143 3263 2197 lumine
3291 2186 3304 2210 ,
3359 2140 3530 2195 Deum

1909 2258 2098 2297 verum
2130 2242 2199 2296 de
2225 2242 2337 2297 Deo
2367 2254 2519 2304 vero,
2549 2250 2756 2303 natum,
2785 2253 2891 2293 non
2927 2237 3152 2299 factum,
3177 2234 3534 2289 consubstan-

1912 2336 2079 2389 tivum
2119 2331 2133 2371 ι
2199 2333 2367 2398 Patri,
2422 2332 2471 2386 id
2504 2342 2588 2386 est
2636 2331 2796 2385 unius
2840 2327 3159 2383 substantiae
3188 2342 3308 2381 cunt
3341 2325 3532 2391 Patre,

1913 2427 2059 2498 quod
2089 2426 2266 2481 Grmci
2300 2424 2629 2481 homousion
2661 2423 2883 2488 dicunt,
2916 2423 2972 2493 8
3018 2435 3113 2489 per
3141 2434 3300 2488 quem
3352 2417 3535 2473 omnia

1912 2519 2051 2575 facta
2078 2527 2205 2574 sunt
2229 2534 2348 2589 qua:
2377 2518 2431 2571 in
2460 2519 2600 2572 caelo
2626 2526 2663 2552 ω
2694 2526 2753 2570 et
2772 2530 2891 2585 quae
2919 2514 2973 2567 in
3000 2524 3165 2577 terra;
3194 2513 3284 2581 qui
3316 2520 3536 2580 propter

1913 2629 2015 2669 nos
2032 2612 2279 2668 homines
2310 2621 2336 2647 υ
2368 2620 2423 2665 et
2454 2621 2673 2681 prOpter
2706 2618 2948 2664 nostram
2973 2608 3204 2662 salutem
3230 2604 3533 2670 descendit,

1915 2707 2229 2762 incarnatus
2259 2714 2365 2771 est,
2399 2716 2558 2777 atque
2588 2706 2751 2758 homo
2783 2702 2955 2757 factus
2979 2745 2993 2769 ,
3044 2716 3257 2771 passus,
3294 2711 3539 2755 mortuus

1918 2811 2022 2867 est;
2052 2800 2352 2855 resurrexit
2379 2800 2535 2854 tertia
2569 2798 2696 2863 die;
2731 2798 2977 2852 ascendit
3017 2796 3070 2850 itt
3104 2798 3298 2860 oculos,
3351 2802 3540 2849 ventu-

1920 2907 2011 2946 rus
2036 2891 2284 2960 judicare
2312 2890 2467 2943 vivos
2496 2900 2549 2942 et
2581 2898 2828 2942 mortuos
2862 2906 2875 2939 :
2908 2897 2960 2941 et
3016 2886 3065 2940 in
3114 2886 3379 2955 Spiritum
3411 2898 3541 2938 san-

1920 2989 2095 3033 ctum.
2131 2978 2238 3032 Eos
2274 2988 2454 3034 autem
2487 2977 2578 3045 qui
2604 2978 2792 3031 dicunt
2819 2992 2835 3029 ;
2865 2974 3222 3045 eratquando
3252 2988 3357 3029 non
3400 2980 3539 3037 erat,

1920 3082 1978 3127 et
2009 3082 2298 3141 antequam
2335 3078 2656 3125 nasceretur
2686 3084 2793 3122 non
2823 3078 2939 3122 erat
2960 3112 2973 3136 ,
3008 3077 3062 3121 et
3091 3068 3234 3136 quod
3277 3080 3344 3122 ex
3380 3065 3544 3120 nullis

216 3169 313 3237 Qui
363 3170 633 3238 pecuniam
662 3182 810 3220 suam
834 3181 934 3219 non
968 3164 1109 3216 dedit
1129 3163 1196 3217 ad
1225 3177 1435 3216 usuram
1455 3205 1470 3224 ,
1504 3158 1805 3214 fenerantet

1982 3164 2270 3220 astantibus
2298 3162 2472 3219 factus
2524 3172 2647 3227 est,
2683 3171 2775 3215 aut
2802 3177 2865 3215 ex
2898 3161 3076 3229 aliqua
3107 3158 3408 3214 substantia
3458 3156 3545 3212 vel

216 3264 535 3318 oetttesimas
562 3260 809 3330 exigunt,
836 3258 1024 3312 statuit
1048 3256 1149 3310 hoc
1177 3262 1423 3310 sanctum
1446 3250 1741 3307 concilium
1793 3263 1810 3306 :

214 3352 257 3407 si
310 3354 431 3423 quis
484 3352 733 3406 inventus
781 3349 940 3403 fuerit
988 3356 1111 3419 post
1152 3346 1290 3401 hanc
1337 3345 1709 3400 deﬁnitionem
1761 3342 1811 3413 7

217 3461 423 3502 usuram
461 3444 736 3514 accipere,
770 3444 849 3497 vel
880 3457 945 3496 ex
978 3439 1220 3511 quolibet
1250 3438 1341 3492 tali
1374 3437 1588 3505 negotio
1640 3434 1816 3501 turpia

215 3539 355 3593 lucra
408 3540 604 3593 seetari
636 3576 651 3601 ,
708 3536 793 3589 vel
840 3535 999 3588 etiam
1049 3534 1257 3600 species
1304 3530 1696 3585 frumentorum
1750 3527 1816 3580 ad

222 3634 527 3703 sescuplum
556 3632 720 3695 dare;
763 3627 940 3682 omnis
969 3626 1060 3695 qui
1095 3624 1199 3678 tale
1230 3621 1429 3688 aliquid
1477 3629 1819 3675 commentus

227 3724 383 3780 fuerit
413 3723 479 3777 ad
503 3730 796 3792 quaestum,
826 3718 1105 3789 dejicietur
1136 3732 1199 3771 ex
1232 3715 1398 3780 clero,
1432 3723 1484 3768 et
1516 3714 1728 3768 alienus
1753 3712 1820 3768 ab

221 3816 582 3873 ecclesiastico
609 3814 875 3869 habeatur
902 3812 1092 3882 gradu.

257 3910 395 3966 XIX.
429 3910 507 3963 De
534 3908 877 3963 Pautianistis
902 3916 951 3959 et
992 3905 1340 3974 Cataphrygis
1378 3901 1783 3971 rebaptizandis.

290 4003 347 4058 Si
402 4002 522 4071 quis
566 3998 871 4068 confugerit
920 3998 986 4051 ad
1042 3996 1337 4051 Ecclesium
1386 3996 1711 4052 catholicam
1756 3994 1825 4049 de

226 4095 560 4153 Paulianistis
586 4103 642 4149 et
671 4092 1028 4162 Cataphrygis
1054 4100 1079 4137 ε
1105 4130 1120 4157 ,
1163 4100 1421 4144 statutum
1469 4092 1539 4143 sit
1580 4087 1824 4157 rebapti-

227 4192 330 4243 zari
358 4187 383 4227 δ
411 4202 506 4243 eos
527 4188 838 4243 omnimodo
863 4186 1083 4240 debere.
1108 4185 1163 4238 Si
1188 4185 1275 4253 qui
1302 4200 1430 4237 vero
1454 4183 1640 4238 clerici
1669 4190 1825 4237 erant

231 4282 366 4352 apud
392 4296 522 4344 eos,
554 4278 823 4348 siquidem
855 4276 1110 4345 iucttlpati
1154 4272 1356 4329 fuerint
1382 4284 1434 4329 et
1482 4274 1828 4343 irrcprehen-

227 4374 426 4437 sihites,
474 4369 788 4438 rebaptizati
820 4383 1007 4423 rursus
1044 4368 1206 4421 etiam
1235 4365 1552 4421 ordinentur
1599 4365 1667 4419 ab
1716 4365 1830 4435 epi-

230 4482 388 4536 scopo
419 4465 674 4519 Ecclesia:
722 4462 1042 4526 catholicae;
1095 4462 1139 4515 si
1167 4475 1298 4515 vero
1325 4461 1614 4515 examinati
1648 4461 1830 4515 minus

1924 3269 2135 3322 natura,
2153 3273 2277 3313 eum
2291 3259 2535 3313 dicentes
2552 3269 2673 3309 esse
2697 3254 3016 3308 mutabilem
3038 3262 3092 3307 et
3107 3250 3543 3317 convertibilem,

1925 3351 2120 3406 Filium
2151 3350 2245 3406 Dei
2290 3348 2656 3419 perltibentlo;
2712 3350 2810 3401 hos
2866 3346 3285 3401 anatltetnatizat
3313 3355 3367 3400 et
3408 3359 3541 3400 con-

1925 3445 2145 3499 demnat
2172 3443 2437 3497 catholica
2466 3452 2521 3495 et
2553 3440 2847 3510 apostolica
2882 3421 3149 3493 Ecclesia.

2001 3536 2125 3589 Haec
2148 3544 2231 3590 est
2256 3534 2391 3588 tides
2416 3548 2574 3601 quam
2618 3542 2995 3601 exposuerunt
3040 3532 3229 3585 Patres
3260 3548 3273 3583 :
3314 3531 3543 3597 primum

1927 3627 2146 3698 quidem
2182 3627 2441 3681 adversus
2474 3627 2660 3680 Arium
2687 3625 3067 3693 blaSphcmum
3093 3624 3362 3679 dicentem
3396 3637 3547 3679 crea-

1930 3734 2103 3778 turattt
2133 3738 2257 3777 esse
2281 3720 2476 3776 Filium
2506 3720 2595 3773 Dei
2627 3738 2639 3772 :
2676 3732 2727 3773 et
2753 3720 3011 3772 adversus
3034 3733 3254 3773 omnem
3284 3719 3547 3773 heresem

1928 3815 2181 3880 Sabellii,
2210 3815 2425 3868 Photini
2447 3858 2461 3882 ,
2492 3812 2641 3868 Pauli
2690 3812 3055 3877 Samosate'ni,
3089 3812 3370 3866 blanichtei
3392 3855 3406 3879 ,
3446 3811 3547 3865 Va-

1931 3907 2142 3969 lentini,
2168 3906 2481 3969 Marcionis,
2503 3916 2557 3959 et
2584 3903 2845 3959 adversus
2875 3919 3089 3959 omnem
3115 3904 3338 3959 omnino
3370 3901 3550 3957 bare-

1931 4016 2069 4066 setn,
2096 4000 2139 4054 si
2164 4016 2265 4069 qua
2297 3999 2651 4055 insurrexerit
2680 4008 2868 4054 contra
2893 3999 3213 4055 catholicam
3244 4008 3299 4053 et
3326 4005 3551 4067 aposto-

1932 4094 2089 4149 licam
2116 4095 2412 4149 Ecclesiam
2439 4109 2454 4148 :
2481 4110 2612 4165 quas
2636 4110 2827 4150 omnes
2854 4096 3288 4149 condemnarunt
3314 4091 3547 4146 Nicmant

1933 4186 2242 4259 congregati
2291 4187 2528 4257 episcopi
2574 4190 2801 4244 trecenti
2848 4190 3036 4244 decem
3076 4195 3130 4242 et
3159 4197 3281 4241 octo
3314 4200 3543 4255 quorum

1937 4284 2151 4337 nomina
2184 4292 2239 4337 et
2271 4283 2565 4353 provinciae
2597 4285 2921 4353 conscriptae
2971 4293 3096 4338 sunt
3124 4300 3135 4334 :
3179 4281 3273 4335 sed
3307 4278 3550 4351 plerique

1935 4376 2160 4429 Studiosi
2185 4376 2328 4429 servi
2364 4376 2455 4429 Dei
2482 4376 2652 4445 magis
2683 4391 2865 4429 curam
2884 4384 3169 4443 gesserunt
3196 4374 3549 4427 Orientalium

1937 4471 2313 4540 episcoporum
2348 4470 2566 4523 nomina
2616 4469 2955 4532 describere,
3006 4477 3228 4535 pronter
3260 4467 3363 4520 hoc
3408 4466 3551 4536 quod

231 4562 330 4625 διιιί
367 4556 559 4611 fuerit"
590 4554 905 4625 τθντθιιεηεί
937 4555 983 4618 ⁸-
1029 4556 1225 4623 deponi
1250 4571 1343 4609 eos
1366 4564 1586 4624 oportet
1633 4573 1647 4605 ι
1680 4555 1827 4608 simi-
1861 4553 1911 4612 D
1941 4563 2208 4617 Occidens
2241 4575 2349 4615 non
2392 4560 2643 4615 similiter
2686 4559 3089 4629 inquisitionem
3138 4557 3206 4612 dc
3258 4557 3557 4613 lueresibus

229 4648 346 4704 liter
374 4659 553 4702 autent
578 4649 721 4703 circa
750 4647 1035 4711 diaconos,
1069 4658 1121 4702 et
1154 4648 1220 4703 de
1254 4648 1506 4703 omnibus
1534 4650 1622 4719 qui
1649 4651 1702 4703 itt
1730 4664 1828 4705 eo-

232 4742 345 4795 dem
424 4743 572 4796 clero
624 4741 971 4794 inveniuntur
1014 4741 1202 4795 eadem
1265 4742 1436 4797 forma
1497 4744 1826 4799 servabitur.

231 4832 787 4887 Commemorabimus
837 4844 1012 4889 autem
1068 4833 1400 4891 diaconissas
1449 4852 1567 4907 quae
1623 4838 1675 4891 itt
1729 4839 1832 4894 hoc

232 4930 418 4982 ordine
452 4930 682 4984 inventa:
713 4938 868 4995 sunt,
916 4947 1037 4999 qua:
1072 4946 1169 4986 nec
1203 4947 1393 4987 manus
1426 4934 1826 5001 impositionem

299 5078 324 5105 ι
350 5068 443 5133 U.,
468 5070 530 5123 ab
561 5072 773 5123 ecclesia
803 5070 878 5125 vel
907 5088 939 5123 a
967 5073 1167 5126 civitate
1196 5089 1290 5125 suo
1313 5074 1687 5131 recedentibus.

298 5140 322 5177 ³³
350 5140 392 5195 U
406 5182 413 5189 .
428 5185 443 5204 ,
476 5144 707 5195 omnino.

302 5221 322 5248 ε
358 5209 452 5284 U_.,
480 5213 829 5267 annutabitur.
863 5213 954 5283 G.,
988 5215 1325 5284 infringatur.

298 5283 322 5317 δ
356 5280 476 5353 λξέη
507 5285 591 5337 sui
620 5286 865 5353 episcopi.

302 5362 324 5388 °
352 5351 467 5420 RL,
507 5351 733 5419 episcopi
764 5351 862 5410 sui.

305 5421 322 5461 ί
363 5423 449 5489 U.,
488 5434 639 5490 turpe
667 5427 893 5481 lucrum.

305 5503 326 5571 ξ
458 5495 512 5571 5)
540 5496 683 5571 ΤΛ,
715 5496 1145 5571 Catapttrygibus.

303 5562 332 5600 λ
364 5566 427 5620 υ.
440 5607 452 5629 ,
482 5569 755 5633 baptizari.

314 5634 327 5672 ί
362 5637 453 5699 U..
485 5640 813 5705 deprehensi.

278 5714 324 5789 ἰ
363 5708 418 5762 lu
449 5710 1173 5789 (indicibus-.JPentecosten,
1206 5730 1328 5771 cum
1378 5716 1480 5773 hoc
1512 5732 1709 5775 nomen
1741 5733 1845 5777 ste-

245 5782 356 5849 ,iius
382 5790 438 5832 ut
459 5782 839 5839 indeclinabile
870 5788 1115 5840 reddant.

313 5850 334 5887 ι
368 5850 433 5906 Τ.
457 5852 511 5921 2,
535 5864 725 5910 stantes
750 5855 804 5911 in
833 5858 1131 5912 orationem.

1944 4652 2196 4711 habuerit
2226 4662 2274 4708 ο.

2017 4763 2043 4801 P
2079 4754 2141 4807 Et
2169 4749 2609 4820 subscripserunt
2654 4748 2881 4804 trecenti
2910 4748 3099 4803 decem
3127 4754 3181 4803 et
3209 4756 3332 4802 octo
3366 4744 3553 4799 Patres

1943 4848 2032 4918 qui
2065 4849 2116 4900 in
2140 4845 2332 4899 eodem
2365 4842 2593 4897 Concilio
2624 4851 3013 4896 convenerant.

2016 4939 2176 4995 Osius
2226 4936 2516 5006 episcopus
2571 4935 2805 4990 civitatis
2849 4932 3218 4989 Cordubensis
3265 4929 3557 5002 provinciis

2022 5078 2036 5117 ι
2074 5077 2138 5133 Τ.
2169 5076 2227 5141 2,
2260 5075 2775 5131 consubstantialem.

2016 5162 2055 5188 ω
2080 5150 2143 5204 Τ.
2182 5151 2230 5211 Ι,
2256 5149 2311 5211 ‘2,
2348 5152 2400 5203 in
2430 5150 2587 5200 cwlis.

2016 5232 2041 5258 τ’
2073 5222 2189 5284 ΑΞ..
2228 5221 2285 5274 Ε.
2316 5221 2369 5280 5,
2396 5220 2459 5273 Τ.
2496 5222 2548 5283 1,
2586 5217 2642 5281 2,
2674 5233 2881 5292 prapter
2908 5218 3165 5292 homines.

2019 5306 2043 5330 υ
2078 5293 2403 5347 Scribuntur
2433 5292 2535 5345 hoc
2568 5292 2686 5345 loco
2734 5286 2785 5346 in
2811 5289 3062 5347 omnibus
3094 5286 3384 5342 Codicibus
3418 5302 3556 5357 pra:-

1948 5376 2029 5420 ter
2064 5366 2434 5432 Urgelitanum
2464 5382 2517 5416 et
2541 5362 2953 5418 Gerundensem
2982 5362 3160 5432 verba"
3198 5359 3313 5413 haec
3348 5359 3559 5432 etdsub-

1945 5430 2271 5505 scriptiones,
2289 5450 2352 5489 ac
2382 5435 2722 5503 poshnndum
2748 5434 2908 5489 Fides
2930 5433 3096 5505 sancti
3120 5430 3360 5500 Gregorii
3387 5430 3561 5505 Majo-

1946 5493 2062 5571 ris,'
2089 5493 2347 5573 quztm'ad
2384 5493 2860 5573 opportuniorem,
2901 5493 3030 5570 ipsib
3097 5493 3275 5558 autem
3318 5493 3556 5557 subseri-

1950 5580 2223 5651 pti0nibus
2246 5584 2601 5651 posteriorem
2635 5579 2808 5631 locum
2846 5577 3261 5651 transmisimus.

2027 5669 2056 5704 ρ
2084 5648 2521 5717 ὃυὺερὲίριὶιιιιθε
2566 5652 2984 5717 episcoporum,
3040 5651 3130 5717 qui
3191 5648 3316 5699 huic
3366 5658 3563 5717 magno

1956 5723 2236 5778 adlueruut
2266 5716 2515 5785 concilio,
2550 5716 2613 5774 in
2640 5721 2905 5790 plerisque
2932 5716 3224 5775 Codicibus
3248 5716 3565 5790 desidera_n-

1960 5807 2078 5849 tur:
2114 5794 2377 5861 plurimas
2406 5807 2533 5846 veru
2567 5787 2972 5861 iu’Urgelitattn
3015 5790 3215 5844 Codice
3262 5790 3441 5853 legere
3488 5787 3565 5839 fas

1961 5876 2067 5934 est,
2101 5880 2235 5935 quas
2268 5867 2588 5933 depravatas
2621 5864 2747 5920 licet
2791 5875 2955 5934 atque
2983 5878 3013 5918 a
3046 5874 3193 5917 recta
3219 5861 3451 5917 lectione
3479 5871 3561 5913 re-
