3882 6332
165 398 240 451 let
1114 373 1524 435 GRECORUM
1566 363 1909 429 CONCELIA.
1950 400 2021 409 —
2059 365 2417 425 NICENUM.
3340 360 3443 420 {02

160 514 320 570 Chaos.
352 539 413 551 —
443 506 769 576 Strathegus
826 500 1055 556 Lemnii.
1104 527 1169 537 —
1200 493 1559 565 Apollodorus
1600 486 1731 544 Cor-

1888 486 2085 553 eapoli.
2142 516 2212 525 —-
2238 484 2541 539 Aliocrates
2562 483 2631 540 de
2661 482 2952 554 Carpocra.
2986 510 3053 523 -—
3107 481 3345 537 Marinus
3374 484 3447 541 de

1832 580 2161 636 Sarabastia.
2211 611 2283 623 —
2314 581 2594 652 Philippus
2642 581 2709 635 de
2758 580 3139 637 Paniseistioo.
3173 611 3243 621 —
3274 580 3444 635 Gala-

1832 688 1931 726 nus
1984 672 2052 728 de
2096 673 2341 729 Sibaste.
2390 703 2462 716 —
2491 675 2846 729 Adamantius
2893 674 2962 729 de
2986 672 3446 743 Canoipotanion.

1835 793 1904 805 —-
1940 766 2205 822 Eusebius
2228 767 2296 821 de
2324 766 2595 823 Caesarea.
2632 797 2703 808 —
2750 809 2761 821 .
3072 768 3141 823 de
3174 768 3446 825 Heraclia.

160 621 300 677 ενι-αδ.

656 688 948 745 Prouincia:
990 684 1183 741 Caria.

216 790 446 844 Eusebius
507 784 911 839 Antiuchenus.
960 809 1030 820 —
1084 774 1403 831 Emmonius
1460 767 1727 838 Aphrodi-

159 888 259 940 sios.
292 912 337 923 -ρ
372 880 643 936 Laetodius
694 877 995 931 Cihiratou.
1047 900 1117 912 ——
1148 868 1412 924 Eusebius
1466 866 1725 919 Miautou.
1833 890 1903 899 —
1951 860 2222 916 Suahinus
2251 862 2318 916 de
2366 858 2603 915 Gallara.
2658 892 2725 901 —-
2758 862 3066 916 Dorotheus
3114 863 3181 917 de
3214 861 3451 919 Pelusio.

634 968 928 1023 Prouincia:
973 962 1222 1019 Isauria.

1884 983 1905 991 -
1957 952 2231 1022 Longinus
2279 953 2347 1006 de
2396 953 2704 1008 Escalonia.
2765 982 2831 993 —
2884 952 3053 1008 Galus
3076 954 3145 1007 de
3193 954 3445 1009 Tesetiia.

213 1069 488 1133 Stephanus
546 1064 811 1118 Baraton.
863 1088 935 1100 —-
978 1060 1256 1113 Atheoeus
1315 1050 1598 1119 Curpissii.
1659 1078 1730 1090 —-
1835 1076 1904 1087 -—
1952 1046 2139 1101 Petrus
2200 1047 2267 1102 do
2317 1046 2585 1116 Nicopoli.
2642 1076 2711 1089 —
2768 1047 3021 1102 Tiberius
3070 1048 3141 1103 de
3196 1049 3452 1103 Tuucica.

1838 1143 2107 1199 Macrinus
2131 1144 2200 1198 de
2227 1142 2463 1199 Jamnia.
2511 1174 2583 1187 —-
2610 1144 2770 1201 Cevia
2804 1145 2873 1201 de
2914 1145 3253 1201 Tebaida.—
3286 1149 3456 1203 Maxi-

1838 1250 1957 1289 mus
2011 1236 2080 1289 de
2139 1235 2524 1305 Eleuteropoli.
2581 1269 2651 1281 --
2695 1238 3041 1295 Acassicedia
3099 1238 3169 1295 de
3219 1238 3450 1295 Antino.

1838 1357 1908 1367 —
1943 1327 2142 1384 Paulus
2178 1331 2245 1385 de
2294 1330 2607 1400 Maxiapoli.
2639 1364 2711 1372 —
2756 1332 3007 1387 Timmus
3038 1332 3107 1388 de
3136 1332 3447 1389 Antiochia.

1838 1450 1911 1460 —
1940 1420 2224 1475 Januarins
2274 1423 2341 1479 de
2389 1423 2590 1480 Jerico.
2648 1455 2721 1467 —
2752 1424 2857 1498 ιι,
2885 1426 3151 1481 Lucianus
3193 1427 3262 1483 de
3305 1426 3453 1483 Lico.

162 1161 347 1213 ιζιιικςὶξς
392 1154 987 1222 (Ilaudiauopolilanns.
1034 1178 1103 1191 —
1153 1146 1387 1217 Agapius
1439 1142 1720 1199 Seleuciae.

161 1280 212 1289 -—
234 1250 458 1301 Silvanus
490 1245 967 1313 metropolitauus.
1000 1271 1071 1281 —
1114 1238 1341 1294 Faustus
1394 1231 1733 1289 Panemosti—

158 1357 248 1395 cus.
274 1370 338 1380 --
364 1342 668 1393 Antoninus
699 1334 1095 1390 Antiot-henus.
1130 1361 1199 1371 —-
1229 1329 1427 1383 Nestor
1471 1325 1727 1380 Siedron.

158 1458 213 1471 -
236 1430 414 1484 Esitius
465 1429 914 1497 chorepisCOpus.
950 1451 1015 1462 -—
1048 1421 1278 1491 Cyrillus
1329 1415 1729 1473 Sinanandron.

157 1547 211 1560 —
258 1521 559 1574 Theodorus
618 1516 1037 1583 Lbut’episCOpUs‘
1094 1509 1227 1582 [G.,
1272 1508 1554 1576 Usagadon
1580 1520 1611 1574 ι.
1664 1534 1733 1543 -—

161 1609 436 1663 Anatliolius
475 1607 757 1662 Lariensis
788 1604 885 1676 [ϐ.
920 1646 932 1667 ,
982 1598 1460 1670 chorepiscopus].
1495 1627 1564 1637 —
1594 1598 1737 1650 Tau-

162 1702 223 1758 lus
245 1706 648 1770 etinrepiscupus
684 1698 801 1773 [G.,
838 1694 1195 1764 Larinensis].
1229 1723 1302 1734 -—
1331 1692 1560 1759 Quintus
1594 1690 1732 1743 Scli-

161 1806 279 1847 tuon
310 1792 415 1865 [G.,
466 1788 945 1861 churepiscopus].
986 1816 1060 1828 —
1089 1787 1340 1842 Tiberius
1384 1784 1731 1852 choro-pisco-

1842 1542 1909 1551 —-
1943 1513 2092 1569 Elius
2121 1514 2189 1568 de
2215 1514 2405 1571 letla.

2156 1604 2235 1660 De
2278 1608 2543 1675 provincia
2573 1607 2755 1679 Libya;
2783 1611 3064 1675 superiori.

1918 1697 2106 1754 Datius
2160 1699 2228 1753 de
2284 1700 2632 1756 lierrenuice.
2705 1731 2775 1743 —
2825 1703 3081 1760 Silvanus
3139 1706 3208 1763 de
3266 1711 3455 1763 Azolo.

1844 1820 1914 1832 —-
1940 1791 2195 1861 anpirus
2238 1794 2306 1848 de
2338 1795 2623 1851 Arcisteis.
2665 1826 2737 1837 —
2765 1798 3072 1852 Patroiilius
3101 1801 3167 1854 tle
3202 1802 3459 1869 Sitopoli.

164 1901 241 1953 pus
273 1859 380 1958 [G.,
426 1859 739 1954 Sclistron].
781 1859 855 1922 έ-
888 1859 1112 1952 Aqnllos
1165 1876 1612 1947 chorepiscopus.
1662 1904 1733 1915 -—

1884 1916 1911 1925 —
1960 1859 2224 1955 Sarapion
2275 1888 2343 1942 de
2366 1886 2691 1958 Antibergo.
2734 1917 2803 1930 -ο
2850 1890 3136 1957 Asclep'us
3177 1893 3247 1947 de
3293 1859 3456 1950 Gaza.

162 1977 385 2033 Eusebius
427 1976 701 2048 parochias
743 1974 979 2028 Isaurim.

663 2068 957 2122 Prouincia
1005 2063 1188 2135 Cypri.

215 2164 423 2234 Cyrillus
446 2162 643 2234 Paphi.
664 2192 737 2202 —
766 2159 998 2215 Solanus
1028 2155 1366 2212 Salaminan.

653 2253 947 2308 Prouincia:
986 2250 1267 2322 Bithynia.

220 2351 456 2406 Eusebius
499 2349 867 2405 Nieomedias.
894 2377 966 2388 —
989 2345 1332 2414 Tlieugenius
1392 2340 1643 2398 Nicheas.
1664 2367 1736 2380 -—

164 2439 294 2495 Maris
345 2434 827 2497 Chalcedonensis.
863 2470 931 2480 —
964 2438 1199 2509 Cyrillus
1255 2436 1440 2491 Chios.
1490 2426 1565 2474 ὲ-
1611 2431 1731 2487 Esi-

163 2533 285 2586 chins
322 2538 531 2589 l’ruses.
566 2563 637 2574 —
660 2532 967 2599 Gorgonius
993 2528 1420 2599 Appoloniados.
1448 2555 1519 2565 —
1562 2522 1735 2579 Geor—

165 2626 258 2692 gius
280 2626 533 2681 Nisiados.
557 2656 631 2665 —
656 2624 882 2679 lihetius
911 2620 1447 2690 Adrianopolitanus.
1466 2645 1537 2657 —
1556 2615 1735 2670 Theo-

163 2719 333 2787 phaues
373 2720 821 2788 CitOi‘t‘piSt’tlpus.
858 2743 931 2757 —
978 2713 1206 2784 Rupbus
1262 2709 1637 2768 Casariensis.
1665 2740 1738 2753 —-

166 2814 363 2867 Eulalius
400 2813 856 2883 rborepiscopus.

799 2899 846 2954 Ε
853 2915 1049 2970 uropte.

1841 2008 1912 2017 —
1934 1979 2096 2034 Tirus
2128 1978 2196 2035 de
2224 1980 2500 2035 Paratoni.
2531 2012 2602 2021 —
2634 1983 2824 2036 Petrus
2855 1986 2922 2037 de
2952 1983 3203 2050 Majoma.

2272 2070 2353 2125 De
2385 2074 2654 2139 provincia
2692 2072 3011 2126 Panaetium.

1912 2162 2176 2231 Autiopus
2226 2164 2293 2218 de
2325 2164 2689 2233 Capitoliada.
2721 2194 2791 2205 --
2820 2166 3037 2219 Enheas
3066 2167 3134 2221 de
3164 2166 3458 2222 Ptolemai-

1842 2254 1929 2309 da.
1960 2285 2031 2296 —
2057 2258 2278 2325 Magnus
2303 2257 2369 2309 de
2396 2256 2678 2311 Damasco.
2703 2286 2775 2296 —
2796 2256 3121 2311 Theodorus
3142 2259 3209 2312 de
3232 2258 3457 2313 Sidona.

1840 2377 1913 2387 —
1945 2348 2283 2404 Gellaonicus
2330 2350 2397 2402 de
2428 2348 2657 2419 Tripoli.
2715 2380 2787 2392 —
2814 2349 3110 2421 Gregorius
3138 2352 3208 2408 de
3263 2354 3455 2408 Biritu.

1842 2438 2079 2493 Marinus
2136 2438 2205 2494 de
2254 2440 2510 2495 Psalniia.
2582 2471 2651 2481 —
2697 2441 3042 2498 Traddonius
3100 2444 3170 2499 de
3221 2443 3458 2505 Esnisia.

1842 2532 2169 2587 Anatholius
2200 2531 2271 2588 de
2297 2531 2559 2590 Filocalo.

2277 2624 2353 2677 De
2383 2625 2645 2694 provincia
2700 2624 2984 2681 Phoenicis.

1915 2715 2086 2770 Zeton
2116 2714 2184 2770 de
2215 2714 2363 2771 Tiro.
2416 2746 2486 2757 —-
2534 2716 2805 2772 Filocalus
2836 2720 2904 2775 de
2930 2719 3153 2775 Panida.
3186 2751 3257 2762 —
3306 2722 3458 2776 Ana-

1844 2807 2050 2861 tholius
2076 2806 2144 2861 de
2192 2806 2405 2861 Edissa.
2445 2837 2517 2852 --
2557 2808 2793 2865 Jacobus
2831 2810 2901 2866 de
2930 2811 3140 2869 Nezibi.
3167 2843 3239 2857 -—
3268 2818 3459 2869 Antio‘

1842 2901 1981 2955 chus
2007 2901 2074 2954 de
2100 2900 2346 2956 ltesacia.
2402 2932 2474 2941 —
2504 2902 2703 2958 Marius
2733 2903 2801 2959 de
2830 2904 3076 2962 Macodo.
3123 2938 3195 2948 —
3222 2908 3458 2966 Joannes

220 2996 468 3052 Pedercus
518 2997 878 3051 Eraclias.—
906 2994 1237 3062 Protogenes
1281 2988 1739 3045 Sardicensis.—
1839 2993 1909 3048 de
1942 2992 2184 3048 Persida.

162 3087 336 3144 Marcus
380 3089 960 3161 metropolitanus.—
1008 3086 1189 3142 Pistos
1233 3083 1738 3140 Thessalonicensis

162 3180 254 3253 [G.,
309 3181 798 3255 metropMitanns].
839 3212 908 3223 —
957 3180 1227 3237 Scilianus
1282 3179 1633 3234 Macedonia.
1664 3207 1733 3219 —

165 3275 245 3345 13
273 3274 568 3331 Alexander
600 3274 948 3331 Atheniensis
973 3271 1062 3346 [G.
1092 3268 1637 3341 Thessalonicensis].
1668 3301 1738 3310 —

161 3364 340 3421 Dachus
377 3368 535 3438 Boias
585 3366 701 3441 [G.,
729 3364 1101 3438 Macedonia].
1154 3396 1225 3407 —
1256 3361 1435 3419 Pistus
1489 3364 1737 3420 Eiestias.

161 3460 427 3514 —|iarsus
484 3460 826 3517 Thes-salias.
878 3487 950 3500 --
998 3458 1303 3515 Stratedius
1356 3456 1591 3511 Strubon
1649 3454 1737 3528 [ϐ.

162 3547 403 3623 Eiestias].
446 3551 780 3607 Claudianus
821 3550 1273 3619 metmpolitanus
1314 3545 1404 3619 [6.
1433 3546 1735 3619 Tettalias].

164 3670 220 3682 -
239 3642 425 3699 Budion
448 3643 660 3699 Duxias
694 3641 781 3715 [6.
817 3639 1104 3713 Strubon].
1127 3670 1191 3681 —-
1229 3641 1466 3695 Domnus
1493 3638 1741 3695 Gutthias

165 3730 258 3803 [G.,
294 3730 779 3805 Metmpolitanus].
806 3763 878 3775 —-
907 3732 1149 3787 Nicheus
1172 3730 1741 3815 blastrianopolitanus

164 3820 254 3894 [G.,
281 3822 927 3897 Duxias].—'l‘heopbilus
952 3825 1269 3894 Bosphoron
1297 3821 1413 3894 [G.,
1441 3820 1737 3893 Gutthias].

164 3942 219 3956 -
243 3917 480 3985 Camdus,
512 3929 541 3957 ⁸
562 3959 578 3975 .
600 3961 613 3975 .
641 3954 658 3971 .

219 4007 241 4044 δ
263 4010 379 4065 ﬂzc
424 4020 553 4065 sunt
576 4008 935 4065 Orientalium
984 4007 1369 4080 episcoporum
1400 4010 1617 4066 nomina
1649 4010 1738 4080 qui

163 4114 502 4160 convenerunt
528 4103 709 4159 Nicaea
765 4102 833 4157 ad
880 4113 1127 4158 sanctum
1177 4112 1230 4158 et
1276 4112 1526 4173 magnum
1558 4101 1740 4159 conci-

162 4190 266 4247 lium
294 4196 356 4250 de
398 4194 635 4250 diversis
663 4194 957 4263 provinciis
1014 4209 1109 4249 seu
1137 4194 1443 4249 civitatibus
1463 4235 1477 4260 ,
1509 4205 1737 4265 quOrult

162 4286 343 4337 nomina
367 4286 501 4339 inira
539 4295 667 4339 sunt
699 4283 1006 4353 subscripta
1042 4283 1250 4354 absque
1273 4285 1441 4340 Italiae
1468 4296 1525 4341 et
1548 4286 1739 4355 Hispa-

167 4375 280 4441 nias,
322 4391 549 4445 quorum
597 4378 818 4431 nomina
868 4377 921 4451 in
968 4376 1371 4446 exemplaribus
1419 4392 1484 4433 ex
1542 4380 1738 4455 quibus

160 4470 253 4525 hac
282 4472 545 4544 descripta
569 4482 697 4529 sunt
735 4490 844 4530 non
894 4474 1251 4547 habebantur,
1287 4492 1390 4533 nec
1419 4476 1607 4535 Galliae
1638 4495 1737 4536 nec

161 4561 326 4665 Africa
348 4607 361 4630 ,
398 4566 723 4666 Bisi-solut:
738 4566 900 4666 0sius
934 4567 1303 4666 Hispaniensis
1356 4572 1641 4666 episcopus
1667 4573 1735 4629 de
1766 4604 1825 4666 Β

161 4653 344 4712 civitate
393 4654 649 4713 Corduba
687 4658 901 4714 Batiam
934 4661 1262 4729 provinciae,
1321 4672 1376 4719 et
1432 4665 1731 4735 presbyteri

160 4750 281 4805 urbis
297 4751 495 4819 Roma,
516 4754 572 4809 id
596 4753 859 4809 estBicon
881 4763 935 4809 et
958 4754 1273 4811 Vincentius
1306 4757 1394 4825 qui
1412 4772 1511 4828 pro
1526 4759 1737 4828 episco-

161 4857 215 4911 po
236 4861 322 4903 suo
348 4847 633 4921 Sylvestro
684 4848 1151 4919 subscripserunt,
1203 4858 1259 4907 et
1285 4851 1594 4908 Orientales
1620 4854 1736 4909 sive

162 4935 297 4990 totius
356 4941 507 4995 orbis
568 4942 813 5010 episcopi
870 4942 1206 5012 temporibus
1247 4942 1589 5001 Constantini
1645 4961 1735 5001 ιιν

160 5022 396 5086 Kalendas
418 5031 586 5088 Julias
610 5048 717 5088 arra
751 5048 981 5089 ccccxn.

640 5124 857 5179 Primus
879 5127 943 5179 de
968 5124 1227 5198 zEgypto.

217 5216 519 5274 Alexander
540 5218 607 5273 de
639 5218 996 5276 Alexandria.
1026 5253 1097 5262 —
1129 5222 1425 5280 Filoxemis
1454 5224 1523 5281 de
1553 5224 1733 5297 Napo-

166 5307 209 5359 li.
236 5338 296 5348 —
324 5311 657 5382 Papnuntius
684 5314 752 5369 de
778 5310 1041 5387 Egypto.
1095 5346 1165 5356 —
1193 5316 1457 5373 Macarius
1482 5324 1551 5376 de
1580 5320 1737 5376 Jero-

2260 3083 2336 3138 De
2364 3062 2626 3152 pro'iiincia
2653 3085 2829 3158 Syria!
2855 3084 3039 3151 Calas.

1921 3172 2205 3229 Eustacius
2228 3175 2297 3230 de
2318 3177 2625 3231 Antiochia.
2654 3206 2725 3217 —
2755 3178 3014 3236 Narcisus
3036 3180 3104 3238 de
3124 3181 3459 3248 Neroniana.

1849 3293 1917 3304 —
1944 3264 2217 3319 Zenobius
2248 3267 2315 3322 de
2337 3267 2606 3323 Seleucia.
2635 3298 2704 3308 —
2734 3269 3064 3328 Theodorus
3090 3274 3157 3329 de
3197 3276 3459 3332 Audacia.

1846 3386 1917 3395 —
1950 3353 2121 3411 Aldus
2141 3356 2211 3413 de
2234 3356 2482 3425 Apamia.

2319 3451 2399 3507 De
2450 3455 2714 3524 provincia
2764 3454 2984 3514 Cilicem

1918 3544 2239 3601 Theodorus
2292 3547 2360 3602 de
2420 3548 2637 3603 Aulion.
2702 3578 2771 3588 —
2821 3549 3095 3607 Eril‘anius
3142 3554 3211 3610 de

1844 3668 1917 3680 —-
1965 3639 2177 3711 Moyses
2219 3636 2286 3695 de
2328 3640 2635 3696 Castabala.
2684 3671 2759 3685 -—
2806 3642 3031 3699 Niceros
3078 3646 3147 3701 de
3176 3646 3453 3707 Flaviada.

1844 3758 1916 3771 —
1944 3731 2247 3800 Eudemon,
2292 3733 2733 3805 chorepiscopus.
2760 3763 2833 3775 —
2860 3735 3116 3793 Paulinus
3136 3740 3207 3797 de
3243 3744 3456 3803 Adana.

1844 3850 1915 3863 —
1942 3822 2253 3879 Siiamanus
2284 3824 2354 3880 de
2384 3824 2751 3881 Germanicis.
2787 3856 2859 3869 —
2891 3824 3143 3898 Piperius
3171 3831 3240 3887 de
3268 3832 3461 3890 Samo-

1845 3926 1984 3975 sato.
2040 3950 2113 3961 —
2144 3920 2447 3976 Archelaus
2496 3917 2566 3978 de
2593 3916 2879 3980 Dolica.—
2921 3920 3183 3981 Eufraton
3209 3927 3276 3983 de
3311 3928 3463 3985 Bala-

1846 4021 1996 4067 neas.
2041 4042 2112 4052 —
2162 4012 2397 4067 Faladus
2441 4012 2531 4087 [T.
2584 4013 2640 4081 2,
2696 4014 2964 4087 Filaciis],
3014 4016 3461 4090 chorepiscopus.

1843 4138 1915 4148 —-
1975 4109 2201 4164 Joeleus
2261 4110 2331 4166 de
2386 4110 2613 4166 Gabala.
2663 4142 2734 4153 —
2790 4113 2991 4169 Bassus
3046 4120 3117 4170 de
3180 4116 3460 4173 Zcumate.

1844 4227 1915 4242 —
1949 4200 2050 4273 15
2078 4201 2340 4257 Bassinus
2367 4201 2435 4258 de
2488 4201 2749 4260 Raianeo.
2790 4231 2854 4243 -—
2885 4204 3181 4263 Gerontius
3210 4208 3277 4263 de
3310 4208 3463 4263 Lari-

1842 4307 1924 4348 sa.
1953 4324 2025 4335 —-
2049 4294 2314 4349 Manicius
2346 4296 2411 4349 de
2445 4295 2786 4366 Epiphamia.
2818 4327 2892 4338 —
2914 4298 3200 4356 Eustacius
3230 4302 3296 4356 de
3328 4302 3465 4357 Are-

1855 4396 1997 4441 tusa.
2024 4416 2096 4429 —
2123 4387 2323 4443 Paulus
2344 4388 2412 4443 de
2434 4387 2780 4447 Neucesarie.
2814 4420 2887 4433 —-
2914 4393 3192 4450 Siricicius
3218 4396 3284 4450 de
3311 4395 3459 4452 Ciro.

1855 4509 1913 4518 —
1945 4480 2221 4550 Solacius,
2271 4481 2727 4552 cborepiscopus.
2779 4513 2850 4525 —
2882 4484 3076 4541 Petrus
3105 4487 3174 4542 de
3196 4486 3457 4545 Jerunda.

2320 4596 2396 4651 De
2426 4599 2690 4668 provincia
2739 4599 2966 4655 Arabiae.

1915 4712 2147 4784 Sopater
2173 4714 2244 4770 de
2289 4714 2552 4773 Barasato
2580 4715 2666 4789 [T.
2698 4716 2757 4785 2,
2809 4717 3077 4791 Barasto].
3105 4718 3363 4790 Pagasius
3390 4719 3458 4776 de

1842 4806 2079 4862 Arbaco.
2116 4837 2185 4847 —
2217 4807 2555 4865 Demasonus
2576 4811 2645 4866 de
2669 4809 2887 4868 Abboli.
2932 4842 3005 4855 --
3051 4813 3358 4869 Nicomatus
3388 4814 3457 4870 de

1844 4899 2072 4955 Bosdra.
2121 4931 2193 4941 —
2240 4901 2427 4958 Cirion
2461 4903 2527 4959 de
2575 4903 2875 4961 Filadeiiia.
2931 4935 3002 4947 —
3030 4905 3345 4962 Gennadius
3386 4907 3455 4963 de

1842 4988 2051 5048 Esbon.
2080 5023 2152 5033 —
2178 4995 2411 5051 Severus
2435 4996 2504 5053 de
2525 4994 2731 5053 Sodon.

2239 5110 2321 5165 De
2349 5112 2615 5180 prouincia
2640 5111 3053 5185 Mesopotamiae.

1912 5226 2212 5283 Pancarius
2254 5229 2321 5284 de
2368 5227 2605 5302 Ancyra.
2660 5260 2731 5271 —
2807 5231 3069 5286 Decasins
3136 5230 3204 5287 de
3260 5231 3447 5288 Tabia.

1838 5348 1909 5359 -—
1955 5320 2246 5377 Arcontius
2274 5321 2340 5378 de
2370 5322 2688 5381 Gammada.
2719 5320 3109 5380 —Filadell'us
3140 5324 3227 5398 [T.
3270 5325 3326 5392 2,
3362 5322 3453 5381 Fi-

162 5400 359 5470 solyma.
411 5436 477 5447 -
533 5407 746 5464 Arbitio
797 5407 866 5463 de
912 5405 1159 5467 Ferbito.
1217 5441 1285 5451 —
1334 5411 1638 5468 Germanus
1668 5414 1735 5469 de
1834 5406 2109 5486 ladellius]
2148 5416 2216 5471 de
2261 5416 2545 5488 Juliopoli.

222 5545 240 5569 '
279 5538 359 5620 Ε...
403 5540 694 5620 Carndos...
728 5542 1089 5620 ΔΒρρῃιιονυη.
1119 5550 1349 5617 Apparet
1394 5564 1456 5604 ex
1493 5560 1637 5606 textu
1678 5563 1734 5607 et

166 5622 213 5657 rx
255 5615 572 5667 variantibus
616 5615 939 5671 lectionibus
986 5615 1442 5689 subscriptiouum
1494 5624 1730 5677 iuversio

164 5687 294 5741 atque
318 5687 610 5741 corruptio.

223 5702 294 5741 [ue
318 5702 472 5735 ('OI'ﬂl
516 5702 610 5739 ttn.

220 5747 242 5784 δ
279 5702 578 5809 Ρτπτθιῆειιὶ
630 5758 983 5829 conciliorum
1043 5760 1393 5826 imperlecms
1420 5775 1583 5829 atque
1608 5781 1731 5820 cor-

165 5830 320 5907 [uplus
349 5828 755 5907 pra’poniturjn
790 5828 1394 5907 Codicibus__'l'oletanis
1427 5828 1726 5907 catalogus,

164 5894 371 5953 (nudam
416 5899 635 5954 nomina
669 5898 893 5957 Patrum
944 5904 1036 5972 qui
1084 5903 1313 5961 Nicaeum
1364 5894 1728 5965 interiueFuni

1836 5556 2047 5625 synodo
2085 5556 2599 5626 comprehendens;
2654 5572 2885 5625 cumque
2938 5566 3270 5626 praepostero
3303 5560 3449 5613 loca-

1840 5638 1952 5679 tum
1999 5625 2188 5680 ordine
2222 5629 2641 5695 invenissemus,
2672 5625 3085 5683 accuratis’siuie
3137 5630 3449 5685 describere

1836 5708 1997 5765 atque
2048 5698 2112 5751 ad
2178 5699 2318 5753 hunc
2350 5702 2613 5763 aptiorem
2677 5703 2853 5755 locum
2931 5702 3218 5755 traducere
3280 5712 3449 5755 satius

1834 5768 2107 5840 duximus.
2142 5770 2286 5825 idem
2318 5774 2697 5840 episcoporum
2730 5782 2855 5826 ante
2888 5773 3262 5839 praefationem
3291 5782 3445 5827 cata-

1836 5839 1991 5912 logus
2020 5842 2207 5897 aderat
2239 5844 2403 5898 etiam
2435 5842 2491 5897 in
2516 5843 2719 5899 Codice
2752 5847 3007 5900 Lucensi.
