3882 6352
387 352 488 413 105

878 463 957 518 De
993 462 1255 533 provincia
1299 462 1454 515 Asia.

457 558 712 615 Theunas
752 556 819 613 de
861 555 1061 611 Cizico.
1103 583 1173 596 --
1214 553 1536 608 Minofantus
1584 548 1668 622 [T.
1697 547 1752 612 2.
1783 546 1967 603 Mirio-

386 653 591 725 iantusj
624 654 689 707 de
712 650 951 718 Epheso.
976 677 1048 689 —
1071 647 1238 703 Orion
1265 646 1337 702 de
1366 644 1511 701 Ilico.
1538 673 1606 686 -—
1634 642 1873 699 Enticius
1902 640 1971 697 de

387 751 561 807 Virsa.
612 778 682 789 —
726 746 944 801 Mifrans
986 745 1054 799 de
1106 742 1261 811 Epia.
1307 771 1380 785 —
1423 741 1614 797 Paulus
1654 738 1721 793 de
1760 740 1968 793 Aunea.

391 872 462 884 —
508 838 853 895 Macedonius
899 836 967 891 de
1018 837 1267 891 Massata.
1322 864 1393 878 --
1422 830 1861 888 Tarcodimantes
1904 829 1974 885 de

392 931 571 1002 Egias.
601 959 673 973 -—
701 928 924 1000 lpsicius
954 927 1021 984 de
1057 927 1334 983 A-landria.

811 1043 889 1100 De
903 1044 1165 1115 prouincia
1180 1041 1543 1113 Cappadocia'.

468 1157 724 1214 Leontius
744 1156 811 1213 de
841 1153 1423 1213 Ctesa'rea.—Ursicius
1448 1153 1515 1209 de
1536 1151 1788 1208 Tremate
1809 1150 1895 1224 [Τ.
1918 1149 1975 1217 2,

394 1248 693 1320 Tremata].
726 1278 794 1291 —-
825 1247 1076 1304 Euresius
1106 1248 1172 1301 de
1202 1242 1443 1301 Calonia.
1468 1274 1537 1287 —
1562 1242 1877 1299 Timotheus
1914 1240 1981 1297 de

391 1340 636 1399 Tibersa.
686 1371 757 1384 -—
789 1340 1105 1395 Ambrosius
1142 1337 1211 1393 de
1261 1338 1524 1394 Cumano.
1578 1365 1649 1375 —
1706 1332 1979 1399 Stefanus,

394 1432 837 1503 chorepiscOpus.
868 1459 939 1471 —
967 1430 1180 1495 Rodon,
1224 1426 1665 1497 chorep‘iscopus.

724 1545 801 1599 De
829 1544 1094 1613 prouincia
1136 1544 1389 1598 Armenia:
1416 1541 1658 1597 Minoris.

468 1659 706 1715 Eulalius
731 1659 798 1715 de
814 1660 1057 1715 Sabasta.
1091 1688 1160 1699 --
1191 1659 1292 1730 ιθ
1321 1656 1575 1713 Eubetius
1597 1655 1663 1710 de
1684 1651 1991 1710 Saulis.—

398 1749 722 1814 Eutromius,
755 1746 1516 1819 cborepiscopus.—Tefanis,
1547 1745 1990 1815 chorepiscopus.

585 1861 661 1915 De
689 1862 954 1931 provincia
985 1858 1255 1928 Pontipoli
1292 1857 1381 1933 [T.
1408 1856 1465 1926 2,
1499 1852 1806 1927 Pentipoli].

472 1979 747 2051 Longinus
799 1980 867 2033 de
906 1978 1247 2034 Neucesaria.
1302 2005 1375 2016 —
1422 1976 1661 2031 Domnus
1705 1973 1772 2030 de
1808 1969 1999 2043 Trepi-

407 2070 602 2129 tionta.
633 2100 705 2151 -τ
730 2071 970 2126 Domnus
1001 2071 1085 2153 de
1109 2070 1344 2125 'l‘itensa.

836 2182 913 2237 De
945 2182 1206 2252 provincia
1237 2179 1570 2251 Palesgmvia.

489 2296 786 2353 Filadelius
827 2297 896 2351 de
948 2294 1339 2365 Pompejopoli.
1384 2320 1446 2333 —-
1481 2289 1768 2347 Petronius
1796 2290 1863 2346 de
1897 2290 2001 2345 Ls-

412 2389 620 2458 nopoli.
654 2416 721 2428 —
754 2388 1019 2443 Eusticius
1048 2388 1114 2441 de
1141 2390 1409 2441 Amastra.
1459 2414 1529 2425 ——
1578 2384 1903 2438 Academius
1929 2384 2000 2439 de

411 2480 683 2627 :iusteue.
741 2511 811 2521 —
866 2480 1132 2535 Eraclitus
1161 2481 1228 2535 de
1257 2479 1431 2534 Varis.
1462 2506 1534 2518 —
1563 2475 1882 2532 Theodorus
1932 2472 2001 2530 de

461 2588 544 2627 us.

461 2588 544 2629 iis.

486 2714 511 2741 ο
553 2704 616 2757 Τ.
643 2707 698 2769 ‘2,
728 2704 916 2775 Lyciaa.
943 2703 1081 2775 _Post
1110 2703 1222 2755 haec
1250 2700 1667 2775 verbauterque
1706 2699 2003 2775 Toletanus

413 2775 593 2833 Codex
636 2772 819 2843 incipit
867 2790 880 2826 :
929 2772 1157 2827 Canones
1206 2772 1524 2841 generalium
1580 2772 1917 2825 conciliorum
1970 2785 2003 2823 α

419 2904 2803 2939 ____________________._____._..__—..——

1076 340 1458 405 COLLEGTIO
1496 337 1829 401 CANONUM
1867 336 1927 395 S.
1974 330 2246 395 lSIDOBO
2286 325 2558 389 HISPAL.
2600 324 2959 386 ASCRIPTA.

1991 454 2043 513 Δ

3567 312 3671 375 1M

2547 444 2623 500 De
2661 442 2922 515 provincia
2959 436 3123 508 Lycia
3162 440 3186 469 ⁸

2430 539 2590 593 Fides
2618 537 2785 592 sancti
2806 530 3043 605 Gregorii
3067 527 3308 603 Hajoris.

2146 634 2291 693 Unus
2320 634 2461 689 Deus
2485 631 2801 700 principium
2849 636 2905 680 et
2933 625 3091 679 Pater
3116 616 3547 683 Verbiviventis,
3581 630 3676 674 sa-

2080 728 2297 801 pientia
2347 724 2628 783 existentis
2678 732 2732 777 et
2779 717 2993 776 virtutis
3022 724 3079 772 et
3122 712 3373 783 imaginis
3416 710 3675 783 propriae,

2076 822 2348 895 perfectus
2390 816 2611 889 perfecti
2652 814 2840 887 geniti,
2884 810 3043 866 Pater
3120 806 3243 866 Filii
3313 804 3573 876 unigeniti
3625 812 3681 859 et

2078 931 2217 977 unus
2256 911 2516 969 Dominus
2545 925 2610 965 ex
2645 922 2753 963 uno
2778 904 3026 968 Domino.
3054 902 3195 958 Deus
3216 899 3244 939 δ
3274 899 3342 955 de
3374 899 3505 963 Deo,
3548 898 3682 965 ligu-

2082 1022 2139 1061 ra
2167 1004 2483 1062 substantiae
2513 1001 2709 1067 Patris,
2738 1000 2915 1068 imago
2956 996 3075 1063 Dei,
3113 995 3254 1049 Deus
3276 992 3511 1047 Verbum
3544 987 3685 1043 vivi-

2081 1102 2209 1157 dum
2258 1111 2313 1157 et
2335 1099 2499 1155 totius
2522 1093 2839 1151 substantia:
2863 1089 3070 1157 opifex,
3101 1086 3367 1153 sapientia
3395 1083 3685 1139 continens

2082 1192 2261 1247 omnia
2290 1204 2408 1258 qua
2437 1187 2696 1253 existunt,
2753 1193 2807 1238 et
2841 1180 3012 1235 virtus
3043 1178 3206 1234 totius
3250 1176 3505 1233 ereabills
3531 1188 3687 1229 crea-

2087 1292 2243 1345 turae.
2303 1280 2473 1337 Filius
2499 1291 2660 1333 verus
2686 1275 2753 1329 de
2783 1287 2914 1329 vero
2942 1262 3120 1332 Patre,
3150 1266 3433 1324 invisibilis
3481 1266 3550 1320 de
3596 1264 3689 1320 in-

2086 1373 2313 1437 visibili,
2343 1369 2771 1439 incorruptibilis
2816 1368 2884 1422 de
2916 1363 3327 1435 incorruptibili,
3365 1358 3689 1417 immortalis

2089 1467 2158 1522 de
2208 1464 2529 1529 immortali,
2575 1471 2628 1517 et
2675 1460 3035 1528 sempiternus
3079 1457 3146 1511 de
3192 1454 3525 1522 sempiterno
3580 1460 3686 1506 :et

2100 1573 2242 1613 unus
2288 1557 2518 1627 Spiritus
2547 1563 2788 1618 sanctus,
2834 1548 3125 1621 perfectus,
3185 1545 3422 1617 perfecta
3473 1544 3578 1599 vita
3611 1543 3693 1598 vi-

2092 1650 2355 1724 ventium,
2408 1644 2665 1699 sanctitas
2693 1652 2749 1699 et
2776 1641 2896 1696 fons
2923 1638 3225 1695 sanctitatis
3244 1677 3260 1702 ,
3288 1646 3343 1691 et
3385 1633 3695 1690 sanctifica-

2097 1736 2253 1794 tionis
2301 1735 2669 1801 ministrator;
2724 1746 2821 1801 per
2870 1744 3029 1800 quem
3077 1727 3220 1783 Deus
3260 1726 3314 1781 in
3358 1738 3547 1780 omnes
3576 1734 3696 1777 cre-

2016 1835 2067 1899 B
2093 1828 2283 1884 dentes
2324 1833 2380 1881 et
2421 1838 2583 1891 super
2635 1836 2851 1888 omnes,
2896 1828 2951 1875 et
2998 1817 3164 1873 Filius
3210 1817 3301 1886 qui
3350 1830 3447 1882 per
3474 1827 3692 1880 omnes,

2101 1919 2337 1992 Trinitas
2386 1914 2646 1986 perfecta,
2676 1912 2845 1983 gloria
2896 1919 2951 1965 et
2992 1924 3217 1979 regnum
3277 1908 3696 1974 sempiternum,

2104 2009 2459 2075 individuum,
2509 2014 2565 2061 et
2614 2002 2957 2058 inalienabile
2990 2017 3003 2053 :
3037 2014 3213 2069 neque
3241 1999 3401 2068 igitur
3451 2004 3699 2051 creatum

2098 2101 2301 2173 aliquid
2324 2109 2379 2157 et
2410 2113 2627 2154 servum
2672 2110 2768 2151 seu
2794 2092 3053 2148 famulum
3086 2090 3141 2145 in
3171 2089 3457 2153 Trinitate,
3507 2102 3689 2156 neque

2103 2191 2461 2249 adventitium
2487 2189 2571 2244 vel
2595 2185 3087 2253 subintroductum,
3119 2192 3368 2252 tanquam
3397 2180 3540 2249 quod
3571 2186 3700 2233 ante

2103 2298 2209 2339 non
2257 2279 2545 2346 exstiterit,
2579 2287 2635 2333 et
2682 2277 3033 2332 novissimum
3079 2272 3495 2337 subintraverit;
3526 2283 3703 2339 neque

2101 2378 2247 2433 enim
2273 2372 2445 2429 defuit
2486 2370 2776 2441 aliquando
2809 2367 2974 2421 Filius
3005 2365 3148 2419 Patri
3184 2372 3273 2418 aut
3306 2363 3444 2418 Filio
3470 2361 3704 2432 Spiritus

2102 2478 2345 2532 sanctus,
2370 2466 2465 2521 sed
2490 2461 2837 2520 immutabilis
2856 2456 3347 2515 etincouvertibilis
3373 2458 3490 2511 haec
3508 2454 3703 2511 eadem

2112 2562 2351 2619 Trinitas
2388 2574 2625 2629 semper.

2112 2693 2430 2767 temporibus
2466 2685 2793 2767 (genitantini
2818 2691 3092 2767 creperum,
3124 2688 3177 2736 et
3192 2690 3415 2767 cetera.

2180 2751 2226 2805 δ’
2248 2764 2365 2831 ίεη
2394 2765 2453 2819 Ε.
2486 2764 2542 2830 5,
2565 2761 2627 2816 Τ.
2663 2757 2793 2826 1,2,
2821 2751 2910 2820 u.‘,
2943 2769 3006 2808 ea:
3030 2769 3155 2819 uno,
3182 2751 3345 2807 Deus.

2808 2893 3705 2920 Μ

1918 3038 2109 3141 ΙΙ.

1262 3226 1495 3313 CON
1508 3226 1922 3312 CILIUM
1997 3223 2154 3308 AN
2160 3216 2584 3308 CYRITA
2597 3218 2871 3305 NUM

1493 3389 1530 3429 Δ
1562 3380 1893 3425 DUODECIM
1942 3378 2258 3426 EPISCOPIS
2308 3378 2627 3423 BABITUM.

420 3514 668 3591 17-18
704 3511 797 3567 Isti
852 3510 1067 3581 quidem
1111 3522 1344 3565 canones
1396 3522 1491 3564 seu
1545 3505 1743 3575 regula
1793 3505 2003 3574 priores
2030 3516 2077 3579 α

412 3608 820 3672 suntNicaenis,
853 3604 951 3660 sed
976 3603 1093 3658 ideo
1122 3603 1324 3657 Nicseni
1373 3615 1605 3656 canones
1646 3599 1854 3668 priores
1870 3600 2007 3652 scri-

412 3700 611 3756 buntur
636 3706 857 3769 propter
904 3696 1277 3751 auctoritatem
1320 3694 1499 3765 magni
1522 3703 1574 3749 et
1603 3693 1774 3749 saneti
1796 3691 2007 3748 concilii

415 3792 555 3861 apud
585 3790 815 3845 Nicaeam
834 3788 1021 3843 habiti.
1040 3786 1423 3842 Convenerunt
1451 3794 1630 3840 autem
1660 3784 1714 3839 in
1745 3782 2007 3855 synodum

415 3892 769 3941 memoratam
794 3883 1017 3952 Ancyra:
1040 3879 1274 3934 civitatis
1287 3877 1341 3931 bi
1365 3878 1449 3945 qui
1469 3877 1603 3931 infra
1637 3875 1820 3944 scripti
1842 3882 2006 3929 sunt:

415 3975 1095 4046 MarcellusAncyritanus,
1137 3971 1449 4042 Agricolaus
1495 3969 1859 4033 Casariensis,
1902 3968 2008 4023 Lu-

421 4084 521 4138 pus
550 4067 860 4133 Tarsensis,
897 4065 1119 4120 Vitalius
1147 4063 1546 4129 Antiochensis,
1576 4060 1801 4115 Basilius
1827 4060 2014 4116 Amas-

417 4174 614 4226 senus,
648 4156 1051 4225 Pbiladelphius
1080 4153 1528 4223 Juliopolitanus,
1565 4152 1813 4207 Festulus
1853 4149 2015 4207 Nico-

419 4249 740 4316 mediensis,
787 4248 1063 4303 Heraclius
1093 4246 1431 4310 Zelonensis,
1464 4245 1653 4299 Petrus
1686 4244 2010 4310 lconiensis,

419 4342 685 4399 Nunecius
696 4338 1366 4407 Laudocenus,Sergianus
1380 4337 1744 4392 Antiochenus
1782 4334 2010 4401 Pisidia,

422 4435 668 4491 Narcisus
690 4431 1056 4488 Nerodiensis.

664 4524 704 4578 l.
738 4523 814 4576 De
842 4523 1139 4592 presbyteris
1164 4522 1320 4584 lapsis
1342 4522 1397 4573 in
1418 4523 1788 4588 persecutione.

497 4613 845 4683 Presbyteros
894 4611 981 4681 qui
1031 4612 1447 4667 immolaverunt
1498 4621 1553 4665 et
1602 4622 1783 4679 postea
1825 4612 2017 4666 iterum

2391 3502 2453 3556 ll.
2480 3501 2556 3556 De
2585 3499 2881 3554 diaeonibus
2908 3494 2995 3565 qui
3014 3489 3429 3548 immolaverunt.

2185 3588 2446 3644 Diacones
2470 3585 2717 3640 similiter
2745 3585 2831 3653 qui
2857 3579 3297 3641 immolaverunt,
3322 3583 3506 3643 postea
3529 3582 3717 3631 autent

2110 3681 2302 3737 iterum
2333 3680 2518 3733 luctati
2548 3690 2570 3717 ε
2598 3684 2742 3739 sunt,
2775 3674 2907 3728 alias
2928 3670 3190 3741 siquidem
3217 3669 3477 3721 honorem
3512 3664 3721 3723 habere

2110 3780 2394 3843 oporteat,
2433 3783 2647 3826 cessare
2678 3781 2808 3823 vero
2836 3764 3033 3819 debere
3070 3763 3138 3815 ab
3167 3758 3312 3814 omni
3353 3771 3507 3813 sacro
3552 3758 3721 3813 mini-

2109 3865 2299 3933 sterio,
2338 3864 2408 3918 ita
2458 3874 2515 3918 ut
2542 3877 2641 3917 nec
2673 3874 2865 3931 panem
2899 3871 2998 3912 nec
3027 3855 3249 3909 calicem
3282 3849 3583 3915 ofl‘erautd,
3617 3849 3723 3907 nisi

2114 3957 2250 4012 forte
2277 3957 2436 4026 aliqui
2462 3956 2833 4026 episcoporum
2860 3948 3063 4005 conscii
3087 3946 3283 4001 fuerint
3305 3944 3505 4000 laboris
3528 3959 3721 3999 eorum

2115 4056 2168 4102 et
2196 4045 2511 4100 humilitatis
2535 4052 2592 4099 et
2619 4041 3046 4098 mansuetudinis
3078 4078 3093 4103 ,
3122 4045 3180 4092 et
3206 4035 3475 4090 voluerint
3501 4034 3583 4088 eis
3615 4033 3725 4088 ali-

2115 4141 2241 4211 quid
2270 4139 2501 4208 amplius
2534 4140 2769 4193 tribuere
2797 4134 2879 4191 vel
2906 4132 3197 4197 adbibere;
3233 4144 3398 4200 penes
3420 4129 3569 4198 ipsos
3592 4139 3724 4192 ergo

2115 4232 2183 4289 de
2205 4232 2286 4287 his
2309 4233 2411 4287 erit
2449 4239 2705 4300 potestas.

2116 4349 2206 4405 lll.
2238 4348 2315 4403 De
2337 4349 2533 4403 clericis
2560 4348 2662 4400 sive
2689 4344 2835 4397 laicis
2856 4357 3072 4411 quorum
3098 4353 3279 4391 manus
3311 4336 3401 4388 alii
3435 4350 3550 4387 cum
3580 4335 3726 4404 inju-

2352 4421 2433 4472 ria
2460 4434 2610 4489 super
2632 4415 2889 4469 idolornm
2918 4412 3173 4478 sacrificia
3200 4416 3498 4479 posuerunt.

2190 4512 2291 4579 Qui
2325 4510 2591 4580 fugientes
2622 4518 2865 4577 tempore
2911 4501 3300 4575 persecutionis
3342 4498 3724 4566 comprehensi

2121 4612 2247 4658 sunt
2266 4602 2353 4658 vel
2378 4616 2407 4656 a
2432 4599 2784 4655 familiaribus
2807 4612 2900 4651 seu
2930 4611 2959 4649 a
2989 4592 3301 4649 domesticis
3327 4591 3525 4655 tradis,
3558 4601 3613 4644 et
3641 4592 3725 4645 vel

425 4718 695 4765 certamen
728 4704 995 4769 inierunt,
1026 4705 1069 4757 si
1102 4704 1201 4758 ltoc
1248 4703 1428 4772 ipsum
1464 4717 1527 4756 ex
1562 4703 1663 4757 lide
1695 4712 1749 4757 et
1777 4716 1881 4757 non
1923 4702 2021 4757 ali-
2123 4701 2263 4754 bona
2314 4699 2528 4769 propria
2571 4696 2867 4751 aruiserunt
2906 4692 2993 4748 vel
3041 4688 3410 4743 sustinuerunt
3452 4692 3726 4737 tormenta

426 4815 531 4871 quo
558 4804 868 4868 argumento
894 4796 1110 4851 sibimet
1132 4806 1493 4865 przeparantes
1541 4806 1789 4865 egerunt,
1835 4804 1892 4850 ut
1921 4797 2023 4850 ite.
2124 4792 2205 4845 vel
2234 4793 2394 4845 etiam
2408 4788 2715 4845 carceribus
2740 4784 2928 4839 inclusi
2955 4792 3116 4846 sunt,
3148 4789 3202 4835 et
3221 4789 3397 4831 tamen
3425 4791 3483 4829 se
3512 4777 3731 4843 procla-

428 4908 544 4951 rum
569 4891 737 4945 teneri
756 4888 1063 4944 viderentur
1086 4898 1108 4923 ι’
1134 4897 1190 4940 ut
1215 4886 1239 4923 ι)
1260 4888 1540 4941 tormentis
1568 4886 1755 4957 subjici
1775 4896 2023 4957 tanquam
2054 4886 2106 4946 D
2132 4893 2412 4939 maverunt
2433 4896 2554 4936 esse
2578 4878 2939 4941 Christianos,
2982 4874 3111 4943 quin
3144 4884 3303 4925 etiam
3339 4878 3731 4937 perseverante

431 4993 680 5057 putentur
711 4983 887 5045 inviti;
918 4981 964 5033 si
1007 4995 1133 5049 ergo
1179 4994 1243 5035 ex
1296 4980 1399 5034 fide
1441 4980 1620 5034 luctati
1650 4989 1770 5033 sunt
1800 4989 1855 5034 et
1907 4994 2013 5034 nos

431 5098 498 5137 ex
530 5087 804 5148 compacto
832 5076 901 5130 ad
928 5074 1339 5130 ostentationem
1371 5084 1428 5128 ut
1468 5073 1793 5128 offerrentur
1817 5071 1915 5140 ipsi
1949 5071 2023 5125 fe-

435 5182 659 5235 cerunt,
694 5169 792 5225 hos
841 5167 1040 5237 placuit
1072 5168 1329 5221 honorem
1360 5167 1572 5234 quidem
1600 5165 1742 5220 sedis
1793 5164 2021 5233 proprie

434 5266 694 5327 retinere,
718 5260 914 5315 oli‘erre
935 5271 1108 5315 autem
1132 5259 1260 5324 illis,
1284 5269 1335 5313 et
1359 5272 1662 5313 sermonem
1679 5258 1743 5310 ad
1770 5258 2019 5326 populum

434 5357 633 5424 facere,
652 5361 749 5409 aut
768 5352 1034 5423 aliquibus
1057 5350 1479 5407 sacerdotalibus
1499 5348 1692 5403 officiis
1716 5346 1884 5419 fungi,
1914 5362 2018 5402 non

436 5450 610 5505 liceat.

508 5573 533 5600 α
563 5563 645 5618 Ab
682 5560 765 5616 his
784 5559 964 5617 verbis
990 5556 1277 5611 viderentur
1296 5567 1349 5611 ut
1382 5556 1641 5611 tormentis
1670 5552 1856 5623 incipit
1889 5553 1997 5609 Co-

439 5636 539 5692 dex
570 5635 628 5687 Β.
662 5633 725 5687 ιι.

508 5704 536 5745 δ
568 5704 655 5769 U.,
681 5714 745 5758 et.

512 5787 532 5815 ο
569 5767 680 5837 Ᾱςῖ..
714 5778 769 5827 Β.
797 5772 887 5834 ιι..
922 5772 984 5828 E.
1018 5771 1071 5836 5,
1111 5769 1173 5823 Τ.
1210 5767 1345 5834 1,’2.
1370 5769 1630 5828 reluctoti.
1662 5768 1755 5838 U.,
1783 5768 2015 5826 reluctati

441 5858 579 5913 sunt,
614 5846 741 5897 alios
769 5845 973 5913 quidem
1004 5842 1246 5897 ordinare
1273 5850 1491 5909 Oportet.

2132 4976 2379 5032 violentia
2412 4976 2478 5029 ad
2506 4974 2557 5029 id
2590 4987 2759 5040 usque
2791 4968 3031 5039 perducti
3052 4975 3205 5030 sunt,
3234 4973 3291 5017 ut
3322 4976 3511 5016 munus
3534 4976 3728 5014 eorum

2131 5073 2493 5140 apprehensas
2546 5077 2599 5121 et
2645 5067 2902 5118 violenter
2948 5069 3201 5114 attractas
3251 5070 3413 5125 super
3456 5052 3730 5107 sacriﬁcia

2130 5162 2491 5232 imponerent,
2570 5159 2678 5213 illis
2734 5156 2938 5212 scilicet
2987 5147 3454 5223 perseverantibus
3506 5147 3559 5198 in
3626 5145 3731 5198 fide

2131 5257 2461 5311 Christianos
2476 5262 2499 5290 θ
2523 5269 2581 5309 se
2602 5267 2723 5308 esse
2735 5249 3179 5306 vociferantibus;
3216 5244 3317 5296 hoc
3334 5254 3462 5309 ergo
3479 5238 3625 5307 quod
3651 5238 3732 5291 eis

2129 5348 2311 5402 invitis
2341 5357 2396 5403 et
2417 5348 2538 5401 aliis
2559 5344 2872 5415 cogentibus
2891 5339 3138 5408 contigit,
3162 5336 3206 5389 si
3228 5336 3373 5388 luctu
3404 5340 3458 5385 et
3491 5344 3731 5385 man-ore

2140 5441 2304 5497 animi
2336 5443 2527 5497 acerbe
2555 5455 2615 5495 se
2641 5438 2781 5494 ferre
2811 5438 3202 5497 demonstrant,
3224 5424 3506 5498 ipsosque'
3536 5424 3732 5479 humili

2183 5554 2209 5593 ά
2391 5553 2570 5638 _R.,
2604 5553 2664 5608 Ε.
2696 5553 2751 5619 3,
2796 5552 2860 5607 T.
2893 5548 3021 5618 1,2,
3052 5548 3142 5613 U.,
3177 5544 3417 5613 o/Terant,
3460 5557 3557 5595 nec
3609 5556 3732 5613 pro-

2120 5637 2353 5682 nuntient
2384 5637 2499 5681 nisi.

2200 5712 2222 5736 ε
2266 5699 2377 5761 At,
2409 5700 2465 5752 Β.
2502 5699 2590 5761 R.,
2617 5695 2703 5757 U.,
2730 5696 2783 5749 in
2826 5694 2950 5762 ﬁde,
2981 5700 3027 5749 et
3060 5690 3409 5746 Christianos.

2204 5770 2221 5808 τ
2267 5773 2329 5825 'l‘.
2365 5772 2414 5835 i,
2445 5770 2501 5835 ‘2,
2524 5767 2623 5839 ipsi
2652 5782 2868 5837 quoque.
