3882 6336
200 322 285 382 105
1098 328 1499 387 ϐΒίΕϐΟΒωΙ
1541 328 1758 388 CONCII

1923 360 1990 371 -—
2032 327 2552 389 ANCYIIITANUM.

3364 346 3464 399 too

197 441 470 512 perbonam
500 444 976 500 conversationem
1010 448 1189 499 habitu
1231 449 1539 503 incedentes
1569 449 1751 503 dolere
1783 456 1824 512 Α
1860 461 1962 501 nus
1999 448 2187 517 epulas
2219 450 2415 505 ibidem
2448 461 2805 520 portaverant
2857 463 3018 523 atque
3065 458 3420 514 comederunt
3462 510 3478 531 ,

195 551 245 591 se
270 536 397 607 quod
428 536 579 591 inviti
612 539 787 592 coacti
834 548 960 592 sunt
988 541 1233 603 doceant,
1271 544 1371 595 hos
1403 550 1649 611 tanquam
1683 542 1767 596 in.

196 628 405 697 culpatos
450 642 479 680 a
508 631 895 684 communione
920 646 1023 685 non
1068 633 1231 684 vetari
1258 640 1301 684 α.
1336 632 1391 686 Si
1437 644 1614 686 autem
1657 631 1768 701 jam

198 719 419 790 prohibiti
443 730 568 774 sunt
590 722 659 776 ab
681 723 947 790 aliquibus
968 739 995 776 a
1016 724 1415 792 coiomuuioue,
1444 725 1663 793 majoris
1686 726 1770 779 di-

194 810 395 880 ligentia
419 821 472 866 et
496 814 864 883 inquisitionis
877 830 1035 869 causa
1062 828 1149 870 aut
1174 833 1267 886 per
1288 818 1587 887 aliquorum
1620 819 1769 887 igno-

193 904 389 955 rantiam
413 946 427 965 ,
451 906 632 960 statim
647 906 814 975 recipi
836 919 1102 975 oportere.
1131 909 1243 963 HOC
1286 920 1463 964 autem
1495 911 1769 966 observari

192 1002 375 1060 oportet
396 1003 447 1047 et
467 994 531 1047 de
554 996 767 1050 clericis
791 1009 843 1051 et
870 997 935 1052 de
952 999 1101 1052 laicis
1120 1000 1370 1055 omnibus
1406 1019 1419 1054 :
1455 1002 1621 1057 Iaicos
1640 1018 1770 1059 sane

191 1084 262 1152 Qui
286 1086 333 1138 in
350 1086 550 1141 similes
570 1090 911 1145 necessitatis
933 1106 1120 1145 causas
1139 1092 1449 1149 inciderunt
1470 1137 1484 1161 ,
1514 1106 1767 1164 tanquam

189 1177 260 1241 qui
283 1177 400 1229 nihil
428 1191 809 1248 peccaverunt,
838 1184 1067 1238 maxime
1106 1186 1150 1239 si
1181 1201 1275 1241 eos
1324 1190 1626 1256 probabilis
1656 1190 1767 1245 vita

188 1268 525 1331 commendet,
559 1269 624 1323 ad
658 1270 1055 1328 ordinationem
1102 1275 1268 1344 recipi
1302 1278 1522 1346 placuit.

274 1355 351 1409 IV.
386 1356 457 1410 De
478 1358 557 1411 Itis
587 1360 753 1429 quiin
784 1365 981 1429 templis
1013 1365 1269 1419 idolorum
1306 1380 1656 1425 cmuaverunt.

246 1448 311 1501 De
348 1450 537 1517 bisqui
560 1454 875 1510 sacriﬁcare
904 1459 1072 1512 coacti
1094 1469 1240 1525 sunt,
1272 1462 1365 1517 sed
1396 1464 1557 1519 etiam
1587 1466 1654 1520 de
1685 1466 1769 1522 bis

186 1538 259 1609 qui
287 1540 333 1594 in
378 1543 585 1611 templis
615 1542 1305 1618 idolorum.cmnaverunt,
1357 1556 1401 1611 si
1439 1560 1528 1627 qui
1576 1574 1767 1616 eorum

187 1647 288 1686 cum
334 1634 509 1689 habitu
540 1639 776 1695 cultiore
805 1641 870 1695 ad
903 1646 1098 1711 templa
1134 1646 1374 1713 perducti
1406 1662 1563 1717 sunt,
1608 1664 1769 1722 atque

186 1723 245 1779 ibi
273 1728 573 1794 pretiosiore
602 1731 786 1789 adhuc
812 1744 961 1790 veste
984 1747 1188 1792 mutata
1211 1756 1381 1796 coenae
1404 1740 1454 1807 δ,
1480 1746 1768 1814 participes

1880 539 2076 605 placuit
2115 552 2169 596 ut
2204 555 2320 612 post
2378 546 2576 600 biennii
2638 550 3009 616 pcenitentiam
3052 552 3460 621 suscipiantur;

1878 630 1948 684 ita
1985 641 2160 689 tamen
2190 676 2201 696 ,
2233 646 2409 690 utrum
2443 652 2566 693 cum
2600 641 2873 697 oblatione
2922 643 3214 710 recipiendi
3255 650 3361 701 sint
3414 664 3484 707 an

1878 724 1941 777 ad
1980 728 2151 780 solam
2181 735 2623 787 communionem
2664 736 2873 790 admitti
2905 736 3157 806 deceant,
3189 744 3485 814 unusquis-

1876 831 1979 882 que
2011 818 2388 887 episcoporum
2423 827 2727 891 examinet,
2777 831 2899 883 vita:
2948 846 3135 885 eorum
3191 836 3481 902 przeteritc

1876 917 1930 962 et
1958 913 2242 978 prmseutis
2267 913 2447 969 habita
2479 920 2683 972 consido
2712 924 2945 977 ratione.

1914 999 2046 1053 VIII.
2084 1002 2160 1055 De
2184 1003 2264 1057 Iris
2293 1010 2379 1076 qui
2411 1026 2504 1076 per
2534 1010 2631 1063 vim
2663 1016 2828 1066 coacti
2861 1016 3014 1069 idolis
3038 1018 3449 1079 immolaverunt.

1950 1092 2011 1147 Ili
2063 1105 2242 1148 autem
2296 1101 2383 1166 qui
2436 1104 2677 1157 secundo
2720 1118 2775 1160 et
2830 1112 2989 1163 tertio
3038 1113 3487 1171 sacriﬁcaverunt

1877 1201 1973 1254 per
2007 1190 2111 1241 vim
2148 1194 2347 1257 coacti,
2398 1207 2629 1262 quatuor
2675 1200 2830 1254 anuis
2886 1203 2950 1255 ad
3015 1210 3391 1273 pceuitentiatu
3428 1226 3489 1267 se

1875 1282 2221 1351 submittant,
2268 1286 2480 1344 duobus
2506 1302 2686 1346 autem
2717 1296 2838 1349 aliis
2870 1297 2992 1354 sine
3024 1302 3302 1359 oblatione
3335 1321 3486 1360 corna

1874 1376 2174 1443 municent,
2230 1383 2466 1451 septimo
2523 1398 2704 1442 autem
2737 1403 2880 1445 anno
2915 1392 3307 1460 perfectionem
3342 1415 3487 1456 rece-

1874 1471 2012 1535 pturi
2044 1476 2462 1533 communionis.

1874 1563 1982 1631 20
2011 1562 2099 1619 IX.
2141 1564 2217 1619 De
2248 1568 2326 1621 Itis
2373 1572 2461 1639 qui
2496 1581 2543 1627 et
2569 1574 2691 1699 pliis
2720 1578 3058 1647 sacriﬁcandi
3089 1600 3305 1641 causam
3335 1597 3480 1642 attu-

2589 1659 2759 1699 erunt.

2589 1659 2759 1703 erunt.

1946 1729 2222 1801 Quotquot
2251 1750 2431 1791 autem
2464 1755 2570 1795 non
2599 1743 2777 1799 solum
2808 1761 2837 1800 a
2868 1747 2973 1804 fide
3002 1750 3274 1808 dominica
3303 1756 3487 1811 devia—

186 1817 291 1870 m“
336 1827 454 1873 sum
492 1819 792 1894 idolorum,
836 1824 1210 1885 indm-ereum.
1250 1845 1531 1889 sumemes
1583 1837 1763 1892 omnia
1800 1830 1846 1891 Β
1876 1831 2020 1886 runt,
2052 1825 2145 1878 sed
2178 1826 2341 1881 etiam
2375 1830 2790 1890 insurrexerunt
2826 1839 2877 1892 in
2917 1840 3053 1896 alios
3108 1854 3162 1899 et
3218 1843 3487 1904 fratribus

186 1911 512 1980 quiuerunt
548 1918 799 1986 apposita
836 1937 849 1971 :
897 1920 1095 1989 placuit
1142 1923 1285 1981 inter
1328 1928 1614 1987 audientes
1664 1948 1771 1987 uno

186 2014 303 2056 anno
330 2006 599 2073 constitui,
662 2008 830 2066 tribus
862 2022 1042 2068 autem
1088 2015 1205 2070 aliis
1246 2016 1405 2074 annis
1445 2035 1605 2091 agere
1652 2038 1771 2092 pm-

188 2093 455 2165 niteotiam,
506 2098 603 2153 sed
648 2115 718 2155 ex
768 2102 883 2171 ipso
912 2104 1146 2162 triennio
1178 2124 1271 2177 per
1323 2111 1599 2168 biennium
1648 2125 1768 2170 tan-

189 2194 433 2243 tummodo
475 2193 715 2247 orationi
738 2200 1162 2267 communicare,
1197 2204 1358 2258 tertio
1402 2213 1581 2262 autem
1626 2223 1772 2264 anno

185 2280 488 2337 reconciliari
519 2290 901 2343 sacramentis.

271 2368 329 2423 V.
360 2370 435 2426 De
459 2373 536 2427 Itis
562 2379 657 2445 qui
683 2380 866 2433 timore
894 2382 1019 2435 ritus
1042 2386 1309 2454 gentilium
1335 2400 1658 2461 peregerunt.

242 2461 493 2534 Quotquot
513 2476 700 2522 autem
718 2472 1075 2528 ascenderunt
1099 2479 1295 2546 templa
1312 2494 1434 2535 cum
1454 2491 1600 2536 veste
1620 2484 1766 2552 lugu-

186 2549 254 2605 bri
282 2565 325 2606 et
352 2557 735 2614 recumbentes
752 2560 891 2616 inter
917 2562 1049 2619 alios
1075 2569 1533 2626 manducaverunt
1555 2572 1766 2637 flentes.

182 2642 220 2697 si
240 2648 610 2716 compleverint
634 2653 742 2723 19
760 2655 1126 2722 pmniteutiam
1155 2661 1373 2717 triennii
1397 2673 1627 2734 tempus,
1652 2669 1769 2724 siue

182 2736 419 2797 oblatione
463 2747 835 2814 suscipiantur
887 2751 953 2805 ad
977 2758 1434 2826 communionem,
1491 2762 1544 2815 id
1589 2774 1672 2818 est
1711 2773 1769 2819 ut

182 2825 265 2896 ipsi
298 2832 617 2892 oblationem
673 2854 779 2894 non
830 2842 1085 2911 offerant;
1136 2851 1181 2901 si
1221 2859 1398 2904 autem
1432 2854 1672 2921 perducti
1700 2857 1765 2911 ad

184 2924 353 2989 templa
383 2941 485 2982 non
518 2931 1017 3003 manducaverunt,
1050 2938 1264 2995 biennio
1289 2956 1540 3000 maneant
1570 2947 1620 3001 in
1653 2964 1767 3017 poe-

182 3009 396 3083 nitentia,
449 3021 613 3075 tertio
661 3037 791 3078 vero
820 3041 963 3082 anno
1013 3036 1437 3101 communicent,
1499 3040 1592 3093 sed
1646 3040 1765 3098 sine

180 3104 423 3165 oblatione
453 3121 513 3166 ut
538 3114 748 3171 dictum
762 3128 865 3185 est,
895 3130 953 3174 ut
980 3133 1171 3191 quarto
1180 3125 1289 3194 jam
1313 3143 1452 3181 anno
1476 3132 1763 3199 perfectio-

1880 1930 2265 1983 persuaserunt
2295 1932 2349 1976 et
2381 1927 2458 1978 rei
2497 1927 2619 1983 lacti
2670 1939 2797 1983 sunt
2849 1937 3224 1999 persuasionis
3248 1985 3262 2007 ,
3303 1942 3357 1997 hi
3392 1959 3487 2012 per

1878 2007 2168 2065 triennium
2202 2014 2420 2082 quidem
2456 2019 2599 2075 inter
2645 2028 3072 2084 catechumenos
3126 2032 3432 2090 habeantur
3458 2080 3474 2105 ,

1877 2116 1972 2169 per
2023 2105 2167 2159 aliud
2222 2118 2404 2163 autem
2454 2116 2776 2171 sexennium
2833 2121 3170 2189 paenitentiae
3221 2131 3486 2198 recipiant

1876 2194 2075 2265 locum,
2112 2199 2216 2253 alio
2240 2216 2369 2257 vero
2397 2220 2561 2272 anno,
2596 2208 2648 2263 id
2682 2219 2766 2266 est
2785 2212 3021 2282 deciruo,
3047 2224 3486 2282 communionem

1874 2288 1993 2344 sine
2020 2289 2295 2349 oblatione
2318 2299 2585 2368 recipiant
2614 2341 2629 2368 ,
2665 2312 2724 2357 ut
2754 2311 3028 2378 completo
3060 2313 3329 2373 decennio
3361 2337 3486 2389 per-

1874 2381 2109 2440 fectione
2152 2384 2400 2444 fruantur
2438 2410 2451 2446 :
2489 2394 2541 2447 in
2570 2411 2637 2450 eo
2666 2407 2844 2455 autem
2896 2404 3014 2471 ipso
3050 2422 3292 2479 tempore
3322 2414 3484 2471 etiam

1875 2476 1981 2531 vita
2011 2492 2202 2535 eorum
2226 2493 2280 2539 et
2306 2491 2650 2544 conversatio
2677 2494 3077 2555 consideranda
3100 2512 3203 2560 est.

2407 2579 2473 2633 Χ.
2508 2578 2586 2637 De
2611 2584 2933 2646 diaconibus.

1948 2663 2169 2721 Diaeoui
2203 2670 2515 2742 quicunque
2555 2690 2678 2731 cum
2712 2680 3054 2751 ordinantur,
3087 2688 3131 2741 si
3166 2689 3217 2743 iu
3251 2690 3364 2762 ipsa
3396 2712 3484 2753 ur-

1871 2753 2147 2813 dinatione
2203 2766 2485 2828 protestati
2536 2778 2665 2823 sunt
2714 2771 2956 2830 dicentes
3007 2780 3145 2835 velle
3188 2797 3249 2838 se
3272 2753 3485 2846 habere

1874 2860 2073 2903 uxores
2124 2865 2222 2905 nec
2282 2870 2441 2921 posse
2486 2873 2545 2915 se
2600 2864 2903 2933 continere,
2960 2870 3011 2923 bi
3061 2886 3247 2941 postea
3282 2924 3294 2945 ,
3330 2880 3377 2933 si
3411 2883 3480 2937 ad

1872 2940 2083 3006 nuptias
2113 2948 2500 3015 convenerint,
2540 2967 2789 3010 maneant
2814 2957 2866 3011 iu
2893 2963 3195 3021 ministerio
3228 2982 3482 3038 propter-

1870 3044 1930 3083 ea
1989 3034 2131 3101 quod
2164 3036 2249 3091 his
2279 3040 2569 3112 episcopus
2617 3047 2888 3105 licentiam
2934 3055 3144 3112 dederit
3191 3034 3479 3133 :uni-t'uu-

1868 3136 1972 3189 que
2002 3138 2133 3180 sane
2167 3136 2452 3187 tacuerunt
2503 3146 2557 3189 et
2601 3153 2963 3210 susceperunt
3014 3164 3207 3206 manus
3258 3157 3482 3225 imposi-

2768 3203 2779 3210 .
3258 3203 3448 3225 ---.,,,,-.

179 3213 279 3253 nem
309 3218 454 3261 suam
485 3210 780 3280 recipiant.
817 3214 1140 3285 Episc0pum
1172 3219 1294 3276 hinc
1319 3235 1338 3261 c
1362 3224 1559 3280 habere
1588 3228 1754 3283 ηοεη-
1786 3203 1833 3267 C
1869 3214 2069 3271 tionem
2107 3220 2335 3287 professi
2368 3230 2787 3299 continentiam,
2834 3248 2889 3292 et
2926 3252 3114 3307 postea
3142 3246 3210 3299 ad
3256 3254 3475 3321 nuptias

179 3290 282 3321 εἶα-ι-
311 3307 511 3321 ...ι--.-ι
565 3310 622 3321 --ι
657 3318 775 3321 _-‘-
799 3319 808 3321 _
836 3320 841 3321 ,
864 3318 898 3321 γ.
998 3308 1010 3320 ο
1130 3312 1139 3321 ι
1640 3320 1645 3321 ,

179 3290 283 3345 tiam
309 3307 538 3367 oportet,
565 3310 627 3356 ut
657 3318 935 3373 perspecta
966 3308 1300 3379 singulorum
1348 3320 1759 3375 conversatione

178 3398 393 3443 normam
425 3392 783 3466 regulamque
822 3403 1249 3459 conversationis
1277 3408 1559 3473 attribuat,
1595 3410 1646 3463 id
1676 3419 1761 3466 est

176 3488 252 3529 aut
285 3479 565 3542 humanius
596 3503 770 3561 agens
801 3494 1100 3550 secundum
1137 3497 1261 3552 vita:
1289 3500 1507 3555 modum
1541 3511 1757 3575 tempus

176 3568 307 3625 alicui
332 3576 597 3647 breviare,
631 3592 725 3638 aut
753 3584 916 3641 etiam
964 3589 1246 3659 prolixius,
1290 3596 1432 3663 quod
1463 3600 1759 3654 correctio-

178 3658 244 3713 nis
286 3674 649 3728 necessarium
702 3676 920 3744 viderit,
966 3682 1185 3737 addere.
1219 3684 1543 3744 Discutiatur
1577 3700 1756 3747 autem

176 3754 385 3811 Domitian
425 3761 621 3817 borum
677 3777 732 3821 et
780 3771 1092 3833 praecedens
1138 3776 1243 3827 vita
1272 3786 1327 3830 et
1366 3782 1651 3847 posterior,
1704 3792 1760 3839 et

173 3840 232 3897 ita
252 3846 377 3904 circa
408 3867 502 3908 eos
530 3858 890 3915 sacerdotalis
915 3861 1224 3921 humanitas
1250 3867 1578 3926 moderetur.

251 3938 331 3995 Vl.
355 3941 431 3997 De
445 3945 528 3999 Itis
557 3947 654 4017 qui
675 3950 732 4003 in
764 3950 890 4006 locis
914 3952 1176 4010 idolorum
1196 3960 1653 4019 manducaverunt.

232 4031 299 4090 De
325 4036 401 4091 his
429 4042 520 4108 qui
568 4044 733 4100 minis
780 4053 984 4103 tantum
1015 4063 1318 4117 cesserunt,
1355 4066 1446 4110 aut
1492 4058 1753 4117 bonorum

170 4120 412 4183 oblatione
431 4138 1025 4203 auttransportationis
1068 4158 1226 4213 pretia
1267 4145 1513 4205 deterriti
1543 4153 1752 4208 sacrili-

170 4225 418 4287 caverunt,
446 4230 503 4277 et
532 4238 680 4280 nunc
702 4241 874 4297 usque
904 4245 1011 4285 non
1037 4235 1402 4300 pmnituerunt
1430 4257 1604 4311 neque
1624 4258 1754 4302 con-

171 4307 287 4409 versi
311 4320 451 4377 sunt,
484 4314 652 4370 modo
679 4326 889 4386 autem,
944 4321 996 4377 id
1026 4333 1110 4380 est
1142 4335 1386 4398 tempore
1428 4307 1586 4403 hujus
1616 4352 1749 4409 syno

164 4391 255 4463 odi,
284 4409 341 4453 se
384 4402 709 4461 obtulerunt
739 4414 1117 4469 conversionis
1158 4432 1271 4473 sua:
1321 4425 1607 4481 consilium
1657 4444 1750 4484 ca-

168 4485 381 4558 pientes,
412 4496 623 4566 placuit
659 4515 755 4558 eos
811 4518 981 4576 usque
1035 4509 1102 4564 ad
1154 4527 1407 4582 magnum
1433 4518 1575 4574 diem
1604 4521 1748 4579 inter

166 4580 421 4641 audientes
452 4593 665 4663 suscipi
700 4634 718 4664 ,
768 4600 1144 4667 penitentiam
1175 4580 1356 4663 autem
1381 4625 1541 4680 agere
1574 4616 1744 4671 tricu-

164 4671 259 4739 aio,
284 4688 337 4733 et
360 4692 484 4750 post
506 4682 652 4741 alios
682 4686 822 4744 duos
853 4703 1025 4748 annos
1049 4696 1170 4753 siue
1197 4698 1472 4758 oblatione
1496 4720 1742 4764 commu-

163 4765 347 4841 nicari,
393 4784 449 4829 et
481 4777 559 4832 ita
591 4778 809 4837 demum
852 4799 946 4841 sex
991 4788 1146 4845 annis
1192 4795 1475 4862 completis
1520 4800 1586 4854 ad
1621 4817 1744 4869 per-

164 4855 336 4919 lectum
360 4869 677 4937 pervenire.
704 4872 864 4940 Quod
893 4880 940 4932 si
969 4880 1134 4950 aliqui
1166 4892 1293 4941 ante
1319 4855 1424 4941 hoc
1456 4855 1742 4949 concilium

159 4961 369 5026 Suscepti
401 4972 533 5016 sunt
578 4963 647 5017 ad
691 4966 1093 5037 penitentiam,
1130 4988 1200 5028 ex
1245 4975 1339 5031 illo
1367 4989 1610 5049 tempore
1641 4983 1743 5038 im-

162 5048 405 5109 putabitur
458 5054 539 5111 eis
595 5056 812 5115 initium
869 5065 1119 5119 sexennii
1165 5071 1447 5127 constituti
1481 5048 1667 5145 quod
1695 5080 1741 5135 si

158 5135 290 5195 alicui
312 5144 503 5203 borum
535 5150 820 5220 quodlibet
837 5157 1028 5213 mortis
1051 5160 1348 5229 periculum
1377 5176 1470 5221 aut
1490 5135 1556 5223 ei
1580 5172 1740 5241 aegri-

158 5231 314 5291 tudine
343 5250 438 5296 aut
468 5257 536 5298 ex
568 5245 754 5315 aliqua
783 5262 947 5305 causa
970 5252 1257 5323 acciderit,
1286 5257 1372 5314 his
1402 5266 1741 5322 communio—

154 5335 255 5381 nem
283 5342 503 5401 propter
525 5337 785 5397 viaticum
817 5358 974 5399 suum
1005 5361 1113 5403 non
1143 5351 1352 5422 negari.

242 5420 343 5478 VII.
376 5426 458 5483 De
486 5430 567 5485 his
591 5434 681 5503 qui
706 5439 1004 5505 frequenter
1027 5440 1186 5496 idolis
1209 5420 1628 5506 immolaverunt.

214 5510 279 5569 De
308 5518 390 5573 bis
420 5524 514 5590 qui
571 5524 727 5581 festis
776 5528 972 5585 diebus
1020 5548 1353 5605 paganorum
1408 5541 1462 5596 iu
1512 5546 1739 5603 remotis

151 5613 313 5663 eorum
345 5613 479 5670 locis
509 5622 780 5678 conviviis
806 5622 1198 5700 interfuerunt,
1226 5642 1282 5690 et
1307 5650 1437 5692 suas
1460 5638 1738 5698 nihilomi-

206 5771 227 5845 ξ
374 5790 475 5829 non
517 5778 717 5845 placuit
744 5786 925 5839 uetari.

206 5833 228 5873 ⁵
256 5833 337 5909 U.,
370 5858 501 5901 reste
517 5833 1014 5920 'inimutataretiam
1040 5877 1214 5921 certe.

402 5939 678 6010 Panos.
714 5948 1075 6020 LXXXIV.

1866 3322 2260 3381 convenerunt,
2292 3332 2322 3369 a
2355 3320 2657 3378 ministerio
2688 3344 2904 3387 cessare
2934 3335 3225 3397 debebunt.

1976 3402 2064 3457 XI.
2096 3403 2175 3459 De
2206 3410 2530 3478 desponsatis
2559 3419 2747 3487 puellis
2775 3434 2823 3477 et
2855 3426 2917 3478 ab
2944 3430 3065 3484 aliis
3095 3441 3373 3507 corruptis.

1940 3492 2302 3564 Desponsatas
2337 3505 2542 3570 puellas
2574 3520 2627 3563 et
2660 3522 2848 3580 postea
2881 3520 2949 3571 ab
2978 3522 3101 3577 aliis
3132 3492 3473 3603 raptaspla—

1864 3584 1977 3640 cuit
2004 3590 2121 3644 erui
2146 3600 2202 3645 et
2235 3592 2319 3649 his
2348 3597 2496 3653 reddi
2530 3602 2729 3671 quibus
2762 3606 2979 3666 fuerant
3024 3584 3207 3672 antea.
3234 3584 3473 3694 desprou-

1864 3689 2018 3745 satae,
2050 3682 2213 3737 etiam
2246 3688 2289 3740 si
2325 3703 2418 3745 eas
2444 3706 2473 3746 a
2506 3698 2817 3764 raptoribus
2846 3705 3037 3763 ﬂorem
3083 3712 3307 3779 pudoris
3336 3682 3471 3777 ami-

1865 3778 2002 3828 sisSe
2031 3778 2362 3835 constiterit.

1864 3862 1981 3920 XII.
2017 3866 2095 3922 De
2123 3871 2204 3926 Itis
2228 3877 2318 3939 qui
2347 3886 2467 3933 ante
2489 3880 2803 3950 baptismum
2844 3896 3267 3963 sacriﬁcaverunt
3295 3906 3471 3967 idolis.

1938 3958 2047 4014 Eos
2074 3964 2165 4031 qui
2194 3974 2320 4021 ante
2350 3969 2681 4039 baptismum
2715 3958 3168 4049 sacriﬁcaverunt
3206 4007 3260 4052 et
3283 4013 3473 4069 postea

1861 4050 2189 4122 baptismum
2222 4067 2500 4120 consecuti
2536 4079 2682 4137 sunt,
2725 4074 2930 4142 placuit
2958 4082 3023 4137 ad
3058 4050 3312 4145 ordinem
3348 4111 3471 4161 pro-

1859 4148 2091 4212 moveri,
2126 4158 2381 4223 tauquam
2415 4158 2483 4214 ab
2538 4164 2687 4219 omni
2718 4168 2948 4229 crimine
2980 4177 3183 4237 lavacri
3218 4185 3473 4246 salutaris

1858 4242 2290 4301 sanetilicatione
2324 4261 2605 4321 purgatos.

2317 4341 2361 4395 Χ
2373 4344 2383 4393 l
2395 4344 2457 4399 ll.
2494 4346 2570 4401 De
2599 4350 3001 4427 chorepiswpis.

1935 4426 2173 4485 Vicarios
2200 4432 2610 4509 episcoporum,
2638 4457 2777 4511 quos
2810 4426 2985 4505 Graeci
3031 4455 3459 4532 chorepiscopos

1860 4517 2048 4574 dicunt
2074 4563 2089 4588 ,
2139 4539 2246 4579 non
2275 4526 2440 4583 licere
2467 4531 2551 4585 vel
2586 4536 2939 4608 presbyteros
2968 4547 3051 4600 vel
3082 4547 3341 4607 diaconos
3362 4517 3467 4613 lor-

1857 4614 2071 4682 dinare,
2106 4618 2200 4672 sed
2232 4636 2332 4675 nec
2367 4627 2701 4694 presbyteris
2756 4634 2995 4693 civitatis
3047 4643 3169 4697 sine
3222 4649 3470 4722 episcopi

1853 4720 2125 4778 praecepto
2155 4715 2388 4781 amplius
2435 4719 2639 4788 aliquid
2693 4724 2985 4797 imperare,
3012 4734 3093 4788 vel
3126 4715 3467 4800 sineaucto~

1853 4802 2009 4858 ritate
2044 4804 2349 4864 litterarum
2380 4811 2500 4881 ejus
2534 4816 2586 4869 iu
2612 4831 2936 4892 unaquaque
2968 4831 3222 4893 parocbia
3254 4835 3460 4909 aliquid

1850 4909 2030 4966 agere.

1982 4989 2120 5045 XIV.
2157 4992 2236 5047 De
2258 4998 2567 5070 presbyteris
2596 5020 2628 5057 a
2658 5020 2812 5061 carne
2837 5026 2892 5064 se
2918 5012 3313 5078 abstinentibus.

1925 5082 1999 5138 De
2028 5082 2111 5139 his
2140 5089 2229 5155 qui
2264 5090 2317 5143 in
2350 5094 2496 5149 clero
2530 5106 2659 5151 sunt
2708 5107 3017 5175 presbyteri
3047 5110 3128 5164 vel
3161 5113 3374 5174 diaconi
3401 5135 3449 5175 et

1846 5177 2119 5235 abstineat
2148 5197 2177 5236 a
2207 5186 2481 5257 carnibus,
2518 5191 2621 5247 hoc
2666 5195 2869 5264 placuit
2895 5203 3081 5269 statui,
3120 5216 3177 5259 ut
3208 5223 3313 5265 non
3364 5228 3457 5269 eas

1848 5278 2101 5341 tanquam
2134 5276 2445 5337 immundas
2475 5299 2847 5357 contemnant,
2882 5297 3193 5366 contingant
3220 5312 3399 5361 tamen
3441 5350 3453 5373 ,

1846 5380 1875 5419 a
1903 5368 2096 5437 quibus
2123 5374 2339 5442 quidem
2365 5378 2467 5448 21
2496 5379 2538 5432 si
2561 5380 2830 5439 abstinere
2858 5388 3046 5443 volunt
3086 5390 3320 5451 habeant
3354 5368 3455 5467 po;

1846 5470 2093 5516 testatem
2123 5480 2135 5529 ;
2169 5465 2241 5518 ita
2276 5476 2457 5523 tamen
2491 5474 2619 5525 utsi
2662 5476 2882 5543 quando
2913 5494 3036 5533 curn
3072 5485 3315 5543 oleribus
3355 5465 3456 5544 co-

1842 5568 2105 5625 quunlur,
2133 5560 2326 5615 eadem
2360 5571 2618 5633 tanquam
2649 5568 2902 5625 carnibus
2940 5563 3142 5641 polluta
3174 5594 3278 5634 non
3311 5580 3455 5647 jttdl-

1844 5657 1991 5717 cent,
2020 5649 2116 5704 sed
2142 5650 2209 5707 de
2242 5651 2326 5708 bis
2354 5654 2421 5710 ad
2452 5658 2634 5713 cibum
2661 5674 2941 5718 assumant
2994 5670 3243 5735 quamvis
3274 5686 3306 5726 a
3338 5687 3456 5729 car-

1918 5816 1942 5843 ο
1973 5806 2083 5893 lii,
2210 5810 2301 5893 LL,
2339 5811 2402 5866 Ε.
2445 5812 2497 5876 ’5,
2548 5816 2609 5869 Τ.
2645 5816 2669 5869 1
2708 5857 2720 5880 ,
2759 5818 2847 5893 IL,
2910 5819 3233 5893 Episcopum
3282 5837 3453 5883 autem

1846 5878 1983 5935 hinc.
2015 5881 2078 5937 Τ.
2111 5880 2167 5952 2,
2199 5880 2517 5956 Episcopum
2551 5878 2721 5942 autem
2753 5878 2906 5945 hanc.

2966 5984 3002 6042 4
