3882 6378
408 394 512 453 107

1123 390 1502 450 COLLECTIO
1541 386 1871 446 CANONUM
1907 385 1964 442 S.
2009 381 2279 443 ISIDORO
2321 384 2585 445 HISPAL.
2632 386 2995 445 ASCRIP’I‘A.

405 514 562 569 nibus
592 527 652 569 se
680 512 996 567 abstineant.
1029 511 1184 579 Quod
1216 511 1260 565 si
1291 512 1343 565 in
1373 518 1575 565 tantum
1622 523 1714 563 eas
1755 509 1982 560 immnn-
2008 504 2059 562 Δ
2089 502 2417 573 invenerint,
2452 506 2745 562 seditiones
2788 504 3072 562 excitando
3114 504 3368 561 advenas
3410 518 3503 560 eos
3524 545 3540 567 .
3586 504 3689 562 bos

402 606 500 661 das
524 615 579 662 et
601 604 981 659 abominabiles
1008 603 1385 674 judicaverint,
1434 612 1493 658 nt
1544 618 1641 659 nec
1684 601 1827 655 olera
1859 612 1980 668 qua:

402 715 524 754 cum
555 698 802 753 carnibus
831 708 1135 766 coquuntur
1165 698 1434 753 aestiment
1480 693 1831 757 comedenda,
1868 702 1981 745 tan-

401 806 559 861 quam
591 805 693 842 non
722 789 1123 842 consentientes
1150 787 1274 843 huic
1306 788 1503 859 rcgulr
1526 830 1539 853 ,
1571 799 1785 842 cessare
1809 792 1830 819 ¹¹
1887 783 1983 837 hos

401 888 614 949 oportet
644 895 671 932 a
722 879 1020 933 ministerio
1067 886 1122 933 rt
1171 878 1357 933 ordine
1382 895 1495 932 suo.
1550 878 1605 931 Si
1660 878 1775 946 quis
1806 884 1981 929 autem

399 970 537 1024 hanc
570 970 805 1038 regulam
854 970 1091 1023 monitus
1132 985 1237 1024 non
1268 968 1292 1006 ⁵
1321 969 1601 1033 obedierit,
1656 968 1747 1022 sed
1793 978 1982 1019 carnes

397 1071 459 1117 ut
488 1062 685 1116 dictum
718 1072 799 1115 est
830 1061 1138 1115 immundos
1164 1070 1217 1114 et
1247 1059 1632 1114 abominandas
1678 1059 1980 1112 mslimave-

406 1155 501 1222 rit,
533 1170 745 1208 cessare
775 1154 931 1207 debet
958 1153 1025 1206 ab
1054 1153 1244 1206 ordine
1272 1166 1391 1206 suo.

464 1253 580 1309 XV.
615 1252 735 1306 Non
755 1252 931 1306 debere
959 1252 1273 1324 presbyteros
1294 1251 1635 1305 ecclesiastica
1667 1250 1902 1304 vendere.

462 1345 520 1401 Si
549 1363 650 1416 qua
682 1346 747 1399 de
774 1350 931 1402 rebus
960 1346 1231 1408 ecclesiae,
1260 1360 1379 1398 cum
1405 1344 1691 1413 episcOpus
1743 1357 1849 1397 n0n
1879 1350 1984 1407 est,

392 1436 697 1507 pre~byteri
728 1436 1081 1501 vendiderint,
1127 1436 1325 1505 placuit
1358 1434 1583 1489 rescissi»
1614 1444 1888 1489 contraetu
1919 1433 1987 1486 ad

388 1528 477 1595 jus
498 1528 920 1583 ecclesiasticum
948 1528 1183 1581 revocari
1212 1544 1225 1578 :
1252 1528 1300 1579 in
1324 1525 1523 1593 judicio
1552 1536 1729 1579 autem
1761 1525 1987 1591 (ει-ηειρί-

388 1617 536 1683 scopi
562 1618 903 1669 constitutum
930 1619 970 1668 si
995 1616 1215 1683 pretium
1238 1616 1430 1670 debeat
1471 1616 1633 1682 recipi
1656 1630 1843 1679 necne,
1867 1628 1987 1679 pro-

393 1719 511 1777 pter
534 1710 673 1775 quod
693 1723 835 1773 saepe
867 1707 1510 1776 t-ontingitdistractarum
1543 1722 1719 1759 rerum
1749 1705 1987 1759 redditus

388 1798 702 1867 ampliorem
734 1812 995 1852 summam
1043 1814 1136 1865 pro
1166 1806 1385 1865 acoepto
1425 1797 1593 1863 pretio
1642 1796 1953 1850 reddidisse.

593 1892 734 1949 XVI.
762 1895 837 1948 De
864 1896 941 1948 his
963 1896 1047 1965 qui
1068 1896 1489 1950 irrationabiliter
1515 1898 1766 1950 vixerunt.

471 1988 522 2039 In
552 1986 655 2040 hoc
685 1987 837 2040 titulo
860 1986 1041 2040 Greca
1071 1987 1233 2041 Verba
1267 1988 1379 2043 haec
1416 1999 1540 2043 sunt
1568 2006 1581 2041 :
1608 1993 1729 2065 Περὶ
1751 1996 1850 2045 τῶν
1872 1989 1992 2043 ἀλο-

386 2079 708 2151 γιυσαμένων
733 2076 761 2135 ἦ
787 2081 869 2130 καὶ
899 2078 1282 2151 ἀλογωομένων,
1328 2094 1445 2143 qum
1482 2092 1580 2131 nos
1628 2080 1815 2132 Latine
1856 2093 1988 2147 pos—

385 2182 571 2221 sumus
618 2168 797 2220 ditere
836 2184 847 2219 :
910 2167 981 2220 De
1030 2166 1109 2219 bis
1163 2169 1250 2236 qui
1310 2168 1738 2222 irrationabiliter
1786 2167 1986 2221 versati

393 2271 521 2314 sunt
551 2263 662 2314 sive
691 2267 989 2313 versantur.
1023 2260 1224 2315 Sensus
1261 2272 1437 2314 autem
1481 2242 1532 2314 in
1580 2260 1678 2314 hac
1725 2260 1990 2315 sententia

388 2353 585 2421 duplex
627 2368 748 2406 esse
798 2362 997 2417 ,iltESl,
1046 2353 1132 2419 qui
1157 2366 1220 2405 ex
1264 2352 1488 2422 objectis
1535 2352 1849 2423 conjicitur,
1901 2357 1991 2405 aut

386 2443 457 2499 de
484 2446 564 2498 bis
596 2446 681 2512 qui
714 2460 833 2498 cum
869 2446 1148 2512 peronibus
1171 2445 1309 2499 coitu
1335 2445 1490 2498 mixti
1533 2456 1657 2499 sunt
1680 2486 1693 2510 ,
1726 2453 1817 2497 aut
1838 2458 1989 2499 more

388 2550 647 2606 pecorum
677 2537 875 2590 incesta
909 2552 1029 2591 cum
1060 2537 1370 2607 propinquis
1411 2538 1672 2608 sanguine
1701 2538 1989 2595 commise-

386 2636 529 2679 runt.
585 2625 855 2695 Quotquot
920 2626 1079 2695 igitur
1132 2636 1253 2680 ante
1296 2628 1605 2681 vicesimum
1665 2630 1837 2681 :etatis
1878 2643 1988 2682 sure

388 2731 587 2769 annum
641 2716 746 2769 tale
774 2717 977 2771 crimen
1006 2716 1353 2783 admiserint,
1382 2720 1683 2788 quindecim
1736 2721 1887 2774 annis
1933 2721 1983 2775 in

388 2806 702 2876 paenitentia
730 2808 952 2874 exactis,
983 2809 1207 2863 orationi
1238 2817 1445 2863 tantum
1474 2810 1727 2879 incipiant
1746 2826 1987 2867 eorumn-

387 2903 605 2967 nicare,
639 2913 689 2955 et
720 2903 1085 2971 quinquennio
1113 2904 1279 2958 altero
1310 2903 1361 2957 in
1392 2907 1771 2963 communione
1797 2908 1989 2961 oratio-

386 2994 475 3047 nis
498 2993 664 3047 solius
694 2993 1042 3061 perdurantes
1082 3002 1198 3061 post
1224 2994 1536 3050 vicesimum
1563 3012 1682 3050 cum
1716 2997 1988 3051 oblatione

386 3085 452 3138 ad
485 3087 914 3140 communionem
940 3086 1323 3157 suscipiantur.
1355 3088 1678 3143 Discutiatur
1707 3096 1884 3143 autem
1930 3098 1985 3144 et

386 3177 491 3233 vita
519 3193 704 3234 eorum
729 3194 847 3247 quae
872 3178 1030 3233 fuerit
1055 3179 1109 3234 in
1138 3189 1378 3249 tempore
1405 3181 1735 3250 pmnitentim
1754 3222 1769 3245 ,
1814 3190 1869 3235 et
1912 3182 1981 3235 ita

387 3270 527 3325 hanc
556 3271 937 3325 humanitatem
969 3280 1363 3341 consequantur
1389 3290 1401 3325 :
1431 3272 1571 3342 quod
1593 3274 1637 3327 si
1681 3271 1769 3341 qui
1805 3286 1984 3341 perse-

384 3366 663 3420 verantius
710 3366 861 3421 abusi
892 3375 1019 3420 sunt
1043 3367 1143 3420 hoc
1169 3365 1426 3433 crimine,
1473 3376 1497 3405 α
1537 3365 1824 3435 prolixiora
1860 3375 1993 3421 tem-

386 3470 520 3528 pore
576 3456 630 3511 id
690 3466 775 3513 est
827 3457 1013 3527 viginti
1076 3472 1339 3513 annorum
1399 3460 1771 3529 paenitentiam
1823 3457 1991 3512 solam

387 3548 699 3618 suscipiant.
753 3549 1024 3620 Quotquot
1077 3564 1203 3604 vero
1249 3559 1440 3606 exacta
1487 3549 1673 3621 viginti
1729 3567 1990 3607 annorum

389 3650 545 3696 mlate
574 3652 628 3696 et
658 3656 850 3695 uxores
880 3642 1143 3697 habentes
1171 3643 1222 3700 in
1266 3643 1367 3701 hoc
1386 3644 1614 3698 crimine
1666 3643 1989 3713 inciderunt,

387 3735 575 3803 viginti
617 3737 851 3806 quinque
880 3738 1032 3789 anuis
1070 3737 1378 3804 paenitentia
1407 3748 1523 3792 acta
1564 3738 1630 3791 ad
1657 3740 1992 3794 communio-

388 3844 512 3883 nem
576 3828 876 3882 orationum
926 3827 1307 3894 admittantur;
1358 3829 1409 3883 in
1461 3845 1561 3898 qua
1609 3830 1990 3886 communione

390 3920 698 3975 orationum
750 3920 919 3973 altero
964 3919 1320 3988 quinquennio
1368 3920 1723 3991 perdurantes
1766 3922 1982 3991 plenam

389 4012 820 4065 communionem
870 4025 991 4066 cum
1038 4012 1307 4066 oblatione
1352 4009 1715 4080 dpercipiant.
1760 4013 1910 4079 Quod
1940 4011 1987 4070 si

387 4104 553 4173 aliqui
580 4113 635 4159 et
665 4118 857 4157 uxores
888 4103 1144 4157 habentes
1186 4112 1238 4157 et
1267 4104 1571 4158 excidentes
1615 4107 1989 4175 quinquagesi-

392 4211 541 4251 mum
572 4194 745 4249 a-tatis
772 4210 879 4247 sum
922 4207 1117 4247 anitum
1153 4195 1203 4247 in
1251 4194 1352 4249 hoc
1399 4197 1635 4263 prolatsi
1689 4200 1793 4268 22
1841 4209 1982 4267 sunt,

390 4287 456 4342 ad
484 4288 704 4343 exitium
731 4286 856 4339 vita:
890 4293 1093 4338 tantum
1125 4287 1554 4340 communionem
1588 4298 1913 4343 mereantur.

517 4377 675 4432 XVII.
713 4377 787 4429 De
814 4379 889 4430 his
914 4376 1002 4443 qui
1023 4376 1151 4428 sicut
1180 4376 1426 4428 animalia
1454 4387 1593 4429 muta
1620 4379 1867 4435 vixerunt.

462 4468 570 4521 llos
615 4468 830 4521 eosdem
896 4483 1026 4521 sane
1088 4481 1191 4520 non
1240 4468 1410 4521 solum
1465 4476 1486 4502 ε
1531 4466 1670 4523 idem
1743 4470 1983 4540 leprosos

393 4561 616 4616 crimine
668 4560 1031 4627 hujuscemodi
1073 4558 1271 4625 factos,
1324 4560 1418 4613 sed
1463 4568 1515 4613 et
1559 4560 1693 4615 alios
1740 4563 1840 4617 ism
1887 4582 1982 4617 suo
2012 4582 2065 4643 ι)

390 4650 581 4707 morbo
611 4652 878 4719 replentes
904 4691 919 4714 ,
953 4649 1147 4719 placuit
1174 4652 1313 4704 inter
1345 4665 1439 4705 eos
1470 4666 1625 4707 orare
1662 4654 1752 4721 qui
1784 4666 1981 4723 tempe-

389 4752 525 4800 state
550 4743 834 4810 jactautur,
859 4742 946 4811 qui
975 4755 1005 4793 a
1032 4740 1183 4795 nobis
1212 4743 1555 4812 energunteni
1592 4744 1981 4813 intelliguntur.

461 4834 641 4889 XVIII.
684 4833 756 4885 De
782 4834 1029 4902 episcopis
1051 4835 1136 4902 qui
1167 4837 1387 4887 ordinati
1420 4852 1520 4888 non
1541 4839 1909 4906 suscipiuntur.

462 4926 515 4980 Si
550 4926 637 4995 qui
666 4924 899 4994 episcopi
932 4927 1161 4992 suscepti
1192 4942 1296 4979 non
1328 4936 1449 4979 sunt
1483 4942 1510 4979 a
1542 4942 1632 4981 sua
1666 4930 1881 4985 ditecesi
1931 4932 1983 4989 iu

394 5034 497 5086 qua
546 5019 751 5071 fuerant
809 5014 826 5053 ί
871 5018 1141 5083 denotati,
1193 5018 1259 5072 ad
1313 5020 1555 5073 eamdem
1584 5022 1773 5089 jndicis
1805 5024 1984 5080 edicto

391 5105 569 5163 redire
597 5106 1014 5172 compellantur;
1047 5106 1189 5176 quod
1232 5110 1274 5162 si
1330 5111 1590 5164 voluerint
1629 5112 1760 5166 alias
1806 5115 1981 5171 eccle-

391 5200 499 5253 sias
528 5211 793 5268 occupare
822 5205 875 5252 et
906 5197 1010 5251 vim
1052 5198 1227 5254 facere
1256 5200 1375 5254 aliis
1406 5203 1704 5273 episcopis,
1734 5220 1867 5275 quos
1910 5210 1981 5265 ibi

463 5368 489 5395 ει
516 5358 584 5411 Τ.
618 5355 756 5420 1,3,
783 5371 887 5409 eos.

462 5430 490 5469 ι)
523 5429 611 5492 U.,
638 5427 955 5481 custodierit.

463 5511 487 5539 ο
514 5501 613 5575 υ..
641 5498 927 5575 prolixiori
957 5507 1180 5575 tempore
1220 5500 1317 5570 ipsi
1380 5518 1468 5571 per
1512 5504 1687 5575 viginti
1731 5521 1983 5563 annorum

393 5571 733 5637 pwnitentiam
762 5580 924 5622 octout
956 5571 1023 5621 ad
1063 5574 1462 5627 communionem
1504 5571 1744 5630 orationis
1788 5583 1985 5633 admit-

395 5652 586 5695 tantur.

464 5713 487 5751 δ
519 5712 601 5767 ΑΞ.
635 5712 695 5765 Β.
729 5712 791 5765 Β.
823 5713 1090 5780 recipiant.

468 5795 491 5821 ι’
542 5785 595 5838 In
628 5784 871 5837 omnibus
924 5784 1203 5839 Codicihus
1254 5785 1526 5843 invenitur
1576 5790 1691 5847 haec
1717 5806 1815 5845 vox
1845 5792 1983 5847 idem

394 5871 507 5925 qua:
541 5855 805 5924 superflua
836 5854 1044 5911 videtur
1078 5872 1089 5909 :
1126 5856 1401 5912 fortuassis
1424 5859 1565 5915 item.

2085 600 2352 669 segregari
2379 609 2613 669 oportet.
2647 600 2798 666 Quod
2828 600 2869 653 si
2921 599 3107 655 volunt
3153 598 3204 653 in
3254 597 3585 669 presbyterio
3632 596 3688 653 in

2086 694 2307 750 ecclesia
2328 696 2413 750 ubi
2440 698 2584 763 prius
2611 697 3085 763 I'ueranttanqnam
3113 692 3407 764 presbyteri
3424 692 3688 759 residere,

2087 801 2191 838 non
2226 787 2550 855 repellantur
2580 801 2613 841 a
2655 788 2866 854 propria
2898 784 3189 853 dignitate:
3241 783 3384 853 quod
3428 784 3472 839 si
3524 785 3689 838 etiam

2089 879 2156 932 ibi
2184 878 2475 933 seditiones
2517 880 2788 934 concitare
2830 879 3123 947 probantur
3165 878 3432 947 episcopis
3489 879 3691 935 ibidem

2086 973 2418 1037 consumtis,
2453 973 2716 1042 segregari
2764 988 2859 1029 eos
2892 986 3112 1027 necesse
3139 978 3226 1027 est
3249 980 3305 1026 et
3342 972 3695 1028 nihilominus

2093 1065 2413 1135 presbyterii
2445 1066 2700 1133 dignitate
2731 1063 2943 1133 privari.

2302 1155 2439 1210 XIX.
2474 1155 2551 1209 De
2576 1156 2652 1210 his
2672 1158 2759 1225 qui
2780 1158 3117 1228 virginitatem
3142 1160 3467 1230 proﬁtentur.

2160 1246 2430 1317 thquot
2478 1247 2831 1315 virginitatem
2904 1248 3121 1315 polliciti
3176 1250 3506 1318 prmvaricati
3570 1256 3701 1303 sunt

2091 1338 2425 1406 professione
2450 1350 2777 1409 contempta,
2810 1341 2949 1396 inter
2992 1341 3253 1412 digamos,
3306 1343 3358 1396 id
3390 1352 3471 1397 est
3501 1344 3590 1410 qui
3629 1341 3703 1395 ad

2090 1429 2353 1485 secundas
2384 1431 2597 1499 nuptias
2642 1435 2990 1501 transierunt,
3025 1435 3209 1490 haberi
3239 1433 3549 1491 debebunt:
3586 1434 3701 1489 vir-

2092 1523 2243 1591 gines
2290 1532 2465 1578 autem
2512 1524 2745 1593 puellas,
2806 1542 2926 1595 quae
2993 1535 3241 1597 tanquam
3296 1541 3511 1581 sorores
3574 1541 3700 1581 cum

2094 1614 2361 1668 nonnullis
2390 1616 2515 1669 viris
2546 1616 2787 1672 habitare
2831 1619 3049 1685 volunt,
3090 1620 3159 1673 ab
3197 1632 3383 1673 eorum
3422 1617 3704 1674 consortio

2092 1704 2457 1771 prohibemus.

2646 1797 2761 1855 XX.
2797 1797 2869 1853 De
2894 1800 3161 1857 adulteris.

2020 1870 2065 1927 Β
2166 1886 2222 1940 Si
2285 1887 2402 1954 quis
2442 1886 2760 1943 adulterium
2810 1892 3163 1958 commiserit,
3214 1904 3416 1961 septem
3463 1892 3620 1946 annis
3649 1890 3705 1946 in

2094 1981 2405 2048 paenitentia
2433 1983 2747 2051 completis,
2774 1983 3088 2051 perlectioni
3114 1985 3363 2039 reddatur
3402 1986 3707 2041 secundum

2092 2068 2348 2138 pristinos
2379 2072 2597 2143 gradus.

2129 2162 2268 2217 XXI.
2301 2164 2372 2217 De
2401 2166 2694 2219 mulieribus
2721 2182 2833 2233 qua:
2861 2167 3131 2235 fornicata:
3150 2176 3324 2237 partus
3350 2184 3469 2223 suos
3494 2178 3708 2224 necant.

2168 2252 2243 2307 De
2294 2255 2607 2309 mulieribus
2660 2272 2778 2323 quzu
2838 2256 3168 2312 fornicantur
3218 2268 3277 2313 et
3336 2269 3525 2328 partus
3578 2274 3708 2315 suos

2092 2358 2320 2411 necant,
2372 2348 2463 2400 sed
2492 2355 2546 2400 et
2593 2346 2662 2400 de
2714 2348 2797 2401 bis
2847 2363 2964 2416 quae
3006 2356 3171 2419 agunt
3217 2364 3401 2404 secum
3452 2364 3508 2403 ut
3551 2362 3710 2406 utero

2091 2446 2375 2504 conceptos
2406 2439 2706 2504 excutiant,
2742 2440 2954 2508 antiqua
3000 2440 3213 2507 quidem
3243 2441 3482 2494 deiinitio
3537 2458 3711 2512 usque

2091 2530 2156 2580 ad
2209 2527 2405 2583 exitum
2445 2530 2566 2583 vitae
2601 2544 2694 2583 eas
2717 2529 2783 2583 ab
2817 2530 3053 2586 Ecclesia
3106 2534 3366 2587 removit:
3416 2534 3711 2591 humanius

2090 2632 2269 2675 autem
2294 2636 2435 2675 nunc
2458 2622 2741 2677 definimus
2762 2663 2777 2689 ,
2809 2633 2864 2677 ut
2888 2626 2963 2679 eis
2989 2624 3175 2679 decem
3198 2640 3459 2679 annorum
3488 2635 3711 2697 tempus

2088 2711 2420 2779 paenitentia:
2449 2714 2734 2767 tribuatur.

2212 2802 2375 2856 XXII.
2407 2803 2479 2857 De
2503 2806 2582 2857 his
2608 2804 2694 2874 qui
2720 2805 2939 2860 volentes
2960 2806 3295 2861 homicidium
3316 2814 3568 2879 fecerunt.

2159 2894 2258 2961 Qui
2298 2895 2597 2951 voluntarie
2646 2896 2989 2954 homicidium
3034 2899 3275 2959 iecerunt
3325 2906 3387 2960 ad
3438 2908 3714 2977 paeniten-

2092 2989 2217 3041 tiam
2246 2988 2459 3058 quidem
2485 2990 2683 3059 jugiter
2711 3005 2831 3046 sese
2857 2996 3235 3052 committant:
3276 2999 3377 3070 23
3402 3000 3543 3055 circa
3582 3000 3713 3055 exi-

2090 3087 2198 3133 tum
2247 3093 2425 3135 autem
2473 3082 2593 3136 vita:
2647 3086 3025 3142 communione
3082 3089 3227 3158 digni
3270 3089 3603 3159 habeantur,
3653 3102 3712 3150 et

2089 3176 2113 3215 Β
2144 3168 2460 3226 decennium
2493 3172 2804 3243 pmniteaut.

2190 3264 2381 3321 XXIII.
2419 3266 2493 3320 De
2521 3268 2599 3321 his
2626 3270 2711 3337 qui
2742 3269 2971 3325 nolentes
2995 3271 3327 3327 homicidium
3357 3276 3613 3343 fecerunt.

2166 3356 2273 3409 Eos
2298 3370 2427 3411 vero
2448 3358 2537 3427 qui
2563 3373 2668 3415 non
2712 3359 2984 3416 voluntate
3028 3362 3125 3417 sed
3168 3376 3296 3420 casu
3348 3364 3713 3428 homicidium

2093 3442 2345 3514 fecerint,
2377 3450 2521 3517 prior
2547 3450 2761 3519 quidem
2802 3453 2980 3522 regula
3024 3462 3146 3524 post
3176 3465 3384 3527 septem
3434 3473 3713 3519 annorum

2094 3542 2462 3607 paenitentiam
2484 3546 2850 3601 communioni
2893 3548 3117 3606 sociavit
3161 3552 3453 3608 secundum
3500 3554 3715 3623 gradus

2093 3633 2456 3689 constitutos:
2490 3634 2604 3689 haec
2632 3651 2761 3692 vero
2787 3637 3073 3697 humanior
3114 3642 3356 3699 deﬁnitio
3395 3646 3715 3715 quinquen-

2092 3722 2164 3777 nii
2200 3732 2407 3793 tempus
2436 3721 2467 3762 ι
2500 3726 2702 3781 tribuit.

2308 3814 2497 3870 XXIV.
2534 3814 2610 3871 De
2636 3818 2714 3871 Itis
2735 3836 2821 3887 qui
2852 3837 2991 3876 more
3006 3826 3271 3893 gentilium
3293 3829 3483 3883 vivunt.

2159 3906 2258 3972 Qui
2285 3908 2793 3978 auguria,auspicia,
2817 3912 2931 3968 sive
2956 3917 3189 3983 somnia,
3220 3918 3304 3974 vel
3334 3918 3713 3980 divinationes

2090 3999 2349 4067 quaslibet
2378 4002 2668 4056 secundum
2695 4018 2896 4058 tnorem
2927 4006 3205 4073 gentilium
3229 4007 3337 4079 24
3363 4011 3706 4083 observant,

2090 4092 2254 4144 autin
2282 4090 2473 4144 domos
2499 4104 2623 4144 suas
2670 4092 3034 4161 hujuscemodi
3064 4096 3304 4153 homines
3345 4099 3713 4161 introducunt

2090 4179 2143 4236 in
2184 4184 2527 4250 exquirendis
2562 4184 2823 4253 aliquibus
2869 4185 2978 4259 [U.
3012 4189 3135 4243 add.
3171 4188 3361 4262 rebus]
3415 4202 3534 4249 arte
3580 4210 3713 4251 ms-

2089 4272 2269 4338 leﬁca,
2320 4284 2410 4327 aut
2461 4282 2521 4327 ut
2562 4274 2750 4330 domos
2794 4292 2917 4333 suas
2943 4282 3169 4335 lustrent
3198 4299 3211 4347 ;
3241 4282 3508 4352 confessi,
3538 4288 3715 4356 quin-

2087 4367 2322 4436 quennio
2360 4366 2373 4403 ί
2410 4367 2778 4435 pmnitentiam
2809 4379 2967 4440 agant
3001 4374 3294 4430 secundum
3323 4378 3570 4447 antiquas
3618 4396 3715 4436 re-

2086 4460 2235 4526 gulas
2266 4460 2600 4512 constitutas.

2233 4547 2396 4603 XXV.
2432 4549 2508 4603 De
2532 4566 2591 4603 eo
2611 4553 2700 4621 qui
2728 4568 2949 4607 sororem
2979 4572 3177 4624 sponsu:
3208 4575 3315 4613 sua
3338 4560 3554 4616 vitiavit.

2161 4640 2216 4697 Si
2248 4641 2365 4709 quis
2391 4656 2641 4709 spoiisam
2667 4644 2867 4699 habens
2894 4649 3066 4701 sorori
3098 4648 3215 4720 ejus
3244 4651 3465 4705 forsitan
3498 4658 3714 4712 inluto-

2090 4734 2160 4788 rit
2198 4736 2416 4798 vitium,
2469 4736 2629 4803 eique
2671 4736 2944 4791 inhaeserit
2992 4749 3237 4809 tanquam
3287 4756 3428 4811 suae,
3470 4752 3526 4798 et
3593 4747 3715 4805 sibi

2091 4831 2445 4900 expetendam
2460 4846 2581 4886 esse
2606 4834 3060 4904 conjunctionem,
3084 4840 3181 4893 bac
3203 4843 3413 4895 autetnt'
3442 4842 3712 4914 decepta.

2092 4936 2271 4992 postea
2296 4939 2514 4979 uxorem
2553 4925 2761 4980 duxerit
2808 4927 3226 4996 desponsatam;
3270 4930 3355 4985 illa
3402 4947 3532 4987 vero
3582 4951 3716 5003 qua:

2093 5018 2274 5071 vitium
2308 5031 2457 5086 passa
2482 5026 2562 5071 est
2582 5059 2595 5083 ,
2627 5020 2669 5071 si
2695 5019 2828 5073 forte
2851 5034 3033 5074 necem
3062 5020 3163 5076 sibi
3192 5022 3430 5077 intulerit
3455 5044 3465 5078 :
3505 5040 3716 5084 omnes

2092 5114 2144 5169 bi
2176 5114 2265 5185 qui
2298 5114 2453 5183 hujus
2482 5112 2602 5167 facti
2630 5122 2753 5167 sunt
2780 5116 2981 5170 conscii
3013 5118 3199 5172 decem
3232 5119 3383 5173 annis
3427 5120 3479 5173 in
3523 5134 3715 5189 puem-

2095 5210 2313 5265 tentiam
2345 5204 2657 5274 redigantur
2686 5205 2977 5261 secundum
3000 5221 3237 5265 canones
3257 5210 3609 5265 constitutos.

2167 5366 2183 5404 τ
2221 5366 2308 5422 ΑΞ,
2334 5408 2350 5431 ,
2387 5366 2443 5419 Ε.
2482 5366 2542 5429 5,
2573 5364 2633 5418 Τ.
2672 5366 2730 5427 1,
2765 5365 2828 5432 2,
2862 5367 3196 5422 denominati.

2164 5439 2361 5491 slnli.
2406 5436 2953 5502 lt.,l€.5,T.l.‘2,
3015 5440 3107 5506 U.,
3170 5440 3271 5505 0.,

2092 5511 2252 5565 verba
2284 5527 2295 5560 :
2331 5520 2377 5561 et
2410 5508 2708 5560 decennium
2734 5512 3026 5576 pteniteant.

2170 5581 2193 5617 ιι
2228 5580 2302 5633 Ex
2326 5580 2388 5631 Τ.
2422 5578 2454 5630 2
2487 5581 2624 5632 etU.
2662 5583 2713 5633 Itt
2749 5587 2842 5641 Α..
2891 5589 2945 5635 Is.
2986 5584 3072 5648 IL,
3108 5581 3249 5637 13.3.

2090 5654 2353 5713 temporis.
2387 5650 2437 5703 In
2471 5650 2557 5703 AS.
2588 5692 2601 5716 ,
2631 5653 2955 5720 temporibus.

2170 5724 2183 5798 ξ
2304 5762 2317 5785 ,
2349 5724 2561 5775 lustront
2592 5738 2608 5783 ;
2634 5724 2741 5798 _qui
2782 5725 3011 5798 conjessi
3059 5726 3277 5793 fuerint,
3321 5728 3716 5798 quinquennio.

2164 5795 2176 5843 i
2219 5795 2279 5847 U.
2314 5836 2328 5859 ,
2400 5795 2728 5861 expetendam
2776 5795 2827 5847 in
2869 5798 3221 5865 conjuncttose
3275 5813 3328 5851 se
3368 5795 3714 5875 promiseris,

2087 5866 2183 5919 ltac
2214 5878 2406 5919 autem.

3323 5441 3515 5498 desunt
3588 5450 3717 5507 haec

3290 5585 3674 5655 ,Τ.1,(ὗ.
