3882 6382
887 734 1565 826 CONCILIUM
1643 722 2632 814 NEOC/ESARIENSE

1050 921 1085 960 Δ
1135 917 1351 961 DECEM
1398 914 1478 956 ΕΤ

1531 909 1750 955 NOVBM
1805 908 2119 952 ιςιηεεοιηε
2174 905 2487 948 ΗΑΒΙἹὌΜ.

210 1046 259 1103 Et
282 1044 366 1099 isti
398 1042 609 1112 quidem
651 1056 898 1099 canones
946 1043 1170 1098 secundi
1220 1050 1345 1097 sunt
1392 1052 1577 1093 eorum
1622 1037 1708 1104 qui
1741 1040 1793 1097 Λ
1824 1033 1945 1101 quia
1978 1031 2397 1098 uniuscuiusque
2425 1029 2479 1083 in
2522 1027 2606 1081 illa
2635 1024 2977 1081 confessione
3007 1020 3228 1077 libertas
3260 1022 3401 1075 ari..-

163 1132 198 1194 in
230 1142 416 1207 Ancyra
455 1146 509 1189 et
546 1132 797 1189 Caesarea
845 1137 1071 1203 expositi
1116 1144 1269 1201 sunt,
1312 1130 1539 1187 Nicmnis
1585 1141 1711 1181 vero

160 1238 323 1307 priores
349 1233 707 1288 inveniuntur.
740 1231 1117 1286 Convenerunt
1149 1241 1324 1285 autem
1356 1230 1409 1281 in
1451 1226 1710 1297 synodum

162 1338 462 1382 memoratam
520 1324 976 1381 Neocmsariensis
1033 1324 1262 1378 civitatis
1325 1322 1375 1375 hi
1436 1318 1523 1390 qui
1577 1316 1710 1370 infra

160 1420 295 1489 scripti
346 1428 505 1472 sunt:
562 1418 779 1481 Vitalis,
811 1417 1107 1473 Germanus
1133 1423 1158 1451 ι
1181 1457 1197 1483 ,
1224 1414 1429 1476 Srdus,
1465 1410 1712 1470 Eristius,

163 1511 319 1579 Lupus,
350 1509 661 1571 Gerontius,
716 1509 989 1573 Leontius,
1032 1506 1289 1571 Sanctus,
1343 1498 1712 1567 Βιηείιίεειιεδ,

167 1603 460 1668 Valentinus,
493 1601 818 1671 Stephanus,
869 1600 1179 1669 Gregorius,
1226 1596 1554 1661 Salatninus,
1584 1593 1716 1648 Nar-

161 1696 313 1763 cissus,
369 1694 672 1761 Leontius,
720 1694 1037 1762 Longinus,
1100 1692 1385 1756 Decnsius,
1445 1688 1717 1744 Ileraclins

160 1788 321 1857 Alipius
345 1805 360 1842 :
388 1803 420 1841 a
452 1789 643 1856 quibus
676 1788 756 1841 lue
782 1786 978 1855 regula
1002 1784 1224 1854 prolata:
1266 1792 1390 1837 sunt
1417 1798 1534 1847 qua:
1582 1780 1715 1833 infra

162 1877 329 1948 scriptae
350 1886 496 1933 sunt.

326 1988 366 2044 I.
404 1987 729 2059 Presbyteris
758 2003 970 2043 uxorem
1000 1986 1183 2041 ducere
1208 2001 1309 2039 non
1332 1986 1503 2040 licere.

214 2101 474 2173 Presbyter
532 2102 577 2157 si
653 2116 873 2156 uxorem
925 2101 1169 2166 duxerit,
1214 2098 1282 2153 ab
1329 2098 1519 2153 ordine
1570 2097 1718 2151 illum

160 2194 313 2263 deponi
339 2196 578 2250 debere:
608 2195 747 2264 quod
781 2196 822 2248 si
875 2194 1163 2248 fornicatus
1204 2192 1361 2245 fuerit
1390 2192 1470 2246 vel
1522 2190 1721 2245 adulte-

162 2289 267 2343 rium
289 2289 645 2357 commiserit,
677 2298 829 2343 ostra
861 2288 1160 2344 Ecclesiam
1190 2287 1347 2357 abjici
1372 2291 1429 2342 et
1457 2286 1521 2341 ad
1551 2285 1721 2357 ιδωηί-

162 2381 339 2436 tentiam
367 2382 510 2436 inter
534 2380 702 2436 laicos
730 2380 898 2451 redigi
930 2388 1162 2449 oportet.

215 2495 265 2549 ll.
301 2495 371 2549 De
399 2496 654 2551 muliere:
685 2496 883 2550 duobus
903 2496 1149 2565 fratribus
1172 2494 1360 2550 nubere
1392 2511 1491 2548 non
1514 2494 1684 2549 licere.

214 2606 379 2663 Mulier
399 2608 445 2664 si
473 2609 683 2663 duobus
715 2608 969 2663 fratribus
1009 2606 1278 2677 nupserit,
1324 2606 1485 2677 abjici
1525 2604 1724 2662 debere

162 2711 295 2768 usque
321 2704 379 2756 ad
403 2702 546 2756 diem
593 2702 780 2756 mortis
804 2719 818 2768 ;
872 2701 966 2757 sed
994 2710 1214 2772 propter
1242 2701 1626 2755 humanitatem
1674 2700 1726 2755 in

160 2795 374 2847 extremis
420 2794 532 2848 suis
576 2795 932 2849 sacramentis
975 2806 994 2833 ε
1042 2792 1317 2848 conciliari
1364 2800 1603 2862 oportet,
1654 2790 1728 2846 ita

161 2888 302 2936 tamen
323 2892 378 2937 ut
404 2887 451 2939 si
484 2884 621 2940 forte
670 2887 952 2941 sanitatem
991 2885 1416 2954 recuperaverit,
1453 2886 1729 2940 matrimo-

160 2975 231 3027 nio
271 2976 470 3040 soluto,
529 2977 594 3031 ad
655 2978 1029 3046 paenitentiam
1097 2978 1424 3031 admittatur.
1478 2975 1631 3044 Quod
1682 2976 1725 3030 si

160 3065 366 3124 defuncta
423 3071 585 3125 fuerit
622 3069 818 3125 mulier
848 3071 900 3124 in
950 3068 1253 3140 huiusmodi
1297 3070 1567 3123 consortio
1601 3083 1729 3124 coa-

159 3159 339 3227 stituta,
396 3161 637 3216 diflicilis
678 3163 781 3215 erit
824 3162 1136 3227 ptenitentia
1211 3162 1552 3216 remanenti:
1609 3176 1729 3233 qua:

159 3252 386 3306 sententia
412 3262 519 3307 tam
546 3253 692 3308 viros
712 3268 869 3323 quam
900 3254 1151 3308 mulieres
1179 3262 1362 3309 tenere
1392 3252 1630 3309 debebit.

243 3362 323 3418 III.
349 3364 423 3418 De
455 3365 534 3418 his
560 3364 649 3436 qui
675 3365 852 3420 multis
886 3366 1078 3434 nuptiis
1099 3368 1622 3422 communicaverunt.

216 3472 283 3529 De
311 3476 387 3531 bis
426 3477 518 3547 qui
566 3476 880 3547 frequenter
921 3492 1116 3533 uxores
1165 3478 1367 3534 ducunt
1409 3488 1465 3534 et
1508 3478 1590 3534 bis
1641 3481 1732 3551 qui

157 3567 325 3637 sapius
354 3571 595 3639 nubunt,
650 3580 862 3641 tempus
906 3572 1118 3641 quidem
1169 3575 1309 3642 quod
1340 3574 1422 3629 his
1464 3573 1730 3629 constitu-

158 3666 249 3713 tum
274 3672 349 3717 est
369 3663 715 3719 manifestum
754 3674 839 3719 est
882 3663 909 3702 ἀ
938 3665 1227 3722 observare
1260 3682 1275 3732 ;
1306 3669 1413 3739 25
1441 3682 1730 3725 conversa-

154 3751 216 3807 tio
232 3766 397 3812 autem
425 3768 480 3814 et
508 3757 643 3813 fides
670 3772 859 3813 eorum
883 3767 1094 3829 tempus
1120 3758 1476 3815 abbreviabit.

348 3867 435 3925 IV.
466 3869 546 3924 De
576 3870 982 3941 concupiscentia
1006 3886 1107 3925 non
1135 3882 1503 3929 consummata.

211 3978 262 4034 Si
282 3981 397 4051 quis
416 3984 705 4052 concupita
738 3984 977 4051 muliere,
1008 3984 1217 4039 etiamsi
1247 3982 1568 4039 concubitus
1597 3983 1715 4054 ejus

156 4072 455 4131 desiderium
484 4078 703 4143 habeat,
736 4091 842 4131 non
869 4086 1046 4132 autem
1090 4078 1443 4146 subsequatur
1471 4075 1718 4145 effectus,

154 4166 474 4223 manifestum
503 4178 587 4224 est
612 4168 757 4223 hunc
782 4165 948 4223 fuisse
969 4183 1067 4239 per
1088 4168 1322 4222 divinam
1345 4168 1567 4239 gratiam
1590 4168 1727 4224 libe-

155 4264 303 4313 ratum
312 4300 325 4314 .

430 4353 498 4409 ν.
536 4350 614 4408 De
661 4352 1034 4409 catechumenis
1063 4354 1407 4421 peccantibus.

212 4442 655 4512 Catecbumenus,
675 4445 728 4501 id
758 4456 838 4502 est
861 4446 1105 4511 audiens,
1131 4446 1217 4518 qui
1239 4446 1535 4516 ingreditur
1555 4448 1730 4503 eccle-

153 4532 267 4587 siam
296 4546 347 4590 et
378 4546 488 4591 stat
516 4553 640 4592 cum
674 4537 1095 4603 catechumenis,
1122 4540 1166 4592 si
1210 4555 1430 4607 peccare
1462 4540 1620 4596 fuerit
1649 4540 1728 4595 vi-

154 4637 246 4691 m,
276 4631 448 4701 figens
495 4647 671 4702 genua
717 4631 901 4686 audiat
927 4632 1168 4697 verbum,
1220 4634 1310 4688 sed
1356 4635 1621 4690 abstineat
1661 4635 1728 4690 ab

153 4714 230 4771 illo
250 4735 472 4788 peccato
502 4724 644 4791 quod
692 4723 847 4791 fecit;
880 4725 1022 4794 quod
1066 4725 1112 4780 si
1142 4725 1194 4779 in
1226 4740 1290 4781 eo
1319 4728 1596 4797 perdurat,
1630 4727 1727 4782 ab-

151 4806 232 4875 iici
257 4817 481 4869 omnino
510 4816 732 4873 debere.

445 4909 538 4963 VI.
576 4910 651 4965 De
676 4913 1061 4981 prtegnantibus
1089 4913 1410 4984 baptizandis

213 4995 283 5052 De
300 5002 707 5069 pregnantibus
722 5020 735 5055 :
752 5004 1001 5072 quoniam
1016 5013 1230 5073 oportet
1251 5004 1506 5074 baptizari
1520 5007 1730 5076 quando

1750 3761 1801 3829 Ο

1818 1125 1900 1178 lrii
1934 1124 2255 1179 declaratur.

1816 1234 1927 1290 VII.
1986 1233 2062 1287 De
2107 1229 2553 1352 presbyteriuadr
2575 1226 2824 1282 secundas
2872 1224 3077 1293 nuptias
3124 1224 3247 1276 ire!
3297 1239 3400 1277 non

2539 1315 2684 1352 icere.

2539 1315 2684 1353 tcere.

1889 1398 2267 1469 Presbyterum
2308 1395 2562 1451 convivio
2592 1392 2949 1449 secundarum
2983 1388 3289 1458 nuptiarum
3324 1389 3405 1442 iu—

1821 1501 2019 1548 lcresse
2066 1507 2170 1545 non
2220 1490 2440 1553 debere,
2494 1488 2728 1541 maxime
2758 1499 2878 1539 cum
2913 1494 3125 1552 petatur
3156 1479 3407 1535 secundis

1818 1586 2015 1653 nuptiis
2047 1584 2420 1655 pmuitcntiam
2468 1580 2723 1633 tribuere.
2755 1576 2887 1643 Quis
2916 1589 3045 1644 ergo
3072 1584 3153 1628 est
3184 1572 3406 1642 presby-

1821 1688 1900 1734 ter
1930 1677 2020 1746 qui
2054 1687 2270 1747 propter
2299 1675 2603 1731 convivium
2637 1673 2743 1727 illis
2771 1668 3070 1726 Consentiat
3100 1668 3336 1736 nuptiis?

1824 1770 1956 1825 VIII.
1993 1769 2182 1824 Uxoris
2208 1770 2458 1821 adultera:
2485 1768 2647 1818 virum
2685 1764 2924 1817 clericum
2952 1762 3065 1829 ﬁeri
3098 1777 3195 1812 non
3238 1759 3406 1812 licere.

1890 1862 1919 1900 δ
1948 1862 2005 1919 Si
2050 1866 2204 1933 cujus
2251 1877 2478 1917 uxorem
2523 1859 2840 1912 adulterium
2898 1854 3235 1910 connnisi~se
3288 1868 3410 1908 cum

1819 1968 1963 2014 esset
1993 1957 2163 2012 laicus
2190 1956 2352 2011 fuerit
2382 1952 2807 2023 comprobatum,
2845 1950 2930 2004 hic
2964 1950 3028 2002 ad
3057 1948 3411 2002 ministerium

1821 2048 2245 2104 ecclesiasticum
2278 2048 2485 2101 admitti
2520 2060 2624 2099 non
2659 2052 2852 2110 potest.
2883 2041 3034 2107 Quod
3065 2042 3131 2098 si,
3165 2041 3216 2093 iu
3246 2039 3413 2093 cleri-

1821 2150 1940 2197 catu
1962 2144 2070 2209 jam
2104 2142 2393 2195 constituto
2415 2154 2478 2193 eo
2503 2137 2546 2201 ί,
2580 2136 2916 2202 adulteravit,
2941 2133 3065 2187 dato
3090 2134 3308 2201 repudio
3331 2134 3413 2185 di-

1822 2237 2033 2289 mittete
2061 2249 2178 2289 eam
2212 2234 2407 2289 debet:
2432 2234 2474 2287 si
2504 2246 2629 2286 vero
2655 2232 2885 2285 retinere
2923 2229 3040 2299 ejus
3072 2230 3406 2283 consortium

1822 2330 1973 2395 velit,
2007 2344 2112 2384 non
2136 2337 2311 2397 petest
2338 2337 2589 2395 suscepto
2612 2325 2912 2379 ministerio
2947 2326 3164 2392 perfrui.

1751 2398 1800 2458 Β
1885 2422 1975 2479 IX.
2012 2422 2090 2475 De
2120 2422 2427 2491 presbyteris
2456 2420 2711 2489 corporali
2740 2428 2948 2487 peccato
2977 2417 3344 2487 prwoccupatir

1896 2515 1997 2583 Qui
2049 2515 2325 2568 admiserit
2366 2515 2645 2581 corporale
2687 2521 2986 2580 peccatum,
3017 2520 3071 2566 et
3117 2510 3203 2564 hic
3236 2518 3417 2578 pstea

1826 2607 2108 2678 presbyter
2135 2606 2413 2661 ordinatus
2442 2613 2544 2669 est,
2569 2606 2612 2657 si
2638 2602 2917 2656 confessus
2948 2602 3108 2655 fuerit
3130 2601 3271 2669 quod
3300 2606 3419 2652 nnto

1828 2697 2221 2753 ordinationem
2250 2711 2402 2751 suam
2435 2694 2751 2764 peccaverit,
2783 2694 2892 2764 26
2924 2708 3026 2746 non
3050 2690 3267 2760 quidem
3291 2691 3420 2743 olle-

1830 2799 1944 2857 rat;
1978 2801 2192 2845 maneat
2214 2801 2393 2844 autem
2425 2788 2478 2842 in
2510 2787 2629 2840 aliis
2656 2785 2846 2840 officiis
2874 2792 3093 2854 pr0pter
3120 2786 3238 2852 ejus
3263 2784 3419 2835 studii

1832 2883 2115 2938 utilitatem
2148 2899 2164 2937 :
2198 2897 2319 2937 nam
2350 2890 2407 2935 et
2433 2889 2627 2935 cretera
2658 2887 2876 2948 peccata
2906 2888 3231 2933 censuerunt
3263 2876 3420 2945 pluri-

1832 2976 1903 3028 mi
1948 2973 2109 3029 etiam
2141 2972 2481 3028 ordinatione
2511 2972 2721 3042 privare
2746 2969 2796 3023 i.
2819 2968 2975 3038 Quod
3006 2970 3050 3023 si
3089 2969 3155 3023 de
3204 2968 3285 3022 his
3315 2984 3420 3022 non

1834 3067 1993 3124 fuerit
2016 3068 2298 3123 confessus
2326 3082 2428 3123 nec
2457 3069 2525 3122 ab
2551 3066 2731 3137 aliquo
2761 3066 2956 3136 poterit
2984 3063 3273 3120 manifeste
3295 3078 3423 3119 can-

1834 3161 1998 3229 vinei,
2039 3159 2164 3214 huic
2196 3158 2295 3230 ipsi
2329 3160 2397 3215 de
2428 3175 2486 3214 se
2520 3167 2759 3228 potestas
2789 3168 2872 3213 est
2903 3156 3280 3227 permittenda.

1904 3252 1977 3308 Χ.
2010 3253 2086 3308 De
2123 3254 2425 3308 diaconibus
2448 3254 2705 3324 corporali
2733 3260 2942 3324 peccato
2972 3255 3356 3323 prtzoccupatis.

1909 3344 2169 3399 Similiter
2200 3353 2255 3398 et
2280 3341 2306 3381 κ
2338 3344 2597 3399 diaconus
2627 3343 2675 3399 si
2705 3344 2757 3398 in
2787 3342 2978 3398 eodem
3022 3343 3190 3412 culpae
3234 3358 3425 3416 genere

1836 3432 1999 3490 fuerit
2029 3434 2321 3503 involutus,
2355 3450 2476 3490 sese
2500 3450 2530 3489 a
2562 3434 2856 3490 ministerio
2884 3434 3175 3489 cohibebit.

1835 3548 1924 3605 XI.
1956 3548 2314 3622 Presbyterem
2358 3552 2528 3605 minus
2568 3550 2780 3621 triginta
2809 3565 3063 3604 annorum
3109 3548 3317 3603 minime
3343 3566 3425 3605 ar-

2476 3623 2783 3675 dinandum.

1908 3712 2196 3784 Presbyter
2225 3724 2350 3770 ante
2375 3713 2591 3783 triginta
2615 3726 2879 3767 annorum
2907 3720 3117 3767 aetatem
3148 3726 3253 3767 non
3277 3712 3425 3767 ordi-

1833 3811 2011 3867 netur,
2040 3804 2282 3872 quamvis
2308 3803 2376 3858 sit
2417 3803 2707 3873 probabilis
2734 3803 2884 3871 vitae,
2915 3802 3006 3858 sed
3051 3804 3301 3859 observet
3328 3820 3416 3860 us-

1835 3910 1938 3963 que
1968 3894 2031 3947 ad
2060 3895 2379 3964 praefinitum
2411 3904 2653 3964 tempus;
2688 3894 2945 3950 Dominus
2975 3896 3117 3951 enim
3147 3898 3420 3953 tricesimo

1835 3997 1977 4037 anno
2007 3985 2302 4052 baptizatus
2331 3994 2435 4050 est,
2468 3995 2522 4040 et
2552 3996 2675 4039 tunc
2704 3986 3035 4055 prmdicavit.

1967 4073 2082 4129 XII.
2114 4074 2193 4129 De
2219 4077 2299 4130 Itis
2326 4078 2414 4146 qui
2438 4077 2489 4130 in
2516 4078 2819 4147 (egritudine
2847 4091 2967 4132 sunt
2995 4080 3258 4145 baptizati.

1908 4169 1965 4225 Si
1992 4170 2110 4239 quis
2141 4171 2193 4224 in
2226 4171 2543 4242 aegritudine
2566 4173 2885 4226 constitutus
2914 4172 3072 4228 fuerit
3104 4176 3425 4243 baptizatus,

1837 4264 2118 4334 presbyter
2146 4264 2384 4319 ordinari
2429 4280 2534 4318 non
2577 4266 2770 4330 debet;
2802 4279 2906 4319 non
2952 4268 3095 4320 enim
3131 4274 3261 4322 tiues
3291 4269 3430 4323 illius

1839 4356 2137 4409 voluntaria
2180 4356 2278 4411 sed
2329 4370 2397 4409 ex
2441 4360 2763 4412 necessitate
2791 4366 2875 4412 est
2904 4376 2915 4409 :
2948 4359 3049 4412 nisi
3081 4358 3217 4414 forte
3245 4370 3429 4430 postea

1841 4449 1997 4517 huius
2042 4450 2208 4517 ipsius
2251 4450 2487 4505 studium
2517 4460 2570 4505 et
2603 4450 2734 4506 fides
2786 4449 3080 4520 probabilis
3124 4452 3301 4520 fuerit,
3336 4464 3429 4509 aut

1840 4540 2111 4596 hominum
2144 4541 2336 4596 raritas
2362 4550 2537 4612 cogat.

2087 4634 2228 4689 XIII.
2256 4634 2334 4688 De
2364 4636 2667 4705 presbyteris
2697 4634 2907 4689 alterius
2931 4637 3171 4706 regionis.

1911 4729 2216 4801 Presbyteri
2248 4729 2335 4798 qui
2366 4729 2776 4800 conregionales
2808 4743 2912 4782 non
2943 4739 3069 4784 sunt
3099 4731 3149 4783 in
3179 4729 3421 4797 ecclesia,

1838 4822 2192 4892 pra'sentibus
2212 4820 2475 4890 epieeopis
2497 4822 2576 4875 vel
2604 4822 2931 4893 presbyteris
2953 4822 3205 4890 civitatis,
3230 4822 3427 4877 olTerre

1842 4931 1945 4969 non
1978 4923 2226 4983 poterunt
2251 4929 2351 4968 nec
2386 4930 2573 4984 panem
2598 4914 2749 4980 dare,
2781 4916 2833 4969 in
2866 4915 3107 4969 oratione
3137 4923 3312 4968 autem
3340 4928 3429 4969 ca-

1841 5006 1993 5081 licem
2036 5006 2256 5062 dabunt.
2301 5008 2453 5076 Quod
2484 5010 2526 5063 si
2567 5009 2819 5065 absentes
2848 5008 2957 5063 sint
2983 5009 3216 5063 civitatis
3249 5023 3433 5063 sacer-

154 5088 339 5154 volnnt,
401 5093 544 5147 nihil
572 5094 716 5147 enim
744 5095 795 5148 in
825 5094 927 5151 hoc
956 5107 1296 5151 sacramento
1318 5113 1604 5153 commune
1625 5109 1727 5162 est,
1762 5139 1816 5200 Β
1840 5100 1992 5155 dates
2033 5110 2085 5155 et
2129 5102 2289 5157 fuerit
2337 5102 2609 5169 invitatus,
2660 5104 2711 5157 in
2759 5104 3003 5159 oratione
3032 5104 3178 5157 solus
3213 5103 3413 5170 poterit

159 5186 177 5213 ο
205 5186 453 5246 pariturae
486 5194 544 5240 et
569 5185 645 5240 illi
674 5186 815 5255 quod
843 5188 911 5243 de
930 5189 1046 5258 ejus
1071 5200 1225 5246 utero
1253 5191 1409 5247 fuerit
1435 5189 1455 5230 ί
1490 5192 1728 5259 editum;

217 5326 237 5387 ξ
267 5317 353 5371 τε.
382 5359 398 5383 ,
454 5317 751 5387 Germanus
770 5360 785 5387 ,
810 5319 1061 5377 Iristrius.

214 5384 238 5423 δ
268 5388 378 5463 ᾧ..
423 5386 737 5463 Gerendus,
771 5384 1016 5447 Sanctus.
1065 5393 1153 5459 U.,
1209 5393 1515 5463 Gerontius,
1558 5396 1737 5453 Leon-

156 5457 257 5521 tius,
286 5457 593 5513 Basiliscus.

217 5538 237 5564 '
262 5532 322 5582 .4;
334 5569 348 5584 .
361 5571 375 5593 ,
430 5531 777 5587 reconciliari.

214 5595 238 5634 ⁸
262 5599 344 5653 [Ε.
376 5642 391 5664 ,
426 5604 706 5657 observari.

217 5679 238 5750 ξ
272 5670 356 5738 U.,
404 5676 742 5751 parturientis
772 5686 819 5751 et
865 5677 1009 5751 illius
1038 5679 1127 5751 qui
1178 5679 1241 5731 de
1268 5683 1379 5749 ejus
1417 5691 1559 5735 utero
1586 5683 1739 5751 fuerit

158 5742 339 5819 (ἐξεμη-
369 5744 505 5819 quia
549 5746 945 5819 uniuscujusque
972 5750 1027 5800 in
1051 5742 1159 5801 illa
1188 5742 1505 5819 confessione
1531 5742 1738 5807 libertas

158 5810 339 5864 arbitrii
380 5810 704 5881 declaratur,
736 5810 931 5872 idcirco
961 5829 1109 5873 natus
1142 5836 1230 5888 per
1275 5810 1326 5874 se
1370 5823 1733 5891 bnptizabitnr.

1842 5194 2000 5256 dare;
2030 5196 2210 5252 vicarii
2240 5207 2416 5252 autem
2444 5198 2846 5269 episc0porum,
2878 5212 3013 5268 quos
3039 5196 3207 5253 Graeci
3235 5198 3432 5253 chore-

1917 5329 1938 5371 ί
1969 5333 2077 5406 ξΕη
2110 5337 2353 5406 genitum.

1919 5412 1944 5476 β
1974 5405 2051 5459 Ex
2081 5405 2139 5459 T.
2171 5407 2226 5461 ‘2.
2258 5409 2313 5461 In
2347 5410 2412 5462 Α.
2440 5416 2492 5463 et
2514 5408 2732 5476 reliquis
2761 5409 3048 5465 Codicibus
3076 5429 3087 5463 :
3115 5428 3215 5464 non
3253 5428 3418 5464 orare.

1918 5471 1947 5510 δ
1981 5477 2066 5542 U.,
2100 5478 2159 5531 Si
2187 5486 2335 5553 cujus
2373 5496 2502 5553 uxor
2530 5471 2836 5535 adulterium
2863 5484 3185 5553 cognoscitur
3214 5484 3414 5536 commi-

1845 5547 2283 5626 sisseL‘cum‘esset
2314 5550 2492 5626 laicus,
2523 5562 2569 5606 et
2591 5553 2739 5619 fuerit
2770 5547 3171 5626 comprobatum.

1927 5616 1944 5655 ί
1976 5618 2061 5681 U.,
2091 5622 2466 5675 udultrravm‘t.

1920 5688 1931 5762 _i
1975 5690 2089 5754 113.,
2120 5703 2465 5761 propter......
2498 5694 2707 5762 privari.

1916 5759 1938 5797 ¹ί
1975 5762 2082 5828 ιΕ.,
2110 5759 2463 5819 diacones.....
2499 5759 2685 5833 fuerint
2710 5766 3063 5822 involuti......
3101 5765 3425 5820 cohibebant.
