3882 6354
481 391 575 448 ill

477 507 727 578 piscopos
749 515 959 572 vocant,
977 506 1248 561 constituti
1269 517 1390 560 sunt
1418 506 1632 574 quidem
1663 507 1727 561 ad
1755 505 2056 574 exemplum
2086 513 2138 568 Α

475 599 814 668 septuaginta
873 601 1164 664 seniorum,
1211 599 1302 652 sed
1364 610 1615 669 tanquam
1654 602 2062 654 c0nsacerdotes

1155 391 1536 450 COLLECTIO
1573 391 1905 450 CANONUM
1946 391 2006 448 S.
2052 390 2327 450 lSlDOltO
2367 390 2634 449 HISPAL.
2678 387 3033 449 ASCBIPTA.

3658 388 3758 446 ΗΞ

2554 507 2689 562 λιν.
2720 506 2796 564 De
2824 507 3126 562 diaconibul
3151 515 3361 576 septem.

2243 598 2454 652 Diaconi
2503 609 2709 666 septem
2761 616 2881 654 esse
2929 600 3124 656 debent
3153 601 3446 656 secnndum
3494 599 3754 668 regulam,

483 698 699 757 propter
726 689 1140 744 sollicitudinem
1185 702 1238 744 et
1271 691 1501 745 studium
1549 694 1598 744 in
1649 705 1905 760 pauperes
1935 691 2068 745 olle-
2170 693 2408 760 quamvis
2455 707 2642 758 inagna
2692 695 2762 746 sit
2790 691 2978 747 civitas
3004 735 3017 759 ,
3052 703 3079 729 ι
3113 692 3197 748 cui
3239 693 3436 764 regula:
3466 695 3758 747 auctoritas

476 791 598 834 rant
626 791 677 832 et
713 781 1051 837 honorabiles
1083 782 1398 837 habeantur.

545 922 567 948 η
599 913 657 966 Β.
687 913 778 980 R.,
811 916 973 985 cujus.

1595 1056 3674 1086 WW_w-—mo
2690 1067 2922 1083 ...δέ-...ο-
3615 1069 3618 1072 _
3679 1062 3696 1068 _

2169 785 2271 839 erit
2308 785 2441 840 liber
2473 787 2696 840 Actuum
2731 788 3112 856 apostolorum.

3679 1061 3750 1072 ς...

2010 1185 2244 1292 IV.

1343 1377 2023 1462 CONCILIUM
2101 1372 2870 1459 GANGRENSE.

1036 1546 1188 1593 POST
1241 1549 1540 1593 NICENAM
1603 1549 1902 1592 BYNODL’M
1957 1548 2053 1590 EDl

2155 1548 2202 1591 Μ
2260 1549 2336 1590 ΔΒ
2397 1547 2710 1590 EPISCOPIS
2775 1547 3156 1600 QUINDECIM.

542 1656 786 1727 27-28
819 1654 1056 1710 Dominis
1077 1656 1478 1710 honorabilihus
1500 1656 1972 1711 consacerdmibus
1994 1654 2048 1710 in

2157 1671 2314 1724 quam
2367 1657 2575 1712 illicitos
2622 1657 2884 1712 refutasse
2915 1657 3056 1730 [ίΕ.,
3091 1656 3154 1713 Τ.
3201 1655 3283 1724 2.,
3326 1656 3628 1731 reptttasse]
3657 1677 3672 1713 :
3698 1659 3750 1716 in

470 1747 717 1801 Armenia
737 1749 1035 1801 constitutis
1049 1747 1594 1813 Eusebius,Euladius,
1620 1747 2050 1820 0|ympius[.E.,
2086 1786 2131 1847 Β
2160 1747 2406 1802 domibus
2434 1749 2736 1820 conjngatis
2769 1747 2913 1823 [1.1,
2951 1748 3044 1818 U.,
3072 1749 3507 1821 conjugatorum]
3532 1766 3600 1806 ne
3627 1766 3748 1807 ora-

467 1838 762 1911 Olympus],
813 1838 1048 1895 Philetus
1094 1840 1181 1913 [T.
1217 1843 1267 1909 1,
1303 1843 1532 1907 Piletus;
1568 1842 1628 1897 Τ.
1653 1841 1708 1906 2,
1743 1842 2047 1915 Philestus],

465 1932 696 2003 Pappus,
717 1936 964 2001 Basilius,
988 1935 1294 2006 Bithynicus
1315 1935 1457 2008 {/E.,
1480 1937 1734 2010 Dinicus],
1752 1939 2047 2006 Hieracius,

464 2026 707 2095 llipatius
739 2026 880 2097 [ιΕη
915 2028 1137 2095 lpanus;
1175 2030 1265 2095 U.,
1298 2032 1589 2102 Lipaciusl,
1626 2033 1838 2099 Bassus,
1871 2033 2045 2102 Euge-

462 2120 606 2184 nius,
641 2122 952 2190 Gregorius,
978 2121 1245 2188 Elianus,
1267 2123 1584 2196 PresiuslB.
1616 2125 1709 2189 IL,
1744 2123 2044 2191 T.l,Pras-

459 2210 616 2280 sius],
655 2211 948 2280 Eugenius,
982 2212 1071 2280 qui
1102 2225 1471 2268 convenerunt
1501 2217 1551 2268 in
1582 2213 1894 2284 Gangrcnse
1918 2229 2045 2270 con-

460 2300 666 2366 cilium,
726 2302 778 2354 in
830 2301 1058 2356 Domino
1107 2305 1354 2357 salutem.
1410 2304 1671 2370 Quoniam
1712 2305 2044 2360 conveniens

462 2404 646 2447 sancta
694 2393 928 2465 synodus
967 2393 1339 2463 episcoporum
1385 2394 1436 2448 in
1476 2396 1838 2464 tiangrensem
1870 2397 2043 2452 eccle-

457 2487 592 2542 siam
625 2498 844 2558 propter
872 2489 1127 2558 quasdam
1175 2488 1566 2542 ecclesiasticas
1610 2498 1664 2541 et
1710 2489 2042 2543 necessarias

458 2594 648 2634 causas
675 2579 1040 2648 inquirendas,
1066 2591 1121 2633 et
1143 2595 1204 2633 ea
1230 2595 1346 2647 qua:
1373 2583 1664 2634 secundum
1697 2581 2040 2636 Eustachium

460 2686 610 2742 gesta
641 2684 764 2726 sunt
791 2673 1175 2741 dignoseenda,
1210 2671 1408 2726 irn'enit
1439 2675 1603 2726 multa
1639 2674 1754 2726 lieri
1788 2674 2040 2730 indecen-

463 2772 496 2817 ιι
520 2780 547 2817 r
574 2763 641 2816 ab
673 2764 756 2816 his
785 2764 911 2831 ipsis
939 2763 1026 2830 qui
1061 2762 1200 2815 hunc
1230 2763 1474 2815 eumdem
1497 2762 1840 2817 Eustachium
1871 2763 2037 2818 secuti

462 2866 620 2920 sunt;
668 2856 971 2910 necessario
1005 2855 1210 2920 statuit,
1258 2855 1428 2922 palam
1461 2853 1613 2910 factis
1640 2855 1884 2910 omnibus
1919 2855 2037 2927 [U.,

455 2943 708 3016 cunctis],
767 2955 1042 3012 amputare
1093 2946 1336 2998 universa
1383 2961 1497 3013 quae
1553 2946 1620 2999 ab
1660 2947 1848 3000 eodem
1900 2949 2039 3001 male

457 3040 745 3094 commissa
793 3047 936 3092 sunt.
993 3039 1327 3092 Declaratum
1359 3050 1438 3092 8.".
1483 3039 1624 3093 enim
1674 3039 1772 3094 hos
1818 3040 2036 3095 eosdem

457 3133 668 3200 nuptias
700 3146 972 3196 accusare,
1008 3144 1056 3186 et
1091 3133 1286 3186 docere
1318 3132 1453 3200 quod
1483 3133 1660 3186 nullus
1689 3133 1740 3186 in
1772 3133 2036 3203 conjugali
2069 3158 2115 3220 ο

453 3223 659 3292 positus
688 3224 854 3291 gradu
881 3237 1029 3296 spem
1063 3223 1254 3274 habeat
1281 3223 1417 3289 apud
1443 3222 1605 3274 Deum
1640 3238 1652 3275 :
1681 3222 1821 3276 unde
1847 3222 2040 3278 factum

456 3326 539 3370 est
571 3327 626 3369 ttt
659 3316 834 3370 multa:
866 3315 1122 3368 mulieres
1171 3316 1425 3380 seductas,
1461 3314 1661 3368 relictis
1705 3316 1935 3384 propriis
1965 3317 2042 3369 vi-

454 3411 551 3474 ris,
582 3418 635 3461 et
680 3409 776 3461 viri
822 3407 1074 3461 uxoribus
1122 3407 1392 3461 deStitutis
1440 3406 1710 3461 vinculum
1756 3406 2041 3474 conjugale

453 3499 835 3562 dissolverent,
888 3493 1270 3551 continentiam
1326 3499 1660 3565 prolitentes,
1711 3511 1868 3566 quam
1919 3513 2038 3552 cum

451 3592 692 3647 retinere
721 3605 824 3644 non
857 3599 1095 3658 p0sseut,
1122 3588 1384 3642 adulteria
1409 3587 1815 3642 commiserunt.
1837 3587 2036 3642 Inventi

451 3694 574 3738 sunt
603 3686 763 3738 etiam
796 3682 1160 3736 dissensiones
1202 3695 1265 3733 ac
1292 3681 1662 3748 separationes
1693 3696 1721 3733 a
1753 3681 2039 3733 dominicis

452 3776 761 3832 constitutis
815 3776 1170 3829 Ecclesiarum
1215 3772 1312 3828 Dei
1351 3775 1564 3838 docere,
1597 3773 1646 3827 id
1679 3784 1754 3827 est
1785 3782 1840 3828 et
1869 3774 2036 3827 tradi-

455 3869 629 3921 tiones
660 3865 1056 3922 ecclesiastieas
1085 3876 1138 3918 et
1187 3879 1248 3917 ea
1291 3880 1407 3933 quce
1457 3866 1508 3918 in
1543 3867 1783 3920 ecclesiis
1811 3877 2038 3935 aguntur

451 3961 647 4014 debere
703 3960 1015 4023 contemni,
1068 3957 1286 4026 privatis
1327 3959 1712 4012 conventiculis
1758 3961 2034 4025 institutis,

448 4062 610 4122 atque
640 4051 705 4105 ad
738 4050 1090 4106 imitationem
1116 4066 1300 4104 eorum
1325 4066 1443 4118 qua:
1477 4053 1527 4105 in
1557 4052 1717 4106 domo
1747 4052 1836 4106 Dei
1867 4067 2035 4120 agun-

449 4153 534 4196 tur
589 4145 767 4196 omnia
820 4156 1148 4210 praasumere
1196 4153 1249 4195 et
1299 4142 1578 4196 celebrare
1612 4160 1624 4194 :
1657 4145 1828 4197 adhuc
1874 4145 2034 4198 etiam

449 4233 690 4287 vestibus
719 4233 1092 4286 communibus
1121 4235 1316 4298 spretis
1348 4247 1514 4286 novos
1544 4242 1598 4288 et
1624 4234 1864 4288 insolitos
1887 4233 2032 4290 habi-

443 4335 528 4377 tus
556 4325 911 4392 assumpsisse
935 4342 944 4375 :
975 4323 1235 4391 primitias
1257 4339 1468 4392 quoque
1499 4323 1769 4380 fructuum
1801 4336 1851 4381 et
1878 4327 2028 4381 obla-

453 4413 624 4467 tiones
653 4429 862 4477 eorum,
915 4427 1048 4481 quas
1093 4421 1330 4466 veterum
1377 4413 1636 4468 institutio
1665 4415 1904 4469 ecclesiis
1937 4415 2029 4468 tri-

2163 1842 2332 1897 tiones
2361 1842 2575 1912 quidem
2608 1842 2810 1900 debere
2854 1843 3111 1899 celebrari
3143 1843 3497 1914 persuasisse,
3541 1845 3593 1899 in
3626 1857 3750 1900 tan-

2161 1941 2267 1988 tum
2320 1944 2376 1987 ut
2418 1934 2632 1990 easdem
2667 1935 2780 1990 liet-i
2833 1945 3034 2003 vetent,
3068 1945 3122 1990 et
3150 1936 3514 1992 oblationibus
3544 1952 3667 2004 qua
3697 1938 3752 1993 in

2158 2023 2406 2078 domibus
2439 2024 2591 2080 facta:
2621 2026 2818 2080 iuerint
2843 2025 3063 2082 minime
3093 2027 3596 2083 communicandum
3629 2043 3753 2086 esse

2161 2114 2456 2170 decernant
2483 2132 2496 2168 :
2523 2117 2866 2186 presbyteros
2895 2132 3023 2174 vero
3048 2117 3136 2188 qui
3166 2120 3505 2174 matrimonia
3535 2128 3754 2175 contra-

2157 2217 2346 2260 xerunt
2373 2208 2554 2275 sperni
2582 2208 2782 2264 debere
2808 2208 3010 2276 dicunt,
3041 2223 3138 2263 nec
3165 2221 3497 2265 sacramenta
3529 2225 3653 2280 qua:
3679 2210 3749 2266 ab

2157 2295 2239 2350 bis
2279 2298 2634 2352 coniiciuntur
2685 2299 2872 2369 attingi
2899 2317 2909 2351 :
2939 2300 3052 2354 loca
3101 2311 3408 2354 sanctorum
3441 2310 3744 2372 martyrum

2155 2389 2239 2441 vel
2272 2389 2518 2443 basilicas
2551 2401 2924 2455 contemnere,
2960 2403 3014 2447 et
3043 2407 3232 2448 omnes
3270 2393 3357 2462 qui
3391 2393 3519 2448 illuc
3544 2408 3750 2450 conve-

2155 2480 2304 2533 niunt
2326 2491 2380 2535 et
2402 2495 2737 2538 sacramenta
2770 2485 3059 2539 coniiciunt
3088 2485 3486 2556 reprehendere
3511 2505 3526 2542 :
3549 2489 3749 2545 divites

2153 2573 2341 2628 ﬁdeles
2389 2576 2476 2643 qui
2531 2593 2634 2629 non
2677 2578 2927 2632 omnibus
2957 2579 3270 2634 renuntiant
3307 2597 3422 2649 qua:
3472 2581 3751 2649 pOSsident

2151 2680 2302 2732 spem
2357 2681 2462 2720 non
2518 2666 2714 2722 habere
2739 2665 2766 2706 δ
2795 2685 2808 2720 :
2835 2676 2890 2722 et
2919 2669 3084 2723 multa
3120 2669 3243 2735 alia,
3290 2686 3409 2740 quas
3437 2674 3748 2728 enumerari

2152 2756 2281 2810 nulli
2309 2757 2562 2825 possrbile
2593 2767 2692 2823 est,
2725 2758 2967 2829 singulos
2997 2775 3238 2830 quosque
3265 2759 3354 2833 [T.
3407 2761 3462 2829 2,
3490 2761 3584 2827 U.,
3612 2778 3746 2832 quo~

2151 2846 2276 2918 que]
2319 2864 2502 2903 eorum
2535 2865 2630 2918 pro
2664 2864 2762 2904 suo
2793 2851 3019 2906 arbitrio
3069 2851 3415 2906 constituere.
3450 2852 3748 2924 Unusquis-

2151 2956 2255 3009 que
2283 2942 2423 2996 enim
2453 2957 2637 2996 eorum
2693 2961 2787 3012 per
2830 2943 2989 2998 talem
3045 2942 3435 2998 institutionem
3470 2947 3538 2998 ab
3567 2946 3747 3002 eccle-

2149 3035 2368 3090 siastico
2399 3052 2604 3091 canone
2637 3039 2895 3093 recedens
2927 3047 3177 3106 tanquam
3222 3037 3464 3106 pr0prias
3493 3037 3643 3104 leges
3676 3039 3746 3093 si-

2152 3128 2316 3181 bimet
2364 3127 2624 3182 condidit.
2670 3129 2776 3184 Sed
2825 3145 2922 3184 nec
2963 3129 3262 3183 communis
3306 3129 3387 3183 his
3414 3130 3668 3185 omnibus
3693 3139 3748 3186 et

2153 3233 2253 3271 una
2287 3220 2552 3273 sententia
2581 3229 2690 3274 est:
2724 3219 2920 3288 singuli
2943 3220 3084 3274 enim
3119 3229 3273 3288 prout
3303 3220 3510 3274 videtur
3535 3230 3592 3276 et
3614 3221 3746 3277 lihet

2148 3313 2212 3364 ad
2262 3313 2656 3367 accusationem
2707 3313 2951 3368 ecclesia:
3011 3314 3229 3368 nitendo
3278 3323 3528 3382 tanquam
3561 3327 3747 3372 recmr

2147 3416 2249 3455 non
2299 3401 2393 3466 sit,
2437 3401 2519 3456 vel
2566 3401 2711 3454 addit
2758 3402 2973 3458 decreta
3005 3405 3086 3458 vel
3122 3405 3332 3458 minuit.
3366 3404 3598 3473 Prorpter
3631 3408 3745 3462 haec

2146 3509 2272 3564 ergo
2299 3504 2538 3548 coactum
2576 3491 2694 3566 [U.,
2728 3492 2931 3566 actum]
2961 3505 3044 3550 est
3072 3495 3174 3550 hoc
3205 3497 3488 3551 concilium
3514 3498 3567 3551 in
3593 3495 3743 3552 Gan-

2145 3586 2323 3656 grensi
2347 3588 2577 3642 ecclesia
2610 3589 2849 3642 habitum
2882 3590 3278 3668 canonesistos
3299 3606 3591 3660 exponere,
3624 3595 3744 3665 qui-

2146 3679 2244 3733 bus
2273 3680 2638 3748 probabuntur
2662 3680 2779 3752 [U.,
2807 3680 2897 3744 G.,
2933 3683 3246 3755 probantur]
3277 3685 3561 3740 memorati
3587 3697 3742 3742 extra

2143 3769 2288 3842 [.E.,
2318 3772 2380 3826 Β.
2409 3772 2498 3840 R.,
2527 3771 2595 3829 E.
2631 3773 2684 3840 5,
2714 3771 2805 3838 U.,
2833 3772 2994 3844 intra]
3026 3775 3304 3830 ecclesiam
3337 3791 3456 3831 esse
3484 3779 3666 3847 :quod
3696 3779 3742 3834 si

2141 3879 2238 3933 per
2289 3867 2657 3933 paenitentiam
2708 3867 3185 3922 condemnaverint
3231 3871 3410 3924 omnia
3464 3869 3582 3926 base
3620 3885 3742 3942 qua

2144 3958 2283 4010 male
2312 3966 2620 4025 senserunt,
2655 3968 2906 4027 tanquam
2937 3973 2965 4011 a
2992 3975 3050 4013 se
3077 3974 3184 4012 non
3216 3960 3352 4014 bene
3385 3960 3617 4031 prolata,
3652 3978 3742 4018 ac-

2139 4047 2436 4114 ceptabiles
2464 4050 2614 4116 liant,
2647 4061 2808 4120 atque
2855 4065 2922 4106 eo
2952 4050 3162 4123 singula
3193 4067 3312 4121 quas
3345 4053 3580 4109 debeant
3604 4070 3740 4112 con-

2139 4139 2392 4194 demnare
2415 4141 2654 4211 synodus
2677 4141 2903 4196 credidit
2933 4141 3076 4214 [ίΕη
3095 4139 3159 4195 Β.
3181 4143 3274 4208 R.,
3310 4142 3376 4198 E.
3403 4147 3456 4207 3,
3486 4144 3582 4213 U.,
3613 4163 3738 4202 cre-

2137 4227 2231 4299 dit]
2261 4230 2596 4298 exponenda.
2622 4232 2773 4297 Quod
2803 4232 2847 4286 si
2871 4234 2988 4302 quis
3011 4233 3251 4288 renuerit
3284 4233 3396 4288 haec
3419 4250 3540 4303 qua:
3570 4237 3738 4294 hodie

2134 4320 2423 4375 constituta
2453 4331 2601 4386 sunt,
2647 4333 2898 4392 tanquam
2932 4324 3217 4380 haereticus
3246 4325 3736 4385 anathematizatus

2133 4425 2186 4468 et
2213 4417 2494 4471 damnatus
2526 4417 2807 4486 abjiciatur
2835 4428 2886 4474 et
2918 4419 3018 4474 erit
3064 4435 3166 4474 non
3222 4422 3395 4475 solum
3430 4423 3736 4482 incommu-

446 4505 584 4568 buit,
639 4503 858 4556 sibimet
913 4501 1215 4556 vindicasse
1267 4502 1412 4573 μῦ..
1452 4503 1807 4574 vendicasse],
1851 4505 1901 4560 id
1947 4513 2030 4558 est
2057 4523 2107 4584 ι)
2138 4504 2365 4570 nicalus,
2401 4522 2590 4561 verum
2622 4507 2781 4562 etiam
2815 4509 2882 4562 ab
2911 4511 3138 4564 ecclesia
3176 4511 3434 4567 habeatur
3471 4517 3732 4582 extarris,

444 4594 658 4662 pr0pria
687 4595 1092 4647 ratiocinatione
1145 4591 1230 4664 [Τ.
1269 4593 1322 4657 9.,
1353 4592 1397 4648 U
1423 4635 1460 4659 .,
1513 4595 1740 4665 ratione]
1771 4597 2028 4652 doctrina:

447 4695 694 4752 tanquam
731 4685 927 4738 sanctis
957 4684 1058 4738 sibi
1088 4700 1181 4738 eas
1208 4684 1391 4738 olierri
1439 4687 1656 4750 debere,
1701 4689 1840 4756 apttd
1887 4703 1944 4744 se
1975 4697 2028 4743 et

444 4777 584 4828 inter
614 4790 672 4828 se
702 4775 1084 4843 dispensandas
1111 4792 1124 4827 ε
1150 4789 1332 4830 servos
1361 4791 1390 4830 a
1420 4778 1650 4833 dominis
1693 4780 2023 4846 recedentes,

443 4878 496 4921 (ιι
530 4885 621 4935 per
659 4869 795 4922 hunc
845 4869 1154 4922 inusititum
1201 4869 1471 4938 regionistI
1516 4886 1623 4926 sua:
1659 4873 1894 4927 habitum
1926 4875 2025 4928 sub

443 4961 622 5026 specie
674 4959 949 5029 religionis
1005 4959 1250 5014 dominos
1302 4966 1688 5031 contempsisse
1722 4981 1735 5018 :
1770 4965 2023 5020 mulieres

441 5066 650 5118 quoque
682 5061 874 5119 praeter
907 5051 1343 5108 consuetudinem
1370 5065 1420 5109 et
1449 5058 1528 5110 sui
1561 5071 1722 5112 sexus
1750 5051 2021 5122 ornatum,

446 5144 570 5194 hinc
601 5159 660 5196 se
687 5142 967 5210 justiticari
999 5148 1298 5209 credentes.
1329 5149 1534 5204 virilem
1569 5150 1800 5204 habitum
1833 5167 2019 5207 susce-

443 5235 602 5300 riSStf,
659 5235 944 5303 pluresque
993 5250 1175 5289 earum
1209 5239 1490 5294 occasione
1539 5241 1808 5309 relzgionis
1840 5253 2021 5298 tonsas

439 5325 652 5393 genuini
703 5325 915 5380 decoris
964 5341 1145 5382 comas
1193 5331 1401 5396 penitus
1450 5336 2018 5406 amputassezjejunia

439 5433 555 5480 qua:
609 5417 659 5469 in
712 5418 936 5472 ecclesia
989 5419 1346 5487 praedicantur
1394 5427 1801 5490 contemnendo,
1846 5429 2016 5483 ventri

435 5512 675 5566 servisse
709 5528 721 5563 :
749 5511 1035 5566 nonnullos
1065 5513 1224 5568 etiam
1255 5529 1441 5570 eorum
1468 5517 1618 5572 cibos
1639 5523 1872 5575 carnium
1902 5531 2017 5575 tan-

503 5689 770 5766 ge;
810 5690 868 5745 Β.
901 5691 992 5759 n.,
1035 5691 1100 5746 τ.
1153 5693 1290 5760 1,2,
1325 5694 1415 5762 U.,
1457 5694 1523 5750 ο.
1571 5696 1624 5750 In
1668 5698 1729 5751 A.
1761 5706 1814 5752 et
1859 5696 1926 5752 Ε.
1959 5699 2013 5766 5,

431 5759 708 5829 religionis.

502 5828 664 5895 5443.,
697 5831 750 5887 Β.
787 5833 872 5903 R.,
904 5834 962 5889 Ε.
1002 5836 1056 5904 ὅ,
1095 5832 1159 5889 Τ.
1193 5835 1242 5902 1,
1277 5835 1330 5903 2,
1383 5837 1468 5905 U.,
1502 5855 1641 5906 spem
1672 5840 1810 5910 apud
1853 5839 2014 5896 Deum

2132 4598 2306 4652 donec
2339 4598 2657 4667 deprecetur
2686 4601 2969 4670 episcopos
3002 4612 3055 4656 et
3085 4601 3153 4657 de
3185 4603 3446 4660 universis
3478 4622 3602 4675 quae
3637 4624 3732 4678 pe-

2130 4705 2223 4744 nes
2253 4707 2346 4745 eos
2377 4691 2710 4762 deprehensa
2764 4704 2924 4763 atque
2972 4694 3181 4749 detecta
3230 4705 3353 4750 sunt
3404 4699 3727 4765 prodiderit,

2128 4781 2254 4849 quid
2289 4792 2307 4820 ο
2336 4783 2522 4837 horum
2564 4784 2864 4852 susceperit
2914 4783 3313 4840 observandum
3348 4785 3436 4860 [Τ.
3467 4787 3523 4856 2,
3559 4790 3730 4846 obse-

2128 4874 2445 4947 quendunt].

2403 4991 2510 5062 29
2539 4991 2577 5044 1.
2615 4991 2688 5044 De
2721 4992 2796 5045 Itis
2825 4992 2912 5061 qui
2944 5002 3149 5062 nupttas
3177 4993 3442 5047 damnant.

2195 5125 2248 5181 Si
2280 5127 2399 5195 quis
2427 5129 2636 5198 nuptias
2668 5129 2718 5183 itt
2752 5130 3147 5184 accusationem
3181 5129 3483 5195 deduxerit,
3523 5141 3581 5184 ct
3612 5147 3726 5186 mu-

2124 5219 2305 5274 lierem
2343 5220 2552 5275 lidelem
2583 5235 2646 5277 ac
2678 5221 2987 5293 religiosam
3016 5237 3136 5276 cum
3166 5223 3279 5276 viro
3308 5235 3408 5276 suo
3437 5220 3727 5278 dormien-

2126 5321 2226 5365 tem
2252 5312 2662 5366 abominandam
2693 5311 2989 5366 crediderit
3019 5321 3110 5366 aut
3137 5311 3297 5366 etiam
3328 5313 3723 5378 accusandam,

2124 5414 2372 5475 tanquam
2419 5420 2521 5458 non
2569 5420 2729 5474 posse
2770 5406 3083 5476 conjugetos
3127 5405 3180 5460 in
3222 5419 3447 5475 regnum
3491 5403 3596 5461 Dei
3639 5404 3723 5461 in-

2120 5500 2290 5567 gredi,
2322 5499 2602 5553 anathema
2634 5498 2722 5553 sit.

2119 5719 2221 5760 non
2250 5703 2449 5760 habere.

2193 5789 2212 5813 ε
2249 5776 2317 5830 Ex
2351 5773 2462 5841 AL,
2502 5774 2559 5829 Β.
2588 5775 2675 5840 R.,
2709 5772 2774 5830 U.
2805 5772 2858 5828 In
2890 5774 2949 5829 A.
2983 5784 3034 5830 et
3067 5772 3287 5844 reliquis
3320 5791 3332 5827 :
3366 5785 3531 5843 quon.
