3882 6330
163 350 234 406 ll'5
1073 336 1478 396 GRECORUM
1523 333 1865 394 CONCILIA.
1907 363 1978 380 -—
2017 333 2460 394 GANGRENSB.

1748 448 1805 510 Δ

264 455 320 510 ll.
355 454 428 509 De
453 453 531 507 bis
557 452 644 523 qui
672 467 869 506 carnes
899 454 1260 506 manducantes
1289 452 1563 504 damnant.

208 550 252 604 Si
276 547 384 618 quis
406 560 594 602 carnes
617 546 1043 600 manducantem
1068 561 1130 598 ex
1161 545 1265 598 lide
1287 558 1409 596 cum
1434 541 1717 612 religione,

161 652 315 714 prater
334 639 645 710 sanguinem
671 648 729 693 et
752 638 902 692 idolo
930 637 1264 691 immolatum
1295 647 1347 689 et
1373 635 1717 698 sull'ocatum,

160 733 406 791 crididerit
447 733 950 796 condemnandum,
1000 741 1252 802 tanquam
1296 745 1450 799 spem
1483 742 1590 782 non
1623 726 1719 780 ha-

160 830 334 883 bentem
373 835 397 863 ι
425 826 567 894 quod
600 841 692 881 eas
723 826 1040 887 manducet.
1074 825 1361 878 anathema
1396 824 1486 877 sit.

161 920 224 973 Ill.
257 919 376 974 Non
416 921 598 973 debere
629 935 826 973 servum
856 918 1121 971 occasione
1151 917 1420 988 religionis
1452 915 1722 970 dominum

664 1005 816 1043 suum
848 999 1187 1043 contemnere.

210 1081 254 1136 Si
280 1081 400 1149 quis
444 1092 660 1133 servum
705 1079 940 1132 alienum
981 1078 1268 1131 occasione
1306 1074 1584 1144 religionis
1626 1073 1724 1130 do-

157 1182 248 1230 ceat
268 1171 549 1226 dominum
579 1184 734 1224 suum
765 1171 968 1226 debere
995 1180 1347 1226 contemnere
1389 1180 1441 1224 et
1475 1167 1592 1233 ejus
1630 1167 1724 1221 mi-

159 1265 383 1318 nisteriun
411 1262 724 1328 destituere,
757 1276 820 1317 ac
847 1277 954 1316 non
989 1263 1166 1332 potius
1198 1261 1443 1316 docuerit
1470 1275 1590 1314 eum
1624 1274 1723 1313 suo

157 1358 343 1412 domino
378 1357 517 1410 bona
553 1356 657 1411 h’de
682 1362 739 1411 et
764 1369 888 1410 eum
919 1355 1067 1409 omni
1095 1352 1505 1410 honorificentia
1534 1353 1722 1407 deser-

157 1449 262 1513 vire,
292 1464 395 1503 ana
405 1449 581 1503 thema
614 1448 704 1502 sit.

366 1539 456 1594 IV.
495 1538 572 1593 De
593 1539 848 1594 oblatione
875 1537 1160 1609 presbyteri
1189 1537 1480 1609 conjugati.

211 1632 258 1688 Si
275 1632 393 1703 quis
412 1631 681 1687 discernit
701 1629 1076 1702 presbyterum
1100 1630 1450 1698 conjugatum
1471 1636 1721 1696 tanquam

158 1725 402 1779 occasione
435 1723 751 1791 nuptiarum
770 1763 787 1788 ,
818 1721 961 1792 quod
991 1721 1186 1777 oll’crre
1215 1737 1322 1776 non
1353 1720 1547 1784 debet.
1578 1720 1724 1776 etab

155 1813 250 1884 ejus
274 1815 542 1869 oblatione
568 1813 690 1869 ideo
721 1828 781 1868 se
811 1814 1079 1867 abstineat
1105 1813 1152 1877 δ,
1179 1814 1466 1868 anathema
1495 1813 1585 1868 sit.

298 1906 351 1961 ἲ.
392 1906 663 1960 Orationes
691 1904 938 1959 Ecclesia
958 1921 1060 1958 non
1081 1905 1264 1960 debere
1292 1905 1565 1959 contemni.

214 2000 259 2058 Si
283 2001 396 2074 quis
427 2000 590 2059 docet
618 1999 835 2059 domum
871 1998 959 2058 Dei
988 1998 1450 2072 Contemptibiietu
1482 2014 1601 2059 esse
1631 1999 1726 2058 tle-

161 2101 261 2156 bere
293 2111 342 2155 et
381 2101 835 2170 congregatioues
877 2111 996 2166 qua:
1040 2097 1091 2150 in
1134 2110 1196 2148 ea
1245 2097 1396 2159 tlunt,
1439 2097 1723 2149 anathema

160 2199 229 2244 an.
299 2260 373 2316 VI.
411 2260 535 2316 Non
565 2261 718 2315 licere
743 2269 891 2316 extra
919 2260 1184 2316 ecclesiam
1215 2260 1538 2330 congregari.

215 2355 261 2411 Si
289 2357 401 2425 quis
439 2364 594 2409 extra
627 2353 916 2409 ecclesiam
954 2353 1200 2423 privatim
1236 2352 1463 2422 populos
1493 2365 1722 2421 congre-

161 2461 264 2514 gans
287 2454 595 2501 contemnat
625 2455 647 2483 ε
681 2445 1084 2502 ecclesiasticas
1113 2446 1419 2499 sanctiones
1449 2444 1727 2515 ipsamque

161 2538 427 2605 ecclesiam,
462 2537 606 2608 apud
634 2548 896 2595 seautem
926 2539 1047 2593 sine
1076 2537 1307 2592 consilio
1335 2539 1575 2607 episcopi
1604 2554 1724 2593 cum

163 2629 453 2700 presbyteris
485 2630 510 2668 ιι
541 2640 689 2703 agat,
721 2630 1009 2685 anathema
1039 2632 1130 2684 sit.

217 2722 308 2777 VII.
339 2723 412 2777 De
434 2723 690 2795 fructibus
719 2724 773 2776 in
797 2725 1059 2777 ecclesiam
1083 2733 1129 2776 et
1158 2739 1260 2777 non
1289 2724 1414 2776 alibi
1445 2724 1652 2776 dandis.

215 2815 259 2868 Si
297 2817 405 2884 quis
449 2815 752 2871 oblationes
795 2812 1062 2869 fructuum
1086 2815 1172 2868 vel
1199 2815 1460 2884 primitias
1487 2816 1727 2872 ecclesiae

159 2905 332 2962 debitas
370 2906 468 2982 [Π.
498 2947 518 2976 ,
545 2905 780 2978 deditas]
821 2908 1053 2961 voluerit
1095 2919 1246 2961 extra
1290 2908 1575 2961 ecclesiam
1620 2909 1727 2979 30

160 2998 364 3066 accipere
408 3001 496 3054 vel
528 2999 682 3062 dare,
726 3009 923 3066 praeter
953 2997 1343 3051 conscientiam
1374 2999 1611 3066 episc0pi
1646 3000 1724 3052 vel

158 3089 250 3155 ejus
276 3090 352 3144 cui
377 3088 646 3158 ejusmodi
674 3086 853 3143 cilicia
883 3088 1174 3142 commissa
1203 3098 1348 3153 sunt,
1383 3101 1438 3144 et
1471 3105 1576 3143 non
1610 3105 1728 3143 ma-

158 3184 222 3251 gis
244 3198 351 3235 cum
376 3183 610 3238 consilio
634 3181 755 3252 ejus
780 3182 847 3238 de
876 3183 956 3236 Itis
981 3182 1246 3252 agendum
1274 3183 1563 3252 putaverit,
1598 3198 1725 3237 ana-
1752 3197 1803 3261 ο

161 3272 306 3326 taenia
335 3273 421 3328 sit.

235 3384 351 3438 VIII.
388 3385 464 3441 De
493 3387 575 3440 liis
603 3388 692 3456 qui
719 3388 775 3441 in
804 3404 926 3442 usus
957 3405 1240 3460 pauperum
1270 3389 1628 3461 conferuntur.

213 3495 263 3551 Si
298 3499 413 3567 quis
456 3499 668 3555 dederit
704 3501 789 3555 vel
813 3504 1080 3570 acceperit
1125 3505 1388 3557 fructuum
1431 3505 1730 3561 oblationes

159 3599 280 3642 extra
307 3594 622 3661 episc0pum
647 3596 730 3649 vel
753 3611 875 3650 eum
902 3599 991 3664 qui
1016 3599 1340 3652 Constitutus
1368 3607 1451 3652 est
1480 3601 1548 3652 ab
1573 3614 1639 3653 eo
1662 3600 1727 3653 ad

158 3678 538 3751 dispensandam
573 3688 997 3743 miscricordiam
1029 3689 1118 3763 [T.
1151 3691 1200 3756 I,
1230 3692 1562 3762 mercedem]
1601 3710 1731 3762 pau-

160 3773 345 3836 peribus
371 3792 384 3838 ;
417 3787 468 3830 et
499 3778 590 3846 qui
616 3778 704 3832 dat
741 3788 796 3833 et
823 3779 913 3849 qui
941 3782 1159 3850 accipit,
1193 3785 1481 3838 anathema
1511 3787 1599 3838 sit.

159 3880 231 3936 IX.
263 3884 552 3956 virginitati
579 3890 871 3946 studentem
894 3909 992 3948 non
1015 3893 1196 3948 debere
1223 3898 1432 3961 nuptias
1453 3901 1728 3954 exsecrari.

216 3998 262 4051 Si
286 4001 399 4068 quis
429 4004 512 4057 vel
541 4006 904 4075 virginitatem
931 4011 1013 4064 vel
1039 4013 1430 4066 continentiam
1457 4015 1730 4082 professus

159 4097 380 4157 tanquam
415 4095 812 4153 abominabiles
847 4104 1058 4170 nuptias
1087 4101 1316 4172 judicat,
1353 4114 1403 4158 et
1437 4120 1541 4158 non
1573 4122 1733 4174 prop-

160 4191 225 4234 ter
249 4186 413 4238 solum
447 4188 572 4254 hoc,
600 4191 741 4259 quod
769 4195 1101 4249 continentia
1132 4206 1185 4249 et
1216 4198 1496 4266 virginitas
1529 4199 1730 4254 bonum

159 4288 485 4348 sanctumque
517 4286 856 4352 propositum
885 4288 975 4352 sit,
1010 4289 1298 4343 anathema
1333 4292 1424 4344 sit.

345 4371 408 4424 Χ.
441 4370 518 4424 De
554 4374 632 4426 his
654 4377 742 4444 qui
767 4393 860 4444 pro
884 4378 1175 4445 uirginitate
1198 4384 1521 4449 superbiant.

212 4459 260 4515 Si
311 4465 430 4526 quis
485 4477 703 4536 propter
742 4469 910 4523 Deum
953 4473 1318 4542 virginitatem
1367 4479 1638 4545 professus
1681 4481 1731 4533 in

157 4553 373 4623 conjugio
406 4560 611 4626 positos
641 4576 736 4629 per
764 4565 1122 4632 arrogantiam
1158 4566 1563 4636 vituperaverit,
1606 4587 1734 4624 aua-
1766 4569 1817 4629 D

157 4644 304 4700 dicina
337 4650 424 4704 sit.

299 4737 388 4795 XI.
421 4745 653 4814 Agapem
688 4745 905 4812 fratrum
935 4765 1034 4801 non
1065 4751 1246 4804 debere
1275 4755 1548 4807 contemni.

210 4830 258 4885 Si
288 4835 406 4902 quis
436 4840 869 4893 contemnendos
897 4841 1114 4896 (luxerit
1140 4858 1360 4913 agapem
1396 4847 1654 4901 iacientes
1682 4859 1734 4903 et

157 4940 346 4994 propter
375 4932 640 4987 honorem
671 4933 882 4988 Domini
915 4937 1110 4991 fratres
1139 4953 1400 5007 pauperes
1430 4957 1734 4997 convocan-

157 5028 248 5082 tc:.
289 5033 338 5074 et
382 5025 617 5078 noluerit
663 5030 1065 5083 communicare
1107 5034 1480 5087 vocationihus
1521 5052 1730 5103 eorum,

157 5119 377 5178 tauquam
407 5116 458 5168 in
497 5116 721 5170 uitulum
754 5127 778 5154 ο
808 5120 948 5187 quod
981 5120 1038 5174 lit
1064 5121 1338 5180 deducens
1371 5124 1418 5192 ί,
1447 5130 1731 5184 anathema

155 5211 220 5255 εεῐ.

264 5338 278 5388 l

336 5380 348 5400 .
383 5367 426 5406 ι,
447 5358 531 5396 em
561 5346 698 5413 apud
729 5345 892 5400 Deum
921 5364 1022 5402 non
1053 5349 1339 5406 habentem.

451 5415 576 5478 ,κη
613 5417 677 5470 Ε.
713 5419 770 5482 5,
801 5417 887 5481 υ.,
921 5422 1151 5475 abstinet.

439 5489 930 5560 opulosfongregat
957 5502 1005 5545 et
1037 5496 1330 5547 contemnit.

405 5554 464 5637 εξ.
497 5556 586 5637 ᾖ..
721 5554 772 5637 ᾖ]
796 5554 954 5637 ξΓῖ-ρ,
983 5563 1039 5624 2.
1079 5563 1165 5629 U.,
1200 5570 1511 5637 presbytero.

263 5607 469 5702 ags.
495 5607 701 5702 55,5;
725 5607 968 5702 ῑζᾷῗυῖ,
987 5607 1514 5702 ῑὲιιῦιὶἰαῗιὲ“ιῖξιῆὶῖιίἦζ

3323 335 3428 392 ιη

2065 447 2177 503 XII.
2208 447 2285 500 De
2311 447 2684 502 continentibus
2713 459 2762 501 et
2786 464 2879 502 usu
2907 448 3203 510 palliorum.

1895 539 1951 596 Si
1993 541 2114 610 quis
2154 541 2391 595 virorum
2428 539 2692 607 putaverit
2722 554 2906 594 sancto
2941 543 3214 608 preposito
3250 540 3299 594 id
3331 551 3416 596 est

1824 632 2173 684 continentia:
2204 632 2494 685 convenire
2527 642 2578 684 ut
2611 632 2768 699 pallio
2801 631 2948 704 [ΑΞ.⁹
2972 631 3036 684 Β.
3069 632 3156 694 Β..
3187 631 3279 697 U.,
3313 634 3431 702 pal-

1827 718 1938 790 Ieo]
1962 732 2166 784 utatur,
2199 731 2450 790 tanquam
2477 737 2541 776 ex
2567 739 2631 774 eo
2650 721 2913 790 justitiam
2945 723 3243 788 hahiturus,
3271 735 3323 779 et
3347 740 3431 780 re—

1828 814 2130 879 prehendat
2159 815 2243 866 vel
2275 815 2479 881 judicet
2508 815 2642 868 alios
2664 817 2754 882 qui
2787 830 2908 870 cum
2938 815 3242 871 reverentia
3268 816 3430 871 birris

1826 913 2052 962 utun'ur
2082 916 2136 960 et
2166 909 2270 960 alia
2305 919 2452 962 veste
2483 909 2760 964 communi
2789 923 2908 979 quae
2938 910 2992 964 in
3023 925 3121 966 usu
3151 920 3267 978 εει,
3298 927 3428 967 ana-

1827 997 2005 1050 thema
2036 1000 2127 1050 sit.

1829 1087 1970 1145 XIII.
2014 1091 2135 1146 Non
2172 1093 2353 1148 debere
2393 1095 2656 1148 mulierem
2687 1095 3018 1149 continentia
3052 1111 3210 1149 causa
3233 1097 3432 1151 virilem

2369 1165 2601 1218 habitum
2632 1182 2900 1236 usurpare.

1898 1252 1953 1308 Si
1986 1268 2089 1322 qua
2123 1254 2317 1308 mulier
2348 1253 2451 1310 hoc
2481 1258 2758 1326 proposito
2785 1258 2915 1312 utile
2949 1267 2973 1304 ε
2998 1257 3252 1326 judicans
3283 1259 3431 1316 virill

1830 1356 1976 1399 veSIe
2018 1357 2220 1412 utatur,
2259 1346 2324 1400 ad
2372 1348 2473 1402 hoc
2512 1357 2570 1401 ut
2609 1349 2708 1404 viri
2743 1349 2982 1406 habitum
3015 1351 3272 1419 imitetur,
3303 1368 3434 1408 ana-

1830 1439 2009 1492 thema
2040 1440 2130 1493 sit.

1827 1529 1934 1601 31
1967 1528 2106 1584 XIV.
2152 1529 2278 1586 Non
2322 1535 2970 1659 deberefcorzdemnantem
3014 1539 3221 1609 nuptias
3251 1556 3282 1593 a
3323 1542 3434 1596 uiro

1934 1613 1955 1629 ί
2523 1622 2624 1659 uice
2664 1624 2768 1659 ere.

1934 1613 1955 1629 ί
2485 1613 2768 1661 discedere.

1901 1693 1958 1750 Si
1977 1710 2079 1766 qua
2104 1695 2299 1749 mulier
2321 1697 2578 1752 derelicto
2610 1700 2727 1754 viro
2755 1699 3038 1756 discedere
3061 1701 3317 1770 voluerit,
3342 1718 3432 1759 so-

1752 1821 1800 1880 B
1831 1783 1942 1840 luto
1986 1789 2202 1843 vinculo
2243 1789 2534 1859 conjugali,
2582 1793 2796 1861 nuptias
2841 1794 3280 1859 condemnando,
3309 1812 3438 1852 ana-

1833 1879 2012 1932 thema
2044 1880 2131 1930 sit.

1831 1966 1942 2029 ΧΥ.
1976 1967 2095 2027 Non
2115 1969 2298 2030 debere
2315 1975 2972 2104 quamquamcontinentia
2987 1993 3145 2036 causa
3159 1980 3300 2055 ﬁlias
3318 1997 3438 2040 suos

2492 2068 2588 2104 nea
2615 2069 2770 2104 taerc.

2492 2068 2770 2122 negligere.

1906 2137 1963 2194 Si
1988 2137 2014 2174 δ
2043 2140 2164 2208 quis
2188 2140 2538 2211 dereliquerit
2565 2145 2703 2198 ﬁlios
2728 2147 2976 2214 pr0prios
2999 2159 3050 2203 et
3075 2164 3181 2204 non
3205 2164 3300 2204 eos
3321 2151 3437 2218 alit,

1830 2241 1883 2284 et
1915 2234 2212 2288 secundum
2257 2237 2400 2305 quod
2447 2240 2659 2306 pietatis
2690 2250 2774 2296 est
2814 2244 3118 2298 necessaria
3153 2251 3256 2299 non
3297 2261 3436 2315 pra:-

1833 2325 2039 2394 buerit,
2075 2328 2169 2382 sed
2203 2329 2493 2387 occasione
2523 2335 2871 2392 continentia
2904 2338 3256 2409 negligendos
3288 2351 3439 2411 puta-

1830 2420 1990 2483 verit,
2025 2423 2310 2478 anathema
2341 2426 2431 2480 sit.

1833 2512 1972 2569 XVI.
2018 2515 2100 2570 Nc
2126 2517 2225 2585 ﬁlii
2261 2523 2529 2576 occasione
2551 2524 2815 2606 religionis
2848 2538 3086 2596 parentes
3117 2546 3238 2586 suos
3266 2532 3440 2602 dapi-

2558 2607 2716 2650 ciant.

1905 2678 1956 2732 Si
1989 2681 2079 2749 qui
2117 2681 2210 2735 lilii
2243 2693 2497 2752 parentes
2532 2689 2766 2744 maxime
2797 2689 2987 2748 ﬁdeles
3016 2692 3356 2751 deseruerint
3386 2697 3437 2752 in

1832 2774 2115 2826 occasione
2159 2775 2337 2828 cultus
2376 2776 2420 2842 ί,
2465 2779 2566 2832 hoc
2604 2780 2807 2848 justum
2847 2797 2971 2839 esse
3009 2784 3344 2853 iudicantes.
3387 2797 3440 2844 et

1833 2881 1941 2921 non
1969 2870 2145 2936 potius
2173 2869 2415 2924 debitum
2446 2871 2706 2928 honorem
2739 2879 3049 2944 parentibus
3079 2879 3440 2946 reddiderint,

1833 2970 1892 3014 ut
1940 2962 2039 3014 hoc
2089 2964 2262 3031 ipsum
2304 2965 2356 3018 in
2398 2966 2477 3020 eis
2521 2978 2846 3024 venerentur
2892 2971 3034 3040 quod
3068 2972 3253 3028 ﬁdeles
3294 2988 3440 3040 sunt,

1833 3053 2117 3106 anathema
2152 3055 2240 3107 sit.

2069 3146 2230 3201 XVII.
2260 3147 2426 3220 Caput
2449 3152 2658 3206 tondere
2681 3154 2885 3207 mulieri
2915 3171 3015 3209 non
3043 3155 3213 3210 licere.

1906 3236 2252 3306 Qumeunque
2297 3243 2527 3296 mulieri
2573 3244 2819 3312 religioni
2863 3245 3115 3315 judicans
3151 3252 3445 3309 convenire

1834 3340 2045 3382 comam
2068 3330 2166 3383 sibi
2193 3334 2579 3409 amputaverit,
2603 3350 2763 3404 quam
2797 3336 2934 3391 Deus
2963 3339 3028 3392 ad
3058 3340 3301 3394 velamen
3327 3343 3446 3409 ejus

1835 3429 1889 3472 et
1920 3421 1986 3473 ad
2022 3406 2334 3475 memoriam
2371 3424 2725 3492 subjectionis
2756 3428 2830 3481 illi
2861 3429 3031 3493 dedit,
3068 3441 3320 3502 tanquam
3353 3449 3443 3488 re-

1834 3512 2053 3568 solvens
2083 3515 2203 3582 jura
2233 3517 2606 3584 suhjectionis,
2634 3523 2925 3575 anathema
2956 3524 3045 3577 sit.

2018 3607 2202 3662 XHII.
2243 3609 2362 3663 Non
2395 3611 2547 3664 licere
2575 3613 2656 3666 die
2686 3613 2957 3669 Dominico
2972 3617 3239 3688 jejunare.

1908 3699 1962 3752 Si
1997 3705 2138 3766 quis,
2177 3713 2427 3769 tanquam
2465 3707 2564 3758 hnc
2596 3707 2944 3762 cominentim
2975 3712 3272 3765 convenire
3302 3711 3445 3780 judi-

1836 3804 1996 3854 cans,
2031 3793 2118 3846 die
2151 3793 2433 3849 Dominico
2460 3796 2784 3865 jejunaverit
2821 3800 2873 3854 in
2906 3801 3145 3870 ejusdem
3178 3805 3281 3858 diei
3313 3820 3443 3860 con-

1840 3894 2125 3952 temptum,
2161 3892 2448 3941 anathema
2483 3891 2572 3942 sit.

2009 3995 2143 4052 XIX.
2181 3998 2303 4053 Non
2335 4000 2489 4054 licere
2505 4004 2714 4074 jciunia
2740 4008 3034 4061 communia
3062 4009 3277 4066 solvere.

1909 4109 1966 4166 Si
2011 4114 2100 4181 qui
2144 4129 2330 4168 eorum
2379 4117 2469 4183 qui
2510 4116 2560 4168 in
2612 4121 2886 4188 preposito
2930 4133 3058 4176 sunt
3090 4125 3439 4184 continentis

1839 4218 2034 4275 praeter
2065 4209 2443 4263 necessitatem
2474 4214 2813 4280 corporalem
2851 4217 3128 4284 superbiat
3162 4229 3214 4272 et
3240 4219 3447 4288 jejuni:

1837 4304 2138 4353 communia
2186 4304 2348 4356 totius
2399 4304 2652 4358 [inclusim
2701 4309 2969 4374 putaverit
3011 4313 3445 4384 contemnenda,

1839 4394 2127 4460 perlectam
2163 4395 2210 4446 in
2242 4395 2348 4466 32
2377 4411 2472 4448 sua
2503 4397 2731 4451 scientia
2763 4400 2906 4469 [ίΕἾ
2941 4393 3295 4476 conscientia]
3327 4410 3449 4462 vin-

1838 4485 2023 4541 dicans
2054 4487 2173 4559 [U.,
2199 4488 2469 4563 judicans]
2497 4495 2784 4558 ratiimem,
2817 4497 3103 4550 attathcma
3134 4501 3225 4552 sit.

1980 4580 2099 4635 XX.
2136 4582 2637 4638 (Iommtmirandum
2666 4589 2718 4639 in
2749 4589 2976 4643 basilicis
3004 4603 3306 4661 martyrum.

1911 4674 1962 4726 Si
1993 4677 2110 4743 quis
2138 4691 2229 4742 per
2258 4679 2563 4746 superbiam
2599 4691 2850 4748 tanquam
2881 4682 2906 4718 ιλ
2940 4683 3235 4750 perit-ctum
3268 4704 3324 4740 se
3349 4705 3450 4742 (es.

1840 4766 2053 4829 timans,
2110 4779 2409 4823 Conventus
2447 4772 2535 4836 qui
2575 4785 2671 4838 ρει·
2703 4772 2816 4824 loca
2857 4784 2911 4827 et
2950 4775 3202 4829 basilicas
3234 4789 3450 4832 sancto-

1839 4874 1954 4911 rum
1989 4871 2284 4930 martyrum
2318 4861 2452 4914 liunt
2487 4863 2568 4915 vel
2599 4869 2952 4931 aceusaverit,
2989 4869 3069 4920 vel
3101 4872 3262 4922 etiam
3299 4872 3450 4924 obla-

1841 4950 2011 5004 tiones
2052 4968 2170 5020 quzu
2203 4952 2398 5006 ibidem
2440 4954 2782 5009 celebrantur
2815 4961 3148 5027 spernenda:
3179 4979 3298 5016 esse
3332 4979 3450 5016 crc-

1837 5042 2053 5109 diderit,
2082 5047 2487 5115 memoriasque
2511 5058 2822 5106 sanctorum
2847 5055 3295 5119 contemnendas,
3324 5073 3450 5110 ana~

1839 5135 2016 5189 thema
2050 5139 2139 5191 sit.

1912 5225 2035 5280 Ilaec
2064 5239 2242 5283 autem
2278 5230 2597 5299 scripsimus
2629 5249 2736 5287 non
2768 5235 3110 5292 abscidcntes
3142 5254 3236 5292 eos
3269 5242 3358 5310 qui
3397 5245 3446 5294 in

1911 5363 1935 5399 ιι
1973 5364 2050 5446 Er
2078 5365 2145 5421 U.
2184 5367 2331 5446 in_A.
2358 5374 2647 5446 etcrcteris
2689 5373 2976 5429 Codicibus
3012 5395 3021 5428 :
3059 5377 3119 5431 Si
3149 5383 3262 5446 quis
3295 5383 3444 5433 derc-

1839 5437 2318 5517 liqncr-it‘pr‘oprios
2363 5440 2495 5517 [ifios
2535 5453 2581 5517 et
2623 5461 2722 5498 non
2766 5462 2849 5498 eos
2892 5448 2995 5498 alat
3028 5461 3071 5499 et
3113 5437 3249 5517 quod
3279 5451 3341 5501 ab
3383 5467 3444 5501 eo

1841 5508 2155 5630 (ΑηὺΙιαὺβι)
2190 5513 2470 5562 scentulum
2509 5515 2715 5578 pietatis
2759 5528 2849 5580 est,
2909 5520 2983 5571 Itis
3011 5508 3298 5573 necessaria
3343 5538 3443 5573 non

1841 5595 1943 5630 mw
1982 5589 2126 5630 uerti.

1838 5581 2126 5647 pi'it'buerit.

1917 5647 1930 5685 ί
1965 5653 2081 5723 .43.,
2115 5652 2172 5705 Β.
2199 5652 2283 5718 R.,
2314 5654 2375 5708 E.
2400 5655 2453 5719 3,
2481 5655 2541 5707 Τ.
2572 5656 2623 5721 l,
2654 5656 2708 5722 ‘2,
2731 5657 3104 5723 U.,occasione
3125 5659 3221 5718 Dei
3249 5663 3440 5717 cultus.

1913 5722 1925 5798 ξ
2121 5725 2176 5776 Β.
2207 5725 2290 5788 IL,
2329 5726 2464 5791 [5.3,
2505 5720 2835 5798 Quicumque
2865 5732 3154 5787 mulierum.

1908 5792 1934 5828 ¹ί
1968 5794 2054 5856 U.,
2092 5798 2134 5848 si
2160 5801 2272 5868 quis
2302 5792 2545 5866 superbus
2579 5792 2839 5869 tanquam.
