3882 6368
373 353 479 413 H5

1070 338 1455 400 COLLECTIU
1490 334 1822 394 CANONUM
1862 333 1922 391 S.
1963 328 2240 389 lSlDORO
2279 327 2546 386 HISPAL.
2585 322 2944 382 ASCRIPTA.

3562 315 3671 374 “6

370 466 617 525 Ecclesia
652 464 742 519 Dei
774 460 1068 518 secundum
1101 459 1410 530 Scripturas
1437 463 1683 511 sanctum
1719 452 1959 523 proposi-
1988 455 2042 515 Δ
2067 450 2183 507 mili
2223 466 2326 504 non
2358 445 2708 514 reprobamus
2742 461 2755 495 :
2790 441 2930 497 sicut
2960 440 3119 494 etiam
3159 444 3408 493 ornatum
3440 442 3671 504 prOpter

375 572 490 617 tum
520 555 864 614 continentia:
901 556 1128 625 eligunt,
1163 552 1259 607 sed
1288 565 1382 606 eos
1412 550 1502 619 qui
1528 548 1829 618 suspiciunt
1859 547 1957 599 ha-

374 652 547 707 bitum
588 656 705 719 ejus
732 656 786 701 et
815 650 868 700 in
900 645 1205 716 superbiam
1232 642 1529 700 eﬂ'eruntur
1566 644 1824 697 adversus
1866 654 1962 695 eos

373 743 464 814 qui
492 739 785 810 simplicius
810 739 994 794 vivunt
1015 734 1159 813 [Εη
1188 735 1461 805 simplices
1483 732 1648 804 sunt].
1682 732 1787 788 Sed
1814 745 1909 787 eos
1935 738 1962 767 ι

378 832 805 891 condemnamus
844 834 935 902 qui
977 845 1039 887 se
1076 828 1341 885 extollunt
1369 826 1625 883 adversus
1656 825 1964 895 Scripturas

382 940 438 986 et
476 925 872 984 ecclesiasticos
909 938 1147 983 canones
1184 932 1239 977 et
1268 935 1407 977 nova
1437 919 1785 975 introducunt
1822 932 1963 989 prm-

380 1031 557 1091 cepta.
591 1018 702 1074 Nos
723 1028 899 1075 autem
930 1024 986 1073 et
1006 1013 1369 1084 virginitatem
1399 1026 1521 1066 cum
1550 1009 1850 1066 humilitate
1869 1007 1967 1062 ad-

382 1114 665 1179 miramur,
695 1120 749 1166 et
775 1108 1157 1166 cnntinentiam
1189 1120 1312 1159 cum
1355 1102 1600 1158 castitate
1628 1110 1683 1157 et
1710 1098 1971 1170 religione

386 1207 500 1262 Deo
521 1202 951 1266 acceptissimam
974 1198 1226 1264 dicimus,
1249 1204 1305 1251 et
1322 1193 1774 1250 rennntiationem
1796 1204 1969 1245 διεω-

384 1298 576 1355 larium
606 1296 937 1366 negotiorum
951 1301 1108 1361 atque
1134 1285 1477 1361 actuumlU.,
1503 1280 1706 1356 aptum]
1729 1297 1849 1338 cum
1876 1280 1969 1336 bu-

386 1387 614 1444 militate
643 1386 936 1440 discessum
968 1379 1312 1452 approbanda
1342 1376 1648 1437 laudamus,
1677 1381 1732 1429 et
1761 1371 1969 1442 nuptia-

382 1497 505 1538 rum
531 1480 802 1535 vinculum
828 1475 969 1547 quod
996 1472 1289 1529 secundum
1313 1473 1613 1525 castitatem
1642 1478 1826 1520 secum
1852 1478 1973 1533 per-

385 1574 545 1630 durat
575 1574 930 1637 bonoramus,
960 1578 1014 1625 et
1042 1566 1232 1623 divites
1262 1578 1383 1619 cum
1405 1561 1614 1636 iustitia
1641 1567 1698 1615 et
1723 1557 1972 1629 operibus

390 1667 547 1724 bonis
579 1682 683 1722 non
714 1664 1014 1737 abjicimus,
1046 1672 1101 1718 et
1126 1660 1513 1732 parcimoniam
1537 1671 1658 1712 cum
1688 1665 1836 1711 veste
1867 1652 1972 1708 bu-

462 1788 487 1816 ι
518 1778 636 1847 1E,
666 1777 772 1835 Sed
800 1786 848 1832 st
870 1792 973 1831 eos.
1002 1773 1155 1839 B.R.,
1180 1772 1271 1839 U.,
1300 1771 1409 1827 Sed
1432 1780 1480 1825 et
1503 1769 1617 1824 Im.

2068 544 2312 613 corporis
2344 538 2674 610 diligentiam
2707 534 2999 590 inlucatum
3033 529 3331 591 laudamus,
3367 526 3671 580 dissolutos

2070 646 2246 693 autem
2266 644 2320 691 et
2340 630 2535 689 fractos
2562 631 2613 685 in
2635 628 2873 685 vestibus
2898 627 3139 679 incessus
3157 620 3181 660 δ
3206 636 3313 676 non
3335 616 3664 688 recipimus;

2070 741 2123 789 et
2149 730 2339 786 domos
2381 725 2473 782 Dei
2514 725 2867 787 bonoramus,
2908 729 2962 774 et
3000 725 3297 773 conventus
3336 714 3427 782 qui
3477 712 3533 766 in
3580 710 3671 765 his

2073 823 2204 878 fiunt
2242 833 2493 887 tanquam
2525 826 2744 871 sanctos
2776 822 2831 868 et
2860 810 3019 865 util‘es
3047 808 3365 877 recipimus,
3409 805 3672 873 pietatem

2072 914 2126 969 in
2156 911 2377 983 privatis
2402 908 2651 965 domibus
2682 918 2788 960 non
2818 900 3227 963 concludentes,
3260 906 3315 952 et
3340 908 3560 949 omnem
3592 896 3671 945 to-

2073 1019 2194 1061 cum
2233 1005 2285 1057 in
2318 1002 2535 1057 nomine
2576 999 2667 1054 Dei
2717 994 3040 1053 aedificatum
3077 992 3425 1052 honoramus,
3461 995 3517 1041 et
3549 1000 3677 1039 cnn-

2074 1100 2438 1169 gregationem
2464 1098 2516 1152 in
2549 1093 2779 1152 ecclesia
2801 1093 2994 1148 factam
3018 1091 3083 1143 ad
3108 1087 3392 1143 utilitatem
3417 1096 3676 1138 commu-

2079 1208 2201 1250 nem
2241 1194 2557 1261 recipimus;
2598 1200 2653 1245 et
2692 1191 2831 1245 bona
2871 1200 3032 1256 Opera
3063 1198 3183 1254 quas
3223 1193 3387 1250 supra
3441 1177 3593 1231 vires
3624 1172 3673 1228 in

2080 1288 2275 1343 fratres
2304 1296 2566 1355 pauperes
2592 1289 2913 1337 exercentur
2942 1275 3239 1332 secundum
3268 1266 3680 1327 ecclesiasticas

2077 1380 2389 1438 traditiones
2420 1376 2813 1440 beatiﬁcamus,
2858 1381 2913 1428 et
2964 1370 3143 1426 omnia
3176 1380 3296 1436 qua:
3337 1360 3685 1419 conveniunt

2077 1471 2452 1528 traditionibus
2489 1466 2804 1540 apostolicis
2829 1474 2885 1521 et
2923 1473 3230 1521 sanctarum
3263 1458 3681 1527 Scriptus-arum

2080 1564 2384 1636 praeceptis,
2414 1563 2470 1618 in
2500 1559 2725 1617 ecclesia
2751 1557 2864 1615 ﬁeri
2893 1564 3238 1625 exoptamus.

2155 1760 2182 1801 δ
2209 1760 2301 1829 U.,
2329 1761 2382 1815 in
2412 1760 2621 1814 vestium
2650 1758 2868 1811 incessu.

2463 1878 3688 1907 Δ

392 1893 3689 1955 Μ

1938 2029 2111 2133 ν.

1274 2222 1510 2309 CON
1524 2215 1945 2305 CILIUM
2020 2212 2794 2301 SABDICENSE.

1538 2398 2015 2445 TRRCBNTOBUM
2082 2398 2521 2443 EPISCOPORUM

1500 2527 1590 2583 ET
1630 2526 1697 2582 iN
1736 2523 1825 2580 EO
1862 2521 2179 2580 CANONES
2218 2523 2577 2581 INSTITUTI.

469 2662 576 2735 33
597 2689 624 2702 -
652 2655 759 2729 35
823 2653 979 2709 Anno
1020 2655 1172 2705 sexto
1218 2643 1515 2700 Constantii
1546 2650 1573 2680 ι
1601 2638 1945 2709 imperatoris
1966 2676 1982 2704 ,
2014 2642 2062 2702 Β
2093 2638 2154 2695 ll.
2200 2639 2509 2711 Episwpum
2539 2638 2604 2721 de
2638 2637 2908 2735 prouincia
2934 2634 3001 2719 a_d
3031 2632 3349 2713 provinciam
3377 2646 3482 2685 non
3515 2638 3698 2687 trans-

406 2728 637 2812 Leoutio
666 2728 727 2805 et
760 2744 1017 2802 Sallustio
1041 2739 1352 2798 consulibus
1380 2749 1490 2792 tura
1512 2733 1538 2773 ιι
1570 2746 1795 2789 εαειχχι
1814 2772 1830 2798 ,
1862 2728 1991 2785 Sar-

410 2843 649 2901 .iicensis
676 2838 915 2911 synodus
943 2838 1264 2903 congregata
1297 2836 1416 2893 est,
1466 2827 1557 2881 ubi
1589 2838 1776 2878 omnes
1826 2818 1988 2893 [/E.,

416 2938 598 3003 ibique
626 2927 835 3001 omnes]
884 2942 979 2998 per
1027 2930 1299 2980 Orientem
1344 2918 1527 2975 Ariani
1573 2914 1810 2983 episcOpi
1856 2926 1991 2967 con-

409 3021 647 3083 demnati
678 3028 834 3086 sunt,
883 3018 972 3089 qui
998 3014 1247 3070 conventi
1278 3009 1347 3065 ad
1376 3008 1665 3064 concilium
1704 3016 1994 3061 occurrere

412 3132 565 3180 reatu
596 3116 939 3175 conscientiae
973 3124 993 3151 ε
1024 3112 1351 3165 uoluerunt:
1382 3107 1435 3159 in
1464 3118 1572 3173 quo
1593 3100 1823 3156 concilio
1856 3100 1996 3151 inter

417 3223 614 3270 canora
642 3210 724 3265 has
754 3209 950 3278 regulae
990 3218 1085 3273 pro
1115 3198 1403 3269 disciplina
1436 3192 1802 3252 ecclesiastica
1841 3189 1997 3245 insti-

416 3317 546 3361 tuta:
572 3313 717 3360 sunt.

410 3438 457 3497 l.
518 3436 833 3509 Episcomtnt
891 3444 991 3483 non
1046 3427 1231 3509 debere”
1282 3423 1347 3478 ad
1405 3422 1564 3476 aliam
1630 3420 1883 3474 civitatem
1948 3432 2001 3472 se

1062 3502 1357 3565 transferre.

492 3624 650 3680 ()sins
680 3619 964 3690 episcopus
1007 3614 1139 3669 dixit
1170 3628 1183 3666 :
1212 3611 1328 3665 Non
1378 3607 1554 3662 minus
1600 3604 1736 3658 mala
1778 3616 2002 3657 consue-

418 3717 550 3775 tudo
569 3729 730 3784 qnam
757 3708 1053 3781 perniciosa
1081 3708 1384 3774 corruptela
1419 3699 1655 3753 funditus
1685 3693 2004 3750 erailicanila

418 3820 532 3875 est,
582 3824 649 3864 ne
670 3807 755 3862 cui
787 3806 941 3859 liceat
968 3801 1221 3869 episeopo
1247 3796 1315 3851 de
1358 3793 1579 3849 civitate
1619 3805 1713 3844 sua
1747 3788 1812 3841 ad
1844 3787 2001 3840 aliam

422 3903 696 3961 civitatem
721 3898 970 3953 transire.
1007 3890 1284 3946 Manifesta
1308 3895 1392 3943 est
1422 3886 1563 3940 enim
1587 3897 1746 3938 causa
1775 3896 1875 3947 qua
1904 3881 2003 3935 hoc

2542 2711 2618 2763 ire
2645 2710 2744 2762 nisi
2774 2710 2929 2775 fuerit
2955 2708 3219 2759 invitatus.

2174 2801 2331 2858 Osius
2365 2802 2649 2871 episcopus
2682 2801 2815 2856 dixit
2843 2819 2854 2853 :
2894 2800 3024 2855 Illud
3060 2812 3271 2869 quoque
3299 2805 3559 2851 statutum
3588 2796 3701 2863 sit,

2100 2905 2158 2951 ut
2196 2897 2479 2965 episcopus
2509 2895 2577 2950 de
2617 2910 2713 2949 sua
2756 2893 3026 2963 provincia
3064 2892 3130 2946 ad
3163 2891 3321 2946 aliam
3356 2890 3704 2959 provinciam

2102 2986 2155 3040 in
2186 3002 2289 3055 qua
2325 2996 2447 3038 sunt
2481 2984 2721 3053 episcopi
2756 3000 2861 3038 non
2897 2991 3133 3037 transeat
3155 3022 3170 3047 ,
3202 2984 3305 3036 nisi
3336 2978 3479 3035 forte
3511 2996 3537 3031 τι
3576 2978 3707 3034 fra-

2104 3079 2277 3165 tribus
2316 3079 2425 3133 suis
2455 3077 2706 3133 invitatus
2735 3086 2758 3115 ο
2782 3119 2796 3145 ,
2834 3093 2901 3132 ne
2940 3077 3215 3132 videamur
3255 3075 3474 3145 januam
3512 3071 3708 3129 chari-

2104 3172 2226 3226 tatis
2246 3171 2527 3226 clausisse.

2103 3265 2191 3320 lll.
2253 3265 2329 3320 De
2377 3266 2577 3321 duobus
2621 3265 2871 3336 episcopis
2933 3265 3084 3317 unius
3134 3262 3412 3331 provincia
3459 3262 3599 3315 inter
3652 3275 3711 3317 se

2536 3335 2910 3390 contentionem
2937 3335 3257 3387 habentibus.

2173 3431 2332 3486 Osius
2376 3430 2657 3499 episcopus
2690 3430 2827 3482 dixit
2858 3445 2869 3480 :
2907 3426 3302 3481 Providentiam
3335 3432 3420 3479 est
3450 3425 3618 3478 etiam
3644 3433 3717 3480 ut

2105 3524 2147 3577 si
2183 3539 2233 3575 an
2263 3523 2439 3592 aliqua
2473 3520 2745 3589 provincia
2786 3521 2922 3573 forte
2946 3518 3140 3587 aliquis
3185 3519 3475 3585 episcopus
3511 3526 3715 3571 contra

2108 3616 2325 3670 fratrem
2380 3630 2535 3669 suum
2584 3615 2896 3683 episcopum
2948 3611 3095 3666 litem
3147 3609 3417 3673 habuerit,
3485 3624 3630 3663 unus
3683 3626 3719 3665 e

2107 3709 2317 3763 duobus
2354 3723 2418 3761 ex
2454 3708 2555 3761 alia
2591 3705 2866 3775 provincia
2913 3720 3017 3758 non
3052 3704 3278 3758 advocet
3319 3704 3611 3773 episcopos
3643 3701 3721 3759 ad

2104 3801 2383 3871 judicium.

2491 3893 2576 3949 IV.
2621 3891 2697 3945 De
2728 3894 2969 3961 episcopo
2992 3891 3312 3962 adjudicato.

420 3995 607 4053 facere
645 3998 881 4057 tentant,
924 4002 1045 4043 cum
1089 3985 1263 4039 nullus
1295 3980 1347 4036 in
1400 3980 1500 4075 hac
1540 3994 1606 4075 re
1647 3978 1897 4031 inventus
1934 3974 2004 4027 sit
2031 4012 2078 4075 ο
2187 3987 2350 4043 Osius
2382 3985 2671 4055 episcopus
2703 3984 2843 4037 dixit
2876 4001 2889 4035 ε
2924 3982 3077 4049 ρηοα
3110 3982 3155 4037 εἰ
3193 3980 3386 4051 aliquis
3417 3978 3725 4050 episcopus

427 4090 715 4161 episcopus
742 4086 832 4155 qui
874 4084 942 4137 de
969 4083 1170 4150 majore
1198 4078 1417 4133 civitate
1440 4074 1504 4129 ad
1538 4072 1799 4127 minorem
1827 4081 2005 4124 trans-

427 4160 531 4241 iret
552 4179 579 4220 ἀ
610 4184 788 4248 ;unde
810 4188 1032 4248 appaiet
1060 4173 1297 4229 avaritiae
1326 4184 1420 4224 eos
1453 4168 1645 4222 ardore
1685 4160 2008 4219 inﬂammari

429 4288 487 4335 et
525 4274 801 4331 ambitioni
836 4273 1062 4332 servire,
1094 4276 1145 4323 et
1168 4262 1665 4320 utdominationcm
1699 4264 2010 4312 exerceant.

428 4370 489 4429 Si
530 4384 658 4441 ergo
697 4363 944 4419 omnibus
975 4361 1145 4428 placet
1174 4366 1230 4409 ut
1268 4351 1569 4419 lingusmodi
1608 4348 1872 4419 pernicies
1913 4362 2008 4400 au-

437 4440 638 4519 sterius
664 4456 984 4517 vindicetur,
1019 4470 1064 4505 ui
1087 4466 1115 4506 c
1146 4448 1335 4504 laicam
1358 4444 1789 4501 communionem
1819 4440 2014 4495 habeat

430 4555 519 4627 qui
552 4549 670 4607 talis
696 4559 799 4605 est.
826 4545 1066 4603 Universi
1094 4541 1345 4596 dixerunt
1384 4556 1395 4590 :
1430 4537 1612 4592 Placet
1636 4536 1797 4590 etiam
1828 4534 1871 4586 si
1896 4530 2015 4586 talis

432 4626 631 4713 aliquis
659 4638 926 4696 exstiterit
952 4634 1266 4690 temerarius
1292 4639 1348 4685 ut
1369 4629 1590 4683 forsitan
1615 4626 2015 4682 excusationem

433 4736 649 4801 aﬂ'erat,
681 4730 823 4801 quod
856 4728 1032 4797 pOpuli
1077 4727 1279 4781 litteras
1308 4721 1597 4790 acceperit,
1653 4734 1773 4775 cum
1805 4716 2019 4772 minife-

436 4840 579 4884 stum
613 4823 917 4894 sitpmmio
948 4829 1002 4876 et
1032 4817 1276 4874 mercede
1309 4830 1507 4886 paucos
1538 4816 1626 4887 qui
1655 4820 1922 4869 sinceram
1956 4812 2019 4866 ii-

435 4922 557 4976 dem
580 4933 689 4975 non
722 4916 919 4971 habent
958 4912 1191 4983 pntuisse
1212 4911 1511 4981 corrumpi,
1554 4918 1610 4963 ut
1636 4910 1938 4963 clamarent.
1967 4905 2021 4959 in

443 5011 676 5067 ecclesia
726 5018 783 5063 nt
831 5009 1002 5075 ipsum
1055 5012 1233 5072 petere
1281 4990 1595 5056 viderentur
1643 5001 1954 5068 episcopum
2004 5012 2017 5050 :

436 5105 660 5160 omnino
692 5100 788 5155 has
816 5096 1026 5153 fraudes
1055 5095 1384 5150 damnandas
1413 5110 1534 5149 esse
1564 5093 1817 5155 arbitror,
1862 5093 1934 5145 ita
1968 5099 2024 5145 ut

439 5213 538 5259 nec
561 5198 748 5252 Iaicam
774 5190 1203 5248 communionem
1234 5188 1288 5243 in
1325 5189 1432 5243 line
1463 5189 1582 5243 talis
1605 5189 1856 5254 accipiat;
1881 5185 2022 5254 quod

442 5293 490 5347 si
523 5289 676 5345 vobis
704 5285 951 5342 omnibus
976 5284 1169 5353 placet,
1194 5280 1429 5337 statuite.
1461 5280 1706 5337 Universi
1729 5280 1985 5336 dixerunt
2009 5296 2019 5332 :

440 5386 642 5443 Placet.

518 5550 541 5576 ⁸
568 5538 633 5593 1E
655 5577 668 5590 .
704 5536 763 5589 Β.
795 5534 884 5599 Β..
916 5532 978 5586 Τ.
1012 5534 1070 5592 1.
1100 5533 1170 5594 2,
1214 5531 1302 5595 U.,
1337 5530 1677 5585 Constantini.
1705 5532 1758 5585 in
1793 5532 2017 5586 Lucensi

443 5611 649 5667 Codice
680 5607 818 5660 idem
859 5606 1150 5671 imperator
1177 5602 1562 5656 Constantinus
1590 5602 1981 5671 assignabatur.

516 5682 541 5718 1'
574 5681 690 5743 1E.,
725 5694 829 5732 trra
856 5690 1120 5732 eccum.
1154 5673 1243 5735 U.,
1270 5676 1361 5737 6.,
1393 5689 1497 5726 trra
1522 5690 1810 5729 occasus.

518 5765 535 5792 ι
576 5748 971 5815 Ᾱζηοοηνεηὶνε
992 5748 1059 5800 ad
1079 5748 1351 5799 concilium
1375 5744 1434 5797 ob
1452 5757 1654 5800 reatum
1678 5746 2018 5802 conscientiw.

520 5825 544 5862 ά
580 5823 733 5891 B.R.,
762 5820 829 5875 ‘1‘.
863 5818 922 5889 1,
955 5818 1013 5891 ‘2,
1045 5818 1129 5886 U.,
1167 5818 1445 5873 transierit.

2116 4078 2455 4149 adiudicatus
2484 4074 2644 4131 fuerit
2669 4079 2721 4129 in
2746 4076 2919 4145 aliqua
2944 4088 3127 4140 causa,
3158 4082 3211 4128 et
3238 4083 3387 4141 putat
3416 4086 3476 4125 se
3502 4071 3723 4128 habere

2118 4171 2309 4225 bonam
2343 4183 2589 4230 causam,
2635 4177 2689 4223 et
2737 4164 2843 4238 [Ε.
2875 4165 2926 4231 5,
2967 4166 3060 4231 U.,
3097 4164 3189 4237 ut]
3222 4165 3414 4219 iterum
3443 4164 3723 4232 judicium

2117 4271 2430 4325 renovetur,
2462 4261 2507 4316 si
2539 4259 2691 4312 vobis
2725 4264 2919 4328 placet,
2956 4258 3128 4311 sancti
3162 4257 3302 4311 Petri
3336 4256 3569 4325 apostoli
3600 4273 3728 4312 nie-

2116 4356 2338 4411 moriam
2390 4355 2748 4419 honoremus,
2802 4363 2857 4406 ut
2888 4351 3191 4416 scribatur,
3244 4352 3324 4405 vel
3375 4350 3444 4404 ab
3487 4351 3573 4404 his
3624 4350 3724 4421 qui

2117 4452 2509 4515 examinarunt,
2548 4450 2629 4505 vel
2662 4448 2824 4505 etiam
2858 4448 2925 4503 ab
2954 4448 3069 4503 aliis
3102 4447 3246 4521 [ιιΕη
3282 4446 3409 4518 illis]
3443 4449 3730 4518 episc0pis

2119 4545 2209 4616 qui
2248 4546 2298 4597 in
2342 4542 2613 4611 provincia
2662 4543 2907 4613 proxima
2965 4553 3263 4603 morantur,
3299 4541 3549 4596 ROmano
3600 4544 3730 4612 epi-

2122 4651 2315 4704 scopo;
2350 4642 2402 4689 et
2433 4634 2475 4687 si
2512 4633 2873 4703 ‘judicaverit
2896 4633 3256 4688 renovandum
3283 4632 3729 4703 essejndicium,

2124 4738 2443 4792 renovetur,
2473 4735 2525 4781 et
2554 4728 2645 4782 det
2674 4726 2883 4795 judices
2915 4736 2938 4773 ε
2969 4727 3051 4782 :si
3086 4736 3269 4779 autem
3297 4726 3612 4793 probaverit
3646 4737 3732 4782 ta-

2125 4823 2229 4876 lem
2270 4834 2481 4874 cansain
2516 4829 2571 4872 ut
2611 4834 2674 4873 ea
2706 4833 2810 4873 non
2839 4818 3163 4887 replicantur
3189 4814 3214 4851 ¹ι
3247 4830 3362 4885 qua:
3392 4828 3511 4870 acta
3544 4828 3688 4873 sunt
3714 4860 3731 4886 ,

2126 4931 2243 4987 qua:
2261 4914 2555 4969 decreverit
2582 4914 2855 4967 Romanus
2873 4912 3159 4981 episcopus
3179 4911 3495 4965 conﬁrmata
3520 4922 3729 4969 erunt:

2126 5010 2172 5064 si
2208 5023 2336 5078 ergo
2367 5008 2464 5063 hoc
2490 5007 2743 5061 omnibus
2774 5005 2974 5075 placet,
3011 5014 3292 5058 statuatur.
3344 5003 3604 5075 Syziodus
3640 5021 3734 5061 re-

2126 5099 2338 5172 spondit
2375 5118 2387 5153 :
2424 5100 2621 5154 Placet.

2391 5192 2451 5247 V.
2496 5191 2573 5245 De
2606 5190 2854 5260 episwpis
2878 5206 2910 5243 α
2936 5188 3134 5259 synodo
3164 5188 3427 5257 depositis.

2201 5286 2528 5342 Gaudentius
2579 5284 2863 5354 episcopus
2907 5282 3041 5338 dixit
3090 5299 3105 5336 :
3157 5281 3474 5338 Addendum
3508 5290 3624 5349 est,
3686 5283 3736 5341 si

2054 5395 2107 5455 ι)
2135 5382 2334 5454 placet,
2368 5379 2488 5434 huic
2520 5377 2804 5433 sententiae
2833 5391 2990 5448 quam
3030 5376 3243 5446 plenam
3270 5375 3563 5440 sanctitate
3593 5392 3736 5439 pro.

2199 5548 2221 5575 ο
2257 5538 2313 5591 Β.
2348 5536 2435 5604 R.,
2471 5537 2575 5590 suis
2598 5535 2749 5603 fuerit
2764 5534 3022 5589 inritatus.

2201 5608 2220 5647 ί
2253 5610 2314 5663 'l‘.
2344 5608 2395 5674 ἓ,
2430 5610 2688 5675 ερίδεορο,
2727 5608 2872 5661 utsi.

2200 5691 2224 5730 δ
2258 5679 2371 5746 ΑΕ..
2401 5682 2481 5734 det
2504 5680 2693 5749 judicii
2725 5677 3047 5731 sententiam.

2198 5750 2226 5793 ιι
2259 5753 2315 5809 lu
2347 5747 2567 5823 reliquis
2588 5750 2898 5817 (Iudicibus,
2929 5757 3128 5820 praeter
3154 5747 3248 5818 A.,
3278 5747 3599 5819 refriccntttr
