  <div class='ocr_page' id='page_1' title='image "/cluster/home/n/w/nwhite01/storage/ocr_20150623/84/uva.x000827071/066.png"; bbox 0 0 3882 6350; ppageno 0'>
   <div class='ocr_carea' id='block_1_1' title="bbox 184 330 3440 405">
    <p class='ocr_par' dir='ltr' id='par_1_1' title="bbox 184 330 3440 405">
     <span class='ocr_line' id='line_1_1' title="bbox 184 330 3440 405; baseline -0.005 0"><span class='ocrx_word' id='word_1_1' title='bbox 184 347 262 405; x_wconf 74' lang='grc' dir='ltr'>ιη</span> <span class='ocrx_word' id='word_1_2' title='bbox 1093 334 1508 395; x_wconf 70' lang='lat' dir='ltr'><strong>GRECORUM</strong></span> <span class='ocrx_word' id='word_1_3' title='bbox 1545 331 1888 392; x_wconf 79' lang='lat' dir='ltr'><strong>CONCILIA.</strong></span> <span class='ocrx_word' id='word_1_4' title='bbox 1928 361 2001 376; x_wconf 90' lang='lat'><strong><em>—</em></strong></span> <span class='ocrx_word' id='word_1_5' title='bbox 2029 330 2484 390; x_wconf 79' lang='lat' dir='ltr'><strong>SARDICENSE.</strong></span> <span class='ocrx_word' id='word_1_6' title='bbox 3335 335 3440 393; x_wconf 82' lang='lat' dir='ltr'><strong>H8</strong></span> 
     </span>
    </p>
   </div>
   <div class='ocr_carea' id='block_1_2' title="bbox 184 443 3446 524">
    <p class='ocr_par' dir='ltr' id='par_1_2' title="bbox 184 443 3446 524">
     <span class='ocr_line' id='line_1_2' title="bbox 184 443 3446 524; baseline -0.006 -6"><span class='ocrx_word' id='word_1_7' title='bbox 184 461 376 524; x_wconf 78' lang='lat' dir='ltr'><strong>tulistis,</strong></span> <span class='ocrx_word' id='word_1_8' title='bbox 417 469 470 513; x_wconf 86' lang='lat' dir='ltr'><strong>ut</strong></span> <span class='ocrx_word' id='word_1_9' title='bbox 506 472 622 512; x_wconf 89' lang='lat' dir='ltr'><strong>cum</strong></span> <span class='ocrx_word' id='word_1_10' title='bbox 669 454 878 524; x_wconf 78' lang='lat' dir='ltr'><strong>aliquis</strong></span> <span class='ocrx_word' id='word_1_11' title='bbox 921 453 1208 523; x_wconf 88' lang='lat' dir='ltr'><strong>episcopus</strong></span> <span class='ocrx_word' id='word_1_12' title='bbox 1250 451 1528 522; x_wconf 85' lang='lat' dir='ltr'><strong>depositus</strong></span> <span class='ocrx_word' id='word_1_13' title='bbox 1558 449 1722 505; x_wconf 86' lang='lat' dir='ltr'><strong>fuerit</strong></span> <span class='ocrx_word' id='word_1_14' title='bbox 1746 447 2008 514; x_wconf 69' lang='lat' dir='ltr'><strong>Ascripi,</strong></span> <span class='ocrx_word' id='word_1_15' title='bbox 2063 453 2118 499; x_wconf 89' lang='lat' dir='ltr'><strong>et</strong></span> <span class='ocrx_word' id='word_1_16' title='bbox 2148 444 2383 499; x_wconf 80' lang='lat' dir='ltr'><strong>maxime</strong></span> <span class='ocrx_word' id='word_1_17' title='bbox 2413 443 2568 513; x_wconf 84' lang='lat' dir='ltr'><strong>Afri,</strong></span> <span class='ocrx_word' id='word_1_18' title='bbox 2619 444 2709 514; x_wconf 88' lang='lat' dir='ltr'><strong>qui</strong></span> <span class='ocrx_word' id='word_1_19' title='bbox 2736 443 2896 500; x_wconf 87' lang='lat' dir='ltr'><strong>sicuti</strong></span> <span class='ocrx_word' id='word_1_20' title='bbox 2942 445 3295 511; x_wconf 68' lang='lat' dir='ltr'><strong>cognovimus</strong></span> <span class='ocrx_word' id='word_1_21' title='bbox 3319 460 3446 501; x_wconf 84' lang='lat' dir='ltr'><strong>san-</strong></span> 
     </span>
    </p>
   </div>
   <div class='ocr_carea' id='block_1_3' title="bbox 188 534 3446 622">
    <p class='ocr_par' dir='ltr' id='par_1_3' title="bbox 188 534 3446 622">
     <span class='ocr_line' id='line_1_3' title="bbox 188 534 3446 622; baseline -0.006 -10"><span class='ocrx_word' id='word_1_22' title='bbox 188 568 340 612; x_wconf 86' lang='lat' dir='ltr'><strong>eorutn</strong></span> <span class='ocrx_word' id='word_1_23' title='bbox 381 551 746 622; x_wconf 87' lang='lat' dir='ltr'><strong>episcoporum</strong></span> <span class='ocrx_word' id='word_1_24' title='bbox 787 546 992 617; x_wconf 87' lang='lat' dir='ltr'><strong>judicio</strong></span> <span class='ocrx_word' id='word_1_25' title='bbox 1029 545 1122 615; x_wconf 89' lang='lat' dir='ltr'><strong>qui</strong></span> <span class='ocrx_word' id='word_1_26' title='bbox 1163 543 1218 598; x_wconf 91' lang='lat' dir='ltr'><strong>in</strong></span> <span class='ocrx_word' id='word_1_27' title='bbox 1248 543 1440 598; x_wconf 83' lang='lat' dir='ltr'><strong>vicinis</strong></span> <span class='ocrx_word' id='word_1_28' title='bbox 1484 554 1727 598; x_wconf 85' lang='lat' dir='ltr'><strong>commo-</strong></span> <span class='ocrx_word' id='word_1_29' title='bbox 1830 536 2058 594; x_wconf 89' lang='lat' dir='ltr'><strong>ctissimi</strong></span> <span class='ocrx_word' id='word_1_30' title='bbox 2104 535 2287 590; x_wconf 85' lang='lat' dir='ltr'><strong>fratris</strong></span> <span class='ocrx_word' id='word_1_31' title='bbox 2332 544 2389 590; x_wconf 91' lang='lat' dir='ltr'><strong>et</strong></span> <span class='ocrx_word' id='word_1_32' title='bbox 2425 534 2736 605; x_wconf 88' lang='lat' dir='ltr'><strong>eoepiscopi</strong></span> <span class='ocrx_word' id='word_1_33' title='bbox 2785 535 2961 592; x_wconf 90' lang='lat' dir='ltr'><strong>nostri</strong></span> <span class='ocrx_word' id='word_1_34' title='bbox 2992 535 3141 592; x_wconf 88' lang='lat' dir='ltr'><strong>Grati</strong></span> <span class='ocrx_word' id='word_1_35' title='bbox 3188 537 3446 592; x_wconf 82' lang='lat' dir='ltr'><strong>salutaria</strong></span> 
     </span>
    </p>
   </div>
   <div class='ocr_carea' id='block_1_4' title="bbox 185 629 3451 713">
    <p class='ocr_par' dir='ltr' id='par_1_4' title="bbox 185 629 3451 713">
     <span class='ocr_line' id='line_1_4' title="bbox 185 629 3451 713; baseline -0.007 -6"><span class='ocrx_word' id='word_1_36' title='bbox 185 661 337 707; x_wconf 82' lang='lat' dir='ltr'><strong>rantur</strong></span> <span class='ocrx_word' id='word_1_37' title='bbox 360 649 498 711; x_wconf 88' lang='lat' dir='ltr'><strong>locis,</strong></span> <span class='ocrx_word' id='word_1_38' title='bbox 529 655 584 700; x_wconf 89' lang='lat' dir='ltr'><strong>et</strong></span> <span class='ocrx_word' id='word_1_39' title='bbox 611 641 1029 713; x_wconf 73' lang='lat' dir='ltr'><strong>proclamaverit</strong></span> <span class='ocrx_word' id='word_1_40' title='bbox 1053 639 1320 711; x_wconf 87' lang='lat' dir='ltr'><strong>agendum</strong></span> <span class='ocrx_word' id='word_1_41' title='bbox 1345 638 1448 693; x_wconf 91' lang='lat' dir='ltr'><strong>sibi</strong></span> <span class='ocrx_word' id='word_1_42' title='bbox 1480 651 1604 692; x_wconf 88' lang='lat' dir='ltr'><strong>esse</strong></span> <span class='ocrx_word' id='word_1_43' title='bbox 1634 650 1728 690; x_wconf 89' lang='lat' dir='ltr'><strong>ne-</strong></span> <span class='ocrx_word' id='word_1_44' title='bbox 1833 629 2056 684; x_wconf 89' lang='lat' dir='ltr'><strong>consilia</strong></span> <span class='ocrx_word' id='word_1_45' title='bbox 2097 638 2354 699; x_wconf 90' lang='lat' dir='ltr'><strong>spernant</strong></span> <span class='ocrx_word' id='word_1_46' title='bbox 2391 638 2554 698; x_wconf 86' lang='lat' dir='ltr'><strong>atque</strong></span> <span class='ocrx_word' id='word_1_47' title='bbox 2593 636 2984 696; x_wconf 80' lang='lat' dir='ltr'><strong>contemnant,</strong></span> <span class='ocrx_word' id='word_1_48' title='bbox 3028 638 3084 685; x_wconf 91' lang='lat' dir='ltr'><strong>et</strong></span> <span class='ocrx_word' id='word_1_49' title='bbox 3111 645 3221 687; x_wconf 91' lang='lat' dir='ltr'><strong>non</strong></span> <span class='ocrx_word' id='word_1_50' title='bbox 3270 630 3451 686; x_wconf 85' lang='lat' dir='ltr'><strong>solum</strong></span> 
     </span>
    </p>
   </div>
   <div class='ocr_carea' id='block_1_5' title="bbox 185 723 3446 813">
    <p class='ocr_par' dir='ltr' id='par_1_5' title="bbox 185 723 3446 813">
     <span class='ocr_line' id='line_1_5' title="bbox 185 723 3446 813; baseline -0.006 -14"><span class='ocrx_word' id='word_1_51' title='bbox 185 743 348 813; x_wconf 81' lang='lat' dir='ltr'><strong>gotium</strong></span> <span class='ocrx_word' id='word_1_52' title='bbox 377 741 426 794; x_wconf 89' lang='lat' dir='ltr'><strong>in</strong></span> <span class='ocrx_word' id='word_1_53' title='bbox 455 741 583 792; x_wconf 86' lang='lat' dir='ltr'><strong>urbe</strong></span> <span class='ocrx_word' id='word_1_54' title='bbox 610 735 814 798; x_wconf 79' lang='lat' dir='ltr'><strong>Roma;</strong></span> <span class='ocrx_word' id='word_1_55' title='bbox 843 732 980 788; x_wconf 83' lang='lat' dir='ltr'><strong>alter</strong></span> <span class='ocrx_word' id='word_1_56' title='bbox 1001 736 1291 801; x_wconf 75' lang='lat' dir='ltr'><strong>eplSCO|lUS</strong></span> <span class='ocrx_word' id='word_1_57' title='bbox 1325 731 1378 784; x_wconf 91' lang='lat' dir='ltr'><strong>in</strong></span> <span class='ocrx_word' id='word_1_58' title='bbox 1413 730 1604 784; x_wconf 87' lang='lat' dir='ltr'><strong>eadem</strong></span> <span class='ocrx_word' id='word_1_59' title='bbox 1633 740 1726 782; x_wconf 87' lang='lat' dir='ltr'><strong>ca-</strong></span> <span class='ocrx_word' id='word_1_60' title='bbox 1832 725 1898 781; x_wconf 87' lang='lat' dir='ltr'><strong>ad</strong></span> <span class='ocrx_word' id='word_1_61' title='bbox 1929 727 2246 781; x_wconf 88' lang='lat' dir='ltr'><strong>comitatum</strong></span> <span class='ocrx_word' id='word_1_62' title='bbox 2275 724 2474 779; x_wconf 82' lang='lat' dir='ltr'><strong>multas</strong></span> <span class='ocrx_word' id='word_1_63' title='bbox 2501 734 2557 780; x_wconf 91' lang='lat' dir='ltr'><strong>et</strong></span> <span class='ocrx_word' id='word_1_64' title='bbox 2601 724 2850 813; x_wconf 78' lang='lat' dir='ltr'><strong>diversas</strong></span> <span class='ocrx_word' id='word_1_65' title='bbox 2881 723 3146 780; x_wconf 71' lang='lat' dir='ltr'><strong>Ecclesiae</strong></span> <span class='ocrx_word' id='word_1_66' title='bbox 3176 739 3283 780; x_wconf 91' lang='lat' dir='ltr'><strong>non</strong></span> <span class='ocrx_word' id='word_1_67' title='bbox 3316 739 3446 794; x_wconf 86' lang='lat' dir='ltr'><strong>pro-</strong></span> 
     </span>
    </p>
   </div>
   <div class='ocr_carea' id='block_1_6' title="bbox 187 811 3450 902">
    <p class='ocr_par' dir='ltr' id='par_1_6' title="bbox 187 811 3450 902">
     <span class='ocr_line' id='line_1_6' title="bbox 187 811 3450 902; baseline -0.006 -12"><span class='ocrx_word' id='word_1_68' title='bbox 187 811 335 890; x_wconf 79' lang='lat' dir='ltr'><strong>tltcdra</strong></span> <span class='ocrx_word' id='word_1_69' title='bbox 364 830 462 902; x_wconf 82' lang='lat'><strong>35</strong></span> <span class='ocrx_word' id='word_1_70' title='bbox 493 839 612 899; x_wconf 89' lang='lat' dir='ltr'><strong>post</strong></span> <span class='ocrx_word' id='word_1_71' title='bbox 643 827 1064 898; x_wconf 82' lang='lat' dir='ltr'><strong>appellationem</strong></span> <span class='ocrx_word' id='word_1_72' title='bbox 1093 825 1212 893; x_wconf 85' lang='lat' dir='ltr'><strong>ejus</strong></span> <span class='ocrx_word' id='word_1_73' title='bbox 1243 822 1336 893; x_wconf 89' lang='lat' dir='ltr'><strong>qui</strong></span> <span class='ocrx_word' id='word_1_74' title='bbox 1369 821 1583 875; x_wconf 89' lang='lat' dir='ltr'><strong>videtur</strong></span> <span class='ocrx_word' id='word_1_75' title='bbox 1608 832 1731 873; x_wconf 87' lang='lat' dir='ltr'><strong>esse</strong></span> <span class='ocrx_word' id='word_1_76' title='bbox 1835 819 2045 874; x_wconf 87' lang='lat' dir='ltr'><strong>futuras</strong></span> <span class='ocrx_word' id='word_1_77' title='bbox 2079 818 2351 888; x_wconf 76' lang='lat' dir='ltr'><strong>perferant</strong></span> <span class='ocrx_word' id='word_1_78' title='bbox 2380 832 2597 882; x_wconf 79' lang='lat' dir='ltr'><strong>causas,</strong></span> <span class='ocrx_word' id='word_1_79' title='bbox 2631 828 2692 874; x_wconf 92' lang='lat' dir='ltr'><strong>ut</strong></span> <span class='ocrx_word' id='word_1_80' title='bbox 2719 811 3024 882; x_wconf 79' lang='lat' dir='ltr'><strong>fierisolet,</strong></span> <span class='ocrx_word' id='word_1_81' title='bbox 3079 827 3172 872; x_wconf 90' lang='lat' dir='ltr'><strong>aut</strong></span> <span class='ocrx_word' id='word_1_82' title='bbox 3204 826 3450 886; x_wconf 74' lang='lat' dir='ltr'><strong>oportet,</strong></span> 
     </span>
    </p>
   </div>
   <div class='ocr_carea' id='block_1_7' title="bbox 184 909 3450 998">
    <p class='ocr_par' dir='ltr' id='par_1_7' title="bbox 184 909 3450 998">
     <span class='ocr_line' id='line_1_7' title="bbox 184 909 3450 998; baseline -0.006 -15"><span class='ocrx_word' id='word_1_83' title='bbox 184 925 420 998; x_wconf 82' lang='lat' dir='ltr'><strong>depositus</strong></span> <span class='ocrx_word' id='word_1_84' title='bbox 447 925 664 977; x_wconf 78' lang='lat' dir='ltr'><strong>omnino</strong></span> <span class='ocrx_word' id='word_1_85' title='bbox 687 935 794 974; x_wconf 92' lang='lat' dir='ltr'><strong>non</strong></span> <span class='ocrx_word' id='word_1_86' title='bbox 823 920 1128 984; x_wconf 83' lang='lat' dir='ltr'><strong>ordinetur,</strong></span> <span class='ocrx_word' id='word_1_87' title='bbox 1155 917 1258 972; x_wconf 85' lang='lat' dir='ltr'><strong>nisi</strong></span> <span class='ocrx_word' id='word_1_88' title='bbox 1285 930 1450 972; x_wconf 82' lang='lat' dir='ltr'><strong>causa</strong></span> <span class='ocrx_word' id='word_1_89' title='bbox 1483 913 1650 971; x_wconf 91' lang='lat' dir='ltr'><strong>fuerit</strong></span> <span class='ocrx_word' id='word_1_90' title='bbox 1674 914 1732 969; x_wconf 92' lang='lat' dir='ltr'><strong>in</strong></span> <span class='ocrx_word' id='word_1_91' title='bbox 1837 931 1895 969; x_wconf 86' lang='lat' dir='ltr'><strong>ut</strong></span> <span class='ocrx_word' id='word_1_92' title='bbox 1915 926 2004 968; x_wconf 85' lang='lat' dir='ltr'><strong>aut</strong></span> <span class='ocrx_word' id='word_1_93' title='bbox 2033 912 2380 983; x_wconf 89' lang='lat' dir='ltr'><strong>pauperibus,</strong></span> <span class='ocrx_word' id='word_1_94' title='bbox 2399 910 2703 978; x_wconf 84' lang='lat' dir='ltr'><strong>autvidnis,</strong></span> <span class='ocrx_word' id='word_1_95' title='bbox 2721 922 2813 965; x_wconf 92' lang='lat' dir='ltr'><strong>aut</strong></span> <span class='ocrx_word' id='word_1_96' title='bbox 2835 910 3050 980; x_wconf 88' lang='lat' dir='ltr'><strong>pupillis</strong></span> <span class='ocrx_word' id='word_1_97' title='bbox 3074 909 3450 975; x_wconf 85' lang='lat' dir='ltr'><strong>subveniatur,</strong></span> 
     </span>
    </p>
   </div>
   <div class='ocr_carea' id='block_1_8' title="bbox 183 1001 3439 1089">
    <p class='ocr_par' dir='ltr' id='par_1_8' title="bbox 183 1001 3439 1089">
     <span class='ocr_line' id='line_1_8' title="bbox 183 1001 3439 1089; baseline -0.006 -16"><span class='ocrx_word' id='word_1_98' title='bbox 183 1017 346 1089; x_wconf 80' lang='lat' dir='ltr'><strong>judicio</strong></span> <span class='ocrx_word' id='word_1_99' title='bbox 373 1012 592 1071; x_wconf 80' lang='lat' dir='ltr'><strong>Romani</strong></span> <span class='ocrx_word' id='word_1_100' title='bbox 622 1011 865 1081; x_wconf 83' lang='lat' dir='ltr'><strong>episcopi</strong></span> <span class='ocrx_word' id='word_1_101' title='bbox 897 1010 1278 1066; x_wconf 88' lang='lat' dir='ltr'><strong>determinata.</strong></span> <span class='ocrx_word' id='word_1_102' title='bbox 1837 1007 1933 1062; x_wconf 88' lang='lat' dir='ltr'><strong>sed</strong></span> <span class='ocrx_word' id='word_1_103' title='bbox 1970 1017 2026 1062; x_wconf 89' lang='lat' dir='ltr'><strong>et</strong></span> <span class='ocrx_word' id='word_1_104' title='bbox 2054 1005 2344 1075; x_wconf 82' lang='lat' dir='ltr'><strong>dignitates</strong></span> <span class='ocrx_word' id='word_1_105' title='bbox 2379 1004 2672 1060; x_wconf 66' lang='lat' dir='ltr'><strong>saculares</strong></span> <span class='ocrx_word' id='word_1_106' title='bbox 2697 1013 2752 1058; x_wconf 89' lang='lat' dir='ltr'><strong>et</strong></span> <span class='ocrx_word' id='word_1_107' title='bbox 2793 1001 3297 1058; x_wconf 75' lang='lat' dir='ltr'><strong>adtttiniSlralioncs</strong></span> <span class='ocrx_word' id='word_1_108' title='bbox 3321 1003 3439 1072; x_wconf 69' lang='lat' dir='ltr'><strong>qui«</strong></span> 
     </span>
    </p>
   </div>
   <div class='ocr_carea' id='block_1_9' title="bbox 617 1096 3454 1172">
    <p class='ocr_par' dir='ltr' id='par_1_9' title="bbox 617 1096 3454 1172">
     <span class='ocr_line' id='line_1_9' title="bbox 617 1096 3454 1172; baseline -0.004 -13"><span class='ocrx_word' id='word_1_109' title='bbox 617 1104 704 1159; x_wconf 79' lang='lat' dir='ltr'><strong>VI.</strong></span> <span class='ocrx_word' id='word_1_110' title='bbox 747 1102 826 1159; x_wconf 86' lang='lat' dir='ltr'><strong>De</strong></span> <span class='ocrx_word' id='word_1_111' title='bbox 855 1104 1037 1170; x_wconf 78' lang='lat' dir='ltr'><strong>quibus</strong></span> <span class='ocrx_word' id='word_1_112' title='bbox 1066 1118 1246 1172; x_wconf 87' lang='lat' dir='ltr'><strong>supra.</strong></span> <span class='ocrx_word' id='word_1_113' title='bbox 1839 1099 2064 1155; x_wconf 87' lang='lat' dir='ltr'><strong>busdam</strong></span> <span class='ocrx_word' id='word_1_114' title='bbox 2097 1098 2400 1166; x_wconf 73' lang='lat' dir='ltr'><strong>postulent.</strong></span> <span class='ocrx_word' id='word_1_115' title='bbox 2437 1097 2564 1153; x_wconf 71' lang='lat' dir='ltr'><strong>Htec</strong></span> <span class='ocrx_word' id='word_1_116' title='bbox 2594 1098 2776 1166; x_wconf 86' lang='lat' dir='ltr'><strong>itaque</strong></span> <span class='ocrx_word' id='word_1_117' title='bbox 2808 1097 3043 1166; x_wconf 84' lang='lat' dir='ltr'><strong>pravitas</strong></span> <span class='ocrx_word' id='word_1_118' title='bbox 3073 1096 3201 1152; x_wconf 93' lang='lat' dir='ltr'><strong>olim</strong></span> <span class='ocrx_word' id='word_1_119' title='bbox 3229 1111 3334 1150; x_wconf 93' lang='lat' dir='ltr'><strong>non</strong></span> <span class='ocrx_word' id='word_1_120' title='bbox 3367 1107 3454 1148; x_wconf 85' lang='lat' dir='ltr'><strong>so-</strong></span> 
     </span>
    </p>
   </div>
   <div class='ocr_carea' id='block_1_10' title="bbox 238 1186 3454 1268">
    <p class='ocr_par' dir='ltr' id='par_1_10' title="bbox 238 1186 3454 1268">
     <span class='ocr_line' id='line_1_10' title="bbox 238 1186 3454 1268; baseline -0.005 -13"><span class='ocrx_word' id='word_1_121' title='bbox 238 1202 374 1255; x_wconf 83' lang='lat' dir='ltr'><strong>Osius</strong></span> <span class='ocrx_word' id='word_1_122' title='bbox 399 1198 679 1268; x_wconf 88' lang='lat' dir='ltr'><strong>episcopus</strong></span> <span class='ocrx_word' id='word_1_123' title='bbox 723 1194 862 1248; x_wconf 80' lang='lat' dir='ltr'><strong>dixit</strong></span> <span class='ocrx_word' id='word_1_124' title='bbox 893 1211 904 1246; x_wconf 89' lang='lat'>:</span> <span class='ocrx_word' id='word_1_125' title='bbox 934 1193 990 1250; x_wconf 87' lang='lat' dir='ltr'><strong>Si</strong></span> <span class='ocrx_word' id='word_1_126' title='bbox 1019 1193 1312 1264; x_wconf 79' lang='lat' dir='ltr'><strong>contigerit</strong></span> <span class='ocrx_word' id='word_1_127' title='bbox 1356 1192 1409 1246; x_wconf 91' lang='lat' dir='ltr'><strong>in</strong></span> <span class='ocrx_word' id='word_1_128' title='bbox 1455 1206 1558 1246; x_wconf 91' lang='lat' dir='ltr'><strong>una</strong></span> <span class='ocrx_word' id='word_1_129' title='bbox 1607 1202 1734 1259; x_wconf 89' lang='lat' dir='ltr'><strong>pro-</strong></span> <span class='ocrx_word' id='word_1_130' title='bbox 1842 1192 1950 1246; x_wconf 92' lang='lat' dir='ltr'><strong>lum</strong></span> <span class='ocrx_word' id='word_1_131' title='bbox 1984 1191 2439 1246; x_wconf 86' lang='lat' dir='ltr'><strong>murmurationes</strong></span> <span class='ocrx_word' id='word_1_132' title='bbox 2471 1189 2567 1245; x_wconf 89' lang='lat' dir='ltr'><strong>sed</strong></span> <span class='ocrx_word' id='word_1_133' title='bbox 2604 1198 2660 1244; x_wconf 91' lang='lat' dir='ltr'><strong>et</strong></span> <span class='ocrx_word' id='word_1_134' title='bbox 2706 1189 2959 1244; x_wconf 86' lang='lat' dir='ltr'><strong>scandala</strong></span> <span class='ocrx_word' id='word_1_135' title='bbox 2991 1186 3252 1243; x_wconf 80' lang='lat' dir='ltr'><strong>excitavit</strong></span> <span class='ocrx_word' id='word_1_136' title='bbox 3296 1203 3312 1241; x_wconf 89' lang='lat'>:</span> <span class='ocrx_word' id='word_1_137' title='bbox 3358 1186 3454 1242; x_wconf 82' lang='lat' dir='ltr'><strong>ho-</strong></span> 
     </span>
    </p>
   </div>
   <div class='ocr_carea' id='block_1_11' title="bbox 184 1283 3456 1360">
    <p class='ocr_par' dir='ltr' id='par_1_11' title="bbox 184 1283 3456 1360">
     <span class='ocr_line' id='line_1_11' title="bbox 184 1283 3456 1360; baseline -0.002 -18"><span class='ocrx_word' id='word_1_138' title='bbox 184 1292 326 1347; x_wconf 81' lang='lat' dir='ltr'><strong>vincia</strong></span> <span class='ocrx_word' id='word_1_139' title='bbox 351 1291 400 1345; x_wconf 89' lang='lat' dir='ltr'><strong>in</strong></span> <span class='ocrx_word' id='word_1_140' title='bbox 428 1303 526 1360; x_wconf 88' lang='lat' dir='ltr'><strong>qua</strong></span> <span class='ocrx_word' id='word_1_141' title='bbox 566 1287 769 1342; x_wconf 77' lang='lat' dir='ltr'><strong>fuerint</strong></span> <span class='ocrx_word' id='word_1_142' title='bbox 791 1286 900 1342; x_wconf 91' lang='lat' dir='ltr'><strong>duo</strong></span> <span class='ocrx_word' id='word_1_143' title='bbox 919 1294 943 1321; x_wconf 79' lang='grc' dir='ltr'><em>α</em></span> <span class='ocrx_word' id='word_1_144' title='bbox 975 1286 1242 1358; x_wconf 79' lang='lat' dir='ltr'><strong>episcopi,</strong></span> <span class='ocrx_word' id='word_1_145' title='bbox 1273 1299 1438 1340; x_wconf 90' lang='lat' dir='ltr'><strong>unum</strong></span> <span class='ocrx_word' id='word_1_146' title='bbox 1473 1283 1611 1338; x_wconf 85' lang='lat' dir='ltr'><strong>forte</strong></span> <span class='ocrx_word' id='word_1_147' title='bbox 1629 1295 1736 1349; x_wconf 81' lang='lat' dir='ltr'><strong>,re-</strong></span> <span class='ocrx_word' id='word_1_148' title='bbox 1841 1298 2058 1343; x_wconf 83' lang='lat' dir='ltr'><strong>nesmm</strong></span> <span class='ocrx_word' id='word_1_149' title='bbox 2079 1295 2162 1340; x_wconf 90' lang='lat' dir='ltr'><strong>est</strong></span> <span class='ocrx_word' id='word_1_150' title='bbox 2190 1293 2374 1340; x_wconf 89' lang='lat' dir='ltr'><strong>autem</strong></span> <span class='ocrx_word' id='word_1_151' title='bbox 2403 1294 2460 1339; x_wconf 91' lang='lat' dir='ltr'><strong>ut</strong></span> <span class='ocrx_word' id='word_1_152' title='bbox 2490 1284 2779 1354; x_wconf 79' lang='lat' dir='ltr'><strong>episcOpus</strong></span> <span class='ocrx_word' id='word_1_153' title='bbox 2816 1283 3270 1339; x_wconf 74' lang='lat' dir='ltr'><strong>intercessionem</strong></span> <span class='ocrx_word' id='word_1_154' title='bbox 3299 1293 3456 1337; x_wconf 89' lang='lat' dir='ltr'><strong>suam</strong></span> 
     </span>
    </p>
   </div>
   <div class='ocr_carea' id='block_1_12' title="bbox 186 1373 3452 1452">
    <p class='ocr_par' dir='ltr' id='par_1_12' title="bbox 186 1373 3452 1452">
     <span class='ocr_line' id='line_1_12' title="bbox 186 1373 3452 1452; baseline -0.002 -18"><span class='ocrx_word' id='word_1_155' title='bbox 186 1400 368 1440; x_wconf 78' lang='lat' dir='ltr'><strong>mttere</strong></span> <span class='ocrx_word' id='word_1_156' title='bbox 398 1382 703 1452; x_wconf 84' lang='lat' dir='ltr'><strong>episcopum</strong></span> <span class='ocrx_word' id='word_1_157' title='bbox 727 1421 743 1446; x_wconf 92' lang='lat'><strong>,</strong></span> <span class='ocrx_word' id='word_1_158' title='bbox 794 1380 884 1434; x_wconf 87' lang='lat' dir='ltr'><strong>ille</strong></span> <span class='ocrx_word' id='word_1_159' title='bbox 911 1392 1043 1434; x_wconf 88' lang='lat' dir='ltr'><strong>vero</strong></span> <span class='ocrx_word' id='word_1_160' title='bbox 1091 1393 1190 1449; x_wconf 91' lang='lat' dir='ltr'><strong>per</strong></span> <span class='ocrx_word' id='word_1_161' title='bbox 1233 1378 1614 1450; x_wconf 77' lang='lat' dir='ltr'><strong>negligentiam</strong></span> <span class='ocrx_word' id='word_1_162' title='bbox 1643 1387 1738 1429; x_wconf 87' lang='lat' dir='ltr'><strong>nO-</strong></span> <span class='ocrx_word' id='word_1_163' title='bbox 1844 1381 1927 1437; x_wconf 87' lang='lat' dir='ltr'><strong>his</strong></span> <span class='ocrx_word' id='word_1_164' title='bbox 1952 1388 2204 1451; x_wconf 60' lang='lat' dir='ltr'><strong>praestet,</strong></span> <span class='ocrx_word' id='word_1_165' title='bbox 2248 1381 2339 1450; x_wconf 90' lang='lat' dir='ltr'><strong>qui</strong></span> <span class='ocrx_word' id='word_1_166' title='bbox 2371 1379 2547 1449; x_wconf 88' lang='lat' dir='ltr'><strong>aliqua</strong></span> <span class='ocrx_word' id='word_1_167' title='bbox 2581 1379 2761 1449; x_wconf 90' lang='lat' dir='ltr'><strong>iniqua</strong></span> <span class='ocrx_word' id='word_1_168' title='bbox 2782 1379 2834 1433; x_wconf 89' lang='lat' dir='ltr'><strong>vi</strong></span> <span class='ocrx_word' id='word_1_169' title='bbox 2864 1375 3250 1448; x_wconf 87' lang='lat' dir='ltr'><strong>opprimuntur</strong></span> <span class='ocrx_word' id='word_1_170' title='bbox 3282 1384 3377 1430; x_wconf 92' lang='lat' dir='ltr'><strong>aut</strong></span> <span class='ocrx_word' id='word_1_171' title='bbox 3405 1373 3452 1428; x_wconf 89' lang='lat' dir='ltr'><strong>si</strong></span> 
     </span>
    </p>
   </div>
   <div class='ocr_carea' id='block_1_13' title="bbox 185 1466 3459 1543">
    <p class='ocr_par' dir='ltr' id='par_1_13' title="bbox 185 1466 3459 1543">
     <span class='ocr_line' id='line_1_13' title="bbox 185 1466 3459 1543; baseline -0.002 -17"><span class='ocrx_word' id='word_1_172' title='bbox 185 1475 316 1531; x_wconf 86' lang='lat' dir='ltr'><strong>luerit</strong></span> <span class='ocrx_word' id='word_1_173' title='bbox 350 1473 590 1528; x_wconf 86' lang='lat' dir='ltr'><strong>ordinare</strong></span> <span class='ocrx_word' id='word_1_174' title='bbox 610 1471 940 1540; x_wconf 70' lang='lat' dir='ltr'><strong>[episcopum</strong></span> <span class='ocrx_word' id='word_1_175' title='bbox 961 1510 976 1536; x_wconf 93' lang='lat'><strong>,</strong></span> <span class='ocrx_word' id='word_1_176' title='bbox 1019 1479 1076 1525; x_wconf 90' lang='lat' dir='ltr'><strong>et</strong></span> <span class='ocrx_word' id='word_1_177' title='bbox 1117 1470 1301 1540; x_wconf 91' lang='lat' dir='ltr'><strong>populi</strong></span> <span class='ocrx_word' id='word_1_178' title='bbox 1347 1466 1698 1523; x_wconf 79' lang='lat' dir='ltr'><strong>convenerint</strong></span> <span class='ocrx_word' id='word_1_179' title='bbox 1718 1506 1736 1534; x_wconf 87' lang='lat'><strong>,</strong></span> <span class='ocrx_word' id='word_1_180' title='bbox 1846 1474 2010 1528; x_wconf 91' lang='lat' dir='ltr'><strong>vidua</strong></span> <span class='ocrx_word' id='word_1_181' title='bbox 2038 1472 2296 1543; x_wconf 79' lang='lat' dir='ltr'><strong>afﬂigitur</strong></span> <span class='ocrx_word' id='word_1_182' title='bbox 2319 1481 2410 1526; x_wconf 89' lang='lat' dir='ltr'><strong>aut</strong></span> <span class='ocrx_word' id='word_1_183' title='bbox 2433 1471 2670 1543; x_wconf 90' lang='lat' dir='ltr'><strong>pupillus</strong></span> <span class='ocrx_word' id='word_1_184' title='bbox 2692 1471 3049 1541; x_wconf 88' lang='lat' dir='ltr'><strong>exspoliatur,</strong></span> <span class='ocrx_word' id='word_1_185' title='bbox 3081 1481 3258 1525; x_wconf 83' lang='lat' dir='ltr'><strong>tamen</strong></span> <span class='ocrx_word' id='word_1_186' title='bbox 3281 1479 3333 1524; x_wconf 90' lang='lat' dir='ltr'><strong>et</strong></span> <span class='ocrx_word' id='word_1_187' title='bbox 3358 1471 3459 1526; x_wconf 74' lang='lat' dir='ltr'><strong>ista</strong></span> 
     </span>
    </p>
   </div>
   <div class='ocr_carea' id='block_1_14' title="bbox 183 1560 3458 1640">
    <p class='ocr_par' dir='ltr' id='par_1_14' title="bbox 183 1560 3458 1640">
     <span class='ocr_line' id='line_1_14' title="bbox 183 1560 3458 1640; baseline -0.003 -14"><span class='ocrx_word' id='word_1_188' title='bbox 183 1569 383 1640; x_wconf 78' lang='lat' dir='ltr'><strong>episcopi</strong></span> <span class='ocrx_word' id='word_1_189' title='bbox 414 1566 437 1606; x_wconf 75' lang='grc' dir='ltr'>δ</span> <span class='ocrx_word' id='word_1_190' title='bbox 469 1567 662 1622; x_wconf 69' lang='lat' dir='ltr'><strong>vicina</strong></span> <span class='ocrx_word' id='word_1_191' title='bbox 694 1564 988 1636; x_wconf 75' lang='lat' dir='ltr'><strong>provincia:</strong></span> <span class='ocrx_word' id='word_1_192' title='bbox 1019 1562 1222 1620; x_wconf 90' lang='lat' dir='ltr'><strong>debent</strong></span> <span class='ocrx_word' id='word_1_193' title='bbox 1254 1563 1405 1618; x_wconf 92' lang='lat' dir='ltr'><strong>illum</strong></span> <span class='ocrx_word' id='word_1_194' title='bbox 1436 1564 1582 1632; x_wconf 90' lang='lat' dir='ltr'><strong>prius</strong></span> <span class='ocrx_word' id='word_1_195' title='bbox 1611 1577 1743 1617; x_wconf 82' lang='lat' dir='ltr'><strong>con-</strong></span> <span class='ocrx_word' id='word_1_196' title='bbox 1847 1569 2024 1622; x_wconf 84' lang='lat' dir='ltr'><strong>omnia</strong></span> <span class='ocrx_word' id='word_1_197' title='bbox 2045 1606 2062 1632; x_wconf 91' lang='lat'><strong>,</strong></span> <span class='ocrx_word' id='word_1_198' title='bbox 2107 1567 2153 1622; x_wconf 88' lang='lat' dir='ltr'><strong>si</strong></span> <span class='ocrx_word' id='word_1_199' title='bbox 2175 1565 2376 1636; x_wconf 84' lang='lat' dir='ltr'><strong>justam</strong></span> <span class='ocrx_word' id='word_1_200' title='bbox 2406 1567 2642 1621; x_wconf 85' lang='lat' dir='ltr'><strong>habeant</strong></span> <span class='ocrx_word' id='word_1_201' title='bbox 2669 1580 2890 1622; x_wconf 86' lang='lat' dir='ltr'><strong>causam</strong></span> <span class='ocrx_word' id='word_1_202' title='bbox 2918 1574 2974 1620; x_wconf 93' lang='lat' dir='ltr'><strong>et</strong></span> <span class='ocrx_word' id='word_1_203' title='bbox 3000 1563 3342 1634; x_wconf 87' lang='lat' dir='ltr'><strong>petitionem.</strong></span> <span class='ocrx_word' id='word_1_204' title='bbox 3398 1560 3458 1616; x_wconf 89' lang='lat' dir='ltr'><strong>Si</strong></span> 
     </span>
    </p>
   </div>
   <div class='ocr_carea' id='block_1_15' title="bbox 185 1655 3456 1732">
    <p class='ocr_par' dir='ltr' id='par_1_15' title="bbox 185 1655 3456 1732">
     <span class='ocr_line' id='line_1_15' title="bbox 185 1655 3456 1732; baseline -0.002 -17"><span class='ocrx_word' id='word_1_205' title='bbox 185 1663 341 1717; x_wconf 83' lang='lat' dir='ltr'><strong>venire</strong></span> <span class='ocrx_word' id='word_1_206' title='bbox 363 1662 666 1731; x_wconf 87' lang='lat' dir='ltr'><strong>episcopum</strong></span> <span class='ocrx_word' id='word_1_207' title='bbox 696 1661 791 1732; x_wconf 89' lang='lat' dir='ltr'><strong>qui</strong></span> <span class='ocrx_word' id='word_1_208' title='bbox 829 1661 883 1715; x_wconf 93' lang='lat' dir='ltr'><strong>in</strong></span> <span class='ocrx_word' id='word_1_209' title='bbox 915 1658 1109 1715; x_wconf 89' lang='lat' dir='ltr'><strong>eadem</strong></span> <span class='ocrx_word' id='word_1_210' title='bbox 1154 1659 1430 1725; x_wconf 84' lang='lat' dir='ltr'><strong>provincia</strong></span> <span class='ocrx_word' id='word_1_211' title='bbox 1462 1666 1742 1722; x_wconf 88' lang='lat' dir='ltr'><strong>moratur,</strong></span> <span class='ocrx_word' id='word_1_212' title='bbox 1847 1655 2004 1711; x_wconf 89' lang='lat' dir='ltr'><strong>vobis</strong></span> <span class='ocrx_word' id='word_1_213' title='bbox 2048 1672 2216 1726; x_wconf 86' lang='lat' dir='ltr'><strong>ergo,</strong></span> <span class='ocrx_word' id='word_1_214' title='bbox 2249 1655 2446 1712; x_wconf 80' lang='lat' dir='ltr'><strong>fratres</strong></span> <span class='ocrx_word' id='word_1_215' title='bbox 2485 1657 2814 1724; x_wconf 72' lang='lat' dir='ltr'><strong>charissimi,</strong></span> <span class='ocrx_word' id='word_1_216' title='bbox 2847 1658 3045 1726; x_wconf 80' lang='lat' dir='ltr'><strong>placet,</strong></span> <span class='ocrx_word' id='word_1_217' title='bbox 3077 1655 3356 1710; x_wconf 87' lang='lat' dir='ltr'><strong>decernite</strong></span> <span class='ocrx_word' id='word_1_218' title='bbox 3386 1668 3456 1709; x_wconf 91' lang='lat' dir='ltr'><strong>ue</strong></span> 
     </span>
    </p>
   </div>
   <div class='ocr_carea' id='block_1_16' title="bbox 193 1747 3460 1824">
    <p class='ocr_par' dir='ltr' id='par_1_16' title="bbox 193 1747 3460 1824">
     <span class='ocr_line' id='line_1_16' title="bbox 193 1747 3460 1824; baseline -0.003 -14"><span class='ocrx_word' id='word_1_219' title='bbox 193 1767 238 1810; x_wconf 86' lang='lat' dir='ltr'><strong>et</strong></span> <span class='ocrx_word' id='word_1_220' title='bbox 260 1753 520 1810; x_wconf 75' lang='lat' dir='ltr'><strong>ostendere</strong></span> <span class='ocrx_word' id='word_1_221' title='bbox 547 1754 692 1824; x_wconf 90' lang='lat' dir='ltr'><strong>quod</strong></span> <span class='ocrx_word' id='word_1_222' title='bbox 726 1754 912 1824; x_wconf 92' lang='lat' dir='ltr'><strong>populi</strong></span> <span class='ocrx_word' id='word_1_223' title='bbox 941 1760 1129 1822; x_wconf 80' lang='lat' dir='ltr'><strong>petant</strong></span> <span class='ocrx_word' id='word_1_224' title='bbox 1149 1752 1249 1806; x_wconf 89' lang='lat' dir='ltr'><strong>sibi</strong></span> <span class='ocrx_word' id='word_1_225' title='bbox 1278 1760 1544 1807; x_wconf 81' lang='lat' dir='ltr'><strong>rectorem</strong></span> <span class='ocrx_word' id='word_1_226' title='bbox 1569 1761 1622 1804; x_wconf 92' lang='lat' dir='ltr'><strong>et</strong></span> <span class='ocrx_word' id='word_1_227' title='bbox 1643 1750 1746 1804; x_wconf 87' lang='lat' dir='ltr'><strong>hoc</strong></span> <span class='ocrx_word' id='word_1_228' title='bbox 1779 1821 1806 1824; x_wconf 86' lang='lat'><em>_</em></span> <span class='ocrx_word' id='word_1_229' title='bbox 1850 1750 2093 1819; x_wconf 75' lang='lat' dir='ltr'><strong>episcopi</strong></span> <span class='ocrx_word' id='word_1_230' title='bbox 2125 1751 2191 1804; x_wconf 88' lang='lat' dir='ltr'><strong>ad</strong></span> <span class='ocrx_word' id='word_1_231' title='bbox 2217 1751 2530 1805; x_wconf 90' lang='lat' dir='ltr'><strong>comitatum</strong></span> <span class='ocrx_word' id='word_1_232' title='bbox 2552 1751 2836 1816; x_wconf 87' lang='lat' dir='ltr'><strong>accedant,</strong></span> <span class='ocrx_word' id='word_1_233' title='bbox 2869 1749 2974 1804; x_wconf 91' lang='lat' dir='ltr'><strong>nisi</strong></span> <span class='ocrx_word' id='word_1_234' title='bbox 3005 1749 3146 1804; x_wconf 87' lang='lat' dir='ltr'><strong>forte</strong></span> <span class='ocrx_word' id='word_1_235' title='bbox 3174 1748 3226 1802; x_wconf 92' lang='lat' dir='ltr'><strong>hi</strong></span> <span class='ocrx_word' id='word_1_236' title='bbox 3257 1747 3349 1814; x_wconf 88' lang='lat' dir='ltr'><strong>qui</strong></span> <span class='ocrx_word' id='word_1_237' title='bbox 3374 1762 3460 1802; x_wconf 84' lang='lat' dir='ltr'><strong>re-</strong></span> 
     </span>
    </p>
   </div>
   <div class='ocr_carea' id='block_1_17' title="bbox 188 1821 3453 1917">
    <p class='ocr_par' dir='ltr' id='par_1_17' title="bbox 188 1821 3453 1917">
     <span class='ocr_line' id='line_1_17' title="bbox 188 1821 3453 1917; baseline -0.001 -19"><span class='ocrx_word' id='word_1_238' title='bbox 188 1847 353 1917; x_wconf 82' lang='lat' dir='ltr'><strong>justum</strong></span> <span class='ocrx_word' id='word_1_239' title='bbox 381 1829 497 1902; x_wconf 25' lang='lat' dir='ltr'><strong>esse.</strong></span> <span class='ocrx_word' id='word_1_240' title='bbox 524 1821 580 1901; x_wconf 80' lang='lat' dir='ltr'><strong>ut</strong></span> <span class='ocrx_word' id='word_1_241' title='bbox 624 1854 683 1902; x_wconf 91' lang='lat' dir='ltr'><strong>et</strong></span> <span class='ocrx_word' id='word_1_242' title='bbox 709 1821 828 1916; x_wconf 75' lang='lat' dir='ltr'><strong>ipse</strong></span> <span class='ocrx_word' id='word_1_243' title='bbox 868 1821 1049 1900; x_wconf 85' lang='lat' dir='ltr'><strong>veniat</strong></span> <span class='ocrx_word' id='word_1_244' title='bbox 1095 1856 1148 1901; x_wconf 91' lang='lat' dir='ltr'><strong>et</strong></span> <span class='ocrx_word' id='word_1_245' title='bbox 1188 1861 1309 1900; x_wconf 89' lang='lat' dir='ltr'><strong>cum</strong></span> <span class='ocrx_word' id='word_1_246' title='bbox 1341 1848 1457 1915; x_wconf 88' lang='lat' dir='ltr'><strong>ipso</strong></span> <span class='ocrx_word' id='word_1_247' title='bbox 1488 1845 1742 1900; x_wconf 76' lang='lat' dir='ltr'><strong>oidinent</strong></span> <span class='ocrx_word' id='word_1_248' title='bbox 1775 1821 1821 1882; x_wconf 74' lang='grc' dir='ltr'><strong>Β</strong></span> <span class='ocrx_word' id='word_1_249' title='bbox 1850 1842 2173 1913; x_wconf 84' lang='lat' dir='ltr'><strong>ligiosissinti</strong></span> <span class='ocrx_word' id='word_1_250' title='bbox 2202 1843 2545 1912; x_wconf 85' lang='lat' dir='ltr'><strong>imperatoris</strong></span> <span class='ocrx_word' id='word_1_251' title='bbox 2572 1841 2767 1896; x_wconf 87' lang='lat' dir='ltr'><strong>litteris</strong></span> <span class='ocrx_word' id='word_1_252' title='bbox 2791 1842 2871 1897; x_wconf 87' lang='lat' dir='ltr'><strong>vel</strong></span> <span class='ocrx_word' id='word_1_253' title='bbox 2897 1841 3109 1896; x_wconf 89' lang='lat' dir='ltr'><strong>invitati</strong></span> <span class='ocrx_word' id='word_1_254' title='bbox 3141 1839 3453 1895; x_wconf 88' lang='lat' dir='ltr'><strong>fuerintvel</strong></span> 
     </span>
    </p>
   </div>
   <div class='ocr_carea' id='block_1_18' title="bbox 190 1933 3450 2007">
    <p class='ocr_par' dir='ltr' id='par_1_18' title="bbox 190 1933 3450 2007">
     <span class='ocr_line' id='line_1_18' title="bbox 190 1933 3450 2007; baseline -0.002 -15"><span class='ocrx_word' id='word_1_255' title='bbox 190 1939 481 2007; x_wconf 73' lang='lat' dir='ltr'><strong>episcOpum.</strong></span> <span class='ocrx_word' id='word_1_256' title='bbox 527 1937 686 2006; x_wconf 84' lang='lat' dir='ltr'><strong>Quod</strong></span> <span class='ocrx_word' id='word_1_257' title='bbox 725 1938 774 1993; x_wconf 89' lang='lat' dir='ltr'><strong>si</strong></span> <span class='ocrx_word' id='word_1_258' title='bbox 824 1947 1124 1992; x_wconf 86' lang='lat' dir='ltr'><strong>conventus</strong></span> <span class='ocrx_word' id='word_1_259' title='bbox 1167 1937 1361 1992; x_wconf 88' lang='lat' dir='ltr'><strong>litteris</strong></span> <span class='ocrx_word' id='word_1_260' title='bbox 1416 1938 1644 1992; x_wconf 85' lang='lat' dir='ltr'><strong>tacuerit</strong></span> <span class='ocrx_word' id='word_1_261' title='bbox 1693 1947 1747 1993; x_wconf 90' lang='lat' dir='ltr'><strong>et</strong></span> <span class='ocrx_word' id='word_1_262' title='bbox 1848 1938 2076 1991; x_wconf 88' lang='lat' dir='ltr'><strong>evocati.</strong></span> <span class='ocrx_word' id='word_1_263' title='bbox 2132 1937 2238 1992; x_wconf 87' lang='lat' dir='ltr'><strong>Sed</strong></span> <span class='ocrx_word' id='word_1_264' title='bbox 2271 1937 2524 2006; x_wconf 83' lang='lat' dir='ltr'><strong>quoniam</strong></span> <span class='ocrx_word' id='word_1_265' title='bbox 2557 1952 2702 2005; x_wconf 71' lang='lat' dir='ltr'><strong>saepe</strong></span> <span class='ocrx_word' id='word_1_266' title='bbox 2741 1936 3006 2004; x_wconf 68' lang='lat' dir='ltr'><strong>contingit</strong></span> <span class='ocrx_word' id='word_1_267' title='bbox 3053 1943 3109 1989; x_wconf 92' lang='lat' dir='ltr'><strong>ut</strong></span> <span class='ocrx_word' id='word_1_268' title='bbox 3139 1935 3204 1988; x_wconf 90' lang='lat' dir='ltr'><strong>ad</strong></span> <span class='ocrx_word' id='word_1_269' title='bbox 3239 1933 3450 1988; x_wconf 84' lang='lat' dir='ltr'><strong>miseri-</strong></span> 
     </span>
    </p>
   </div>
   <div class='ocr_carea' id='block_1_19' title="bbox 187 2024 3461 2100">
    <p class='ocr_par' dir='ltr' id='par_1_19' title="bbox 187 2024 3461 2100">
     <span class='ocr_line' id='line_1_19' title="bbox 187 2024 3461 2100; baseline -0.001 -18"><span class='ocrx_word' id='word_1_270' title='bbox 187 2027 565 2084; x_wconf 82' lang='lat' dir='ltr'><strong>dissimulavcrit</strong></span> <span class='ocrx_word' id='word_1_271' title='bbox 613 2029 864 2096; x_wconf 84' lang='lat' dir='ltr'><strong>nihilque</strong></span> <span class='ocrx_word' id='word_1_272' title='bbox 922 2029 1292 2100; x_wconf 84' lang='lat' dir='ltr'><strong>rescripserit,</strong></span> <span class='ocrx_word' id='word_1_273' title='bbox 1341 2038 1469 2085; x_wconf 89' lang='lat' dir='ltr'><strong>tunc</strong></span> <span class='ocrx_word' id='word_1_274' title='bbox 1525 2030 1743 2084; x_wconf 86' lang='lat' dir='ltr'><strong>satisfa-</strong></span> <span class='ocrx_word' id='word_1_275' title='bbox 1849 2029 2096 2083; x_wconf 89' lang='lat' dir='ltr'><strong>cordiam</strong></span> <span class='ocrx_word' id='word_1_276' title='bbox 2136 2028 2399 2082; x_wconf 79' lang='lat' dir='ltr'><strong>Ecclesia:</strong></span> <span class='ocrx_word' id='word_1_277' title='bbox 2422 2027 2736 2097; x_wconf 72' lang='lat' dir='ltr'><strong>confugiant.</strong></span> <span class='ocrx_word' id='word_1_278' title='bbox 2765 2027 2855 2096; x_wconf 90' lang='lat' dir='ltr'><strong>qui</strong></span> <span class='ocrx_word' id='word_1_279' title='bbox 2885 2026 3138 2094; x_wconf 86' lang='lat' dir='ltr'><strong>injuriam</strong></span> <span class='ocrx_word' id='word_1_280' title='bbox 3162 2024 3461 2095; x_wconf 88' lang='lat' dir='ltr'><strong>patiuntur,</strong></span> 
     </span>
    </p>
   </div>
   <div class='ocr_carea' id='block_1_20' title="bbox 187 2118 3464 2192">
    <p class='ocr_par' dir='ltr' id='par_1_20' title="bbox 187 2118 3464 2192">
     <span class='ocr_line' id='line_1_20' title="bbox 187 2118 3464 2192; baseline -0.001 -17"><span class='ocrx_word' id='word_1_281' title='bbox 187 2120 396 2175; x_wconf 86' lang='lat' dir='ltr'><strong>ciendum</strong></span> <span class='ocrx_word' id='word_1_282' title='bbox 423 2136 540 2176; x_wconf 87' lang='lat' dir='ltr'><strong>esse</strong></span> <span class='ocrx_word' id='word_1_283' title='bbox 566 2121 786 2190; x_wconf 84' lang='lat' dir='ltr'><strong>pupulis</strong></span> <span class='ocrx_word' id='word_1_284' title='bbox 810 2129 868 2175; x_wconf 93' lang='lat' dir='ltr'><strong>ut</strong></span> <span class='ocrx_word' id='word_1_285' title='bbox 892 2122 1109 2176; x_wconf 85' lang='lat' dir='ltr'><strong>veniant</strong></span> <span class='ocrx_word' id='word_1_286' title='bbox 1181 2138 1245 2176; x_wconf 89' lang='lat' dir='ltr'><strong>ex</strong></span> <span class='ocrx_word' id='word_1_287' title='bbox 1269 2123 1441 2176; x_wconf 83' lang='lat' dir='ltr'><strong>vicina</strong></span> <span class='ocrx_word' id='word_1_288' title='bbox 1469 2124 1742 2192; x_wconf 86' lang='lat' dir='ltr'><strong>provincia</strong></span> <span class='ocrx_word' id='word_1_289' title='bbox 1849 2131 1905 2176; x_wconf 90' lang='lat' dir='ltr'><strong>et</strong></span> <span class='ocrx_word' id='word_1_290' title='bbox 1938 2122 2028 2191; x_wconf 91' lang='lat' dir='ltr'><strong>qui</strong></span> <span class='ocrx_word' id='word_1_291' title='bbox 2060 2130 2346 2191; x_wconf 77' lang='lat' dir='ltr'><strong>peccantes</strong></span> <span class='ocrx_word' id='word_1_292' title='bbox 2372 2121 2425 2174; x_wconf 91' lang='lat' dir='ltr'><strong>in</strong></span> <span class='ocrx_word' id='word_1_293' title='bbox 2455 2119 2705 2175; x_wconf 79' lang='lat' dir='ltr'><strong>exsilium</strong></span> <span class='ocrx_word' id='word_1_294' title='bbox 2739 2121 2823 2174; x_wconf 93' lang='lat' dir='ltr'><strong>vel</strong></span> <span class='ocrx_word' id='word_1_295' title='bbox 2857 2126 2908 2174; x_wconf 86' lang='lat' dir='ltr'><strong>tn</strong></span> <span class='ocrx_word' id='word_1_296' title='bbox 2946 2119 3152 2174; x_wconf 87' lang='lat' dir='ltr'><strong>insulas</strong></span> <span class='ocrx_word' id='word_1_297' title='bbox 3196 2118 3464 2172; x_wconf 83' lang='lat' dir='ltr'><strong>damnan-</strong></span> 
     </span>
    </p>
   </div>
   <div class='ocr_carea' id='block_1_21' title="bbox 186 2209 3464 2283">
    <p class='ocr_par' dir='ltr' id='par_1_21' title="bbox 186 2209 3464 2283">
     <span class='ocr_line' id='line_1_21' title="bbox 186 2209 3464 2283; baseline -0.002 -15"><span class='ocrx_word' id='word_1_298' title='bbox 186 2223 228 2268; x_wconf 86' lang='lat' dir='ltr'><strong>et</strong></span> <span class='ocrx_word' id='word_1_299' title='bbox 264 2212 486 2268; x_wconf 84' lang='lat' dir='ltr'><strong>ordinent</strong></span> <span class='ocrx_word' id='word_1_300' title='bbox 526 2214 881 2283; x_wconf 87' lang='lat' dir='ltr'><strong>episcopum;</strong></span> <span class='ocrx_word' id='word_1_301' title='bbox 925 2213 1020 2268; x_wconf 87' lang='lat' dir='ltr'><strong>sed</strong></span> <span class='ocrx_word' id='word_1_302' title='bbox 1072 2215 1264 2269; x_wconf 87' lang='lat' dir='ltr'><strong>iterum</strong></span> <span class='ocrx_word' id='word_1_303' title='bbox 1308 2215 1525 2269; x_wconf 83' lang='lat' dir='ltr'><strong>licentia</strong></span> <span class='ocrx_word' id='word_1_304' title='bbox 1569 2216 1744 2269; x_wconf 87' lang='lat' dir='ltr'><strong>danda</strong></span> <span class='ocrx_word' id='word_1_305' title='bbox 1851 2221 1962 2280; x_wconf 92' lang='lat' dir='ltr'><strong>tur,</strong></span> <span class='ocrx_word' id='word_1_306' title='bbox 2005 2222 2271 2267; x_wconf 90' lang='lat' dir='ltr'><strong>autcerte</strong></span> <span class='ocrx_word' id='word_1_307' title='bbox 2299 2214 2608 2282; x_wconf 89' lang='lat' dir='ltr'><strong>quicunque</strong></span> <span class='ocrx_word' id='word_1_308' title='bbox 2631 2213 2954 2267; x_wconf 58' lang='lat' dir='ltr'><strong>sententiam</strong></span> <span class='ocrx_word' id='word_1_309' title='bbox 2980 2211 3280 2278; x_wconf 78' lang='lat' dir='ltr'><strong>excipiunt,</strong></span> <span class='ocrx_word' id='word_1_310' title='bbox 3312 2209 3464 2265; x_wconf 55' lang='lat' dir='ltr'><strong>ideo.</strong></span> 
     </span>
    </p>
   </div>
   <div class='ocr_carea' id='block_1_22' title="bbox 187 2303 3464 2378">
    <p class='ocr_par' dir='ltr' id='par_1_22' title="bbox 187 2303 3464 2378">
     <span class='ocr_line' id='line_1_22' title="bbox 187 2303 3464 2378; baseline -0.001 -16"><span class='ocrx_word' id='word_1_311' title='bbox 187 2306 354 2378; x_wconf 79' lang='lat' dir='ltr'><strong>passim</strong></span> <span class='ocrx_word' id='word_1_312' title='bbox 383 2323 482 2362; x_wconf 92' lang='lat' dir='ltr'><strong>non</strong></span> <span class='ocrx_word' id='word_1_313' title='bbox 509 2317 614 2363; x_wconf 87' lang='lat' dir='ltr'><strong>est.</strong></span> <span class='ocrx_word' id='word_1_314' title='bbox 650 2308 707 2363; x_wconf 92' lang='lat' dir='ltr'><strong>Si</strong></span> <span class='ocrx_word' id='word_1_315' title='bbox 739 2308 884 2362; x_wconf 87' lang='lat' dir='ltr'><strong>enim</strong></span> <span class='ocrx_word' id='word_1_316' title='bbox 919 2309 1103 2364; x_wconf 89' lang='lat' dir='ltr'><strong>subito</strong></span> <span class='ocrx_word' id='word_1_317' title='bbox 1131 2318 1222 2363; x_wconf 89' lang='lat' dir='ltr'><strong>aut</strong></span> <span class='ocrx_word' id='word_1_318' title='bbox 1251 2310 1397 2363; x_wconf 89' lang='lat' dir='ltr'><strong>vicus</strong></span> <span class='ocrx_word' id='word_1_319' title='bbox 1429 2309 1621 2378; x_wconf 74' lang='lat' dir='ltr'><strong>aliquis</strong></span> <span class='ocrx_word' id='word_1_320' title='bbox 1654 2319 1747 2364; x_wconf 76' lang='lat' dir='ltr'><strong>aut</strong></span> <span class='ocrx_word' id='word_1_321' title='bbox 1852 2322 1955 2375; x_wconf 90' lang='lat' dir='ltr'><strong>quc</strong></span> <span class='ocrx_word' id='word_1_322' title='bbox 1978 2306 2411 2362; x_wconf 83' lang='lat' dir='ltr'><strong>subveniendum</strong></span> <span class='ocrx_word' id='word_1_323' title='bbox 2437 2319 2519 2360; x_wconf 85' lang='lat' dir='ltr'><strong>est</strong></span> <span class='ocrx_word' id='word_1_324' title='bbox 2542 2315 2598 2361; x_wconf 90' lang='lat' dir='ltr'><strong>et</strong></span> <span class='ocrx_word' id='word_1_325' title='bbox 2620 2309 2738 2361; x_wconf 90' lang='lat' dir='ltr'><strong>sine</strong></span> <span class='ocrx_word' id='word_1_326' title='bbox 2765 2307 3102 2362; x_wconf 78' lang='lat' dir='ltr'><strong>dubitatione</strong></span> <span class='ocrx_word' id='word_1_327' title='bbox 3127 2307 3207 2361; x_wconf 86' lang='lat' dir='ltr'><strong>eis</strong></span> <span class='ocrx_word' id='word_1_328' title='bbox 3230 2303 3464 2375; x_wconf 75' lang='lat' dir='ltr'><strong>petenda</strong></span> 
     </span>
    </p>
   </div>
   <div class='ocr_carea' id='block_1_23' title="bbox 194 2397 3462 2472">
    <p class='ocr_par' dir='ltr' id='par_1_23' title="bbox 194 2397 3462 2472">
     <span class='ocr_line' id='line_1_23' title="bbox 194 2397 3462 2472; baseline 0.001 -21"><span class='ocrx_word' id='word_1_329' title='bbox 194 2397 366 2452; x_wconf 81' lang='lat' dir='ltr'><strong>modica</strong></span> <span class='ocrx_word' id='word_1_330' title='bbox 395 2399 601 2469; x_wconf 86' lang='lat' dir='ltr'><strong>civitas,</strong></span> <span class='ocrx_word' id='word_1_331' title='bbox 635 2399 724 2454; x_wconf 89' lang='lat' dir='ltr'><strong>cui</strong></span> <span class='ocrx_word' id='word_1_332' title='bbox 757 2399 886 2454; x_wconf 87' lang='lat' dir='ltr'><strong>satis</strong></span> <span class='ocrx_word' id='word_1_333' title='bbox 905 2409 991 2455; x_wconf 89' lang='lat' dir='ltr'><strong>est</strong></span> <span class='ocrx_word' id='word_1_334' title='bbox 1016 2413 1151 2454; x_wconf 91' lang='lat' dir='ltr'><strong>unus</strong></span> <span class='ocrx_word' id='word_1_335' title='bbox 1176 2401 1479 2471; x_wconf 83' lang='lat' dir='ltr'><strong>presbyter,</strong></span> <span class='ocrx_word' id='word_1_336' title='bbox 1518 2402 1750 2458; x_wconf 83' lang='lat' dir='ltr'><strong>voluerit</strong></span> <span class='ocrx_word' id='word_1_337' title='bbox 1853 2418 1949 2471; x_wconf 91' lang='lat' dir='ltr'><strong>per</strong></span> <span class='ocrx_word' id='word_1_338' title='bbox 1982 2401 2282 2455; x_wconf 50' lang='lat' dir='ltr'><strong>Ecclesiam</strong></span> <span class='ocrx_word' id='word_1_339' title='bbox 2317 2401 2648 2468; x_wconf 81' lang='lat' dir='ltr'><strong>indulgentia</strong></span> <span class='ocrx_word' id='word_1_340' title='bbox 2683 2421 2694 2454; x_wconf 93' lang='lat'>:</span> <span class='ocrx_word' id='word_1_341' title='bbox 2725 2400 2768 2454; x_wconf 85' lang='lat' dir='ltr'><strong>si</strong></span> <span class='ocrx_word' id='word_1_342' title='bbox 2793 2417 2921 2472; x_wconf 87' lang='lat' dir='ltr'><strong>ergo</strong></span> <span class='ocrx_word' id='word_1_343' title='bbox 2948 2401 3052 2456; x_wconf 91' lang='lat' dir='ltr'><strong>hoc</strong></span> <span class='ocrx_word' id='word_1_344' title='bbox 3077 2400 3234 2456; x_wconf 90' lang='lat' dir='ltr'><strong>vobis</strong></span> <span class='ocrx_word' id='word_1_345' title='bbox 3261 2400 3462 2469; x_wconf 84' lang='lat' dir='ltr'><strong>placet,</strong></span> 
     </span>
    </p>
   </div>
   <div class='ocr_carea' id='block_1_24' title="bbox 185 2490 3463 2564">
    <p class='ocr_par' dir='ltr' id='par_1_24' title="bbox 185 2490 3463 2564">
     <span class='ocr_line' id='line_1_24' title="bbox 185 2490 3463 2564; baseline 0 -18"><span class='ocrx_word' id='word_1_346' title='bbox 185 2490 266 2547; x_wconf 80' lang='lat' dir='ltr'><strong>sibi</strong></span> <span class='ocrx_word' id='word_1_347' title='bbox 302 2493 602 2564; x_wconf 82' lang='lat' dir='ltr'><strong>episcopum</strong></span> <span class='ocrx_word' id='word_1_348' title='bbox 660 2493 900 2548; x_wconf 89' lang='lat' dir='ltr'><strong>ordinari</strong></span> <span class='ocrx_word' id='word_1_349' title='bbox 941 2493 1009 2548; x_wconf 86' lang='lat' dir='ltr'><strong>ad</strong></span> <span class='ocrx_word' id='word_1_350' title='bbox 1042 2497 1146 2548; x_wconf 91' lang='lat' dir='ltr'><strong>hoc</strong></span> <span class='ocrx_word' id='word_1_351' title='bbox 1186 2505 1242 2547; x_wconf 92' lang='lat' dir='ltr'><strong>ut</strong></span> <span class='ocrx_word' id='word_1_352' title='bbox 1283 2495 1509 2550; x_wconf 90' lang='lat' dir='ltr'><strong>vilescat</strong></span> <span class='ocrx_word' id='word_1_353' title='bbox 1553 2512 1747 2553; x_wconf 84' lang='lat' dir='ltr'><strong>nomen</strong></span> <span class='ocrx_word' id='word_1_354' title='bbox 1852 2501 2140 2549; x_wconf 84' lang='lat' dir='ltr'><strong>statuatur.</strong></span> <span class='ocrx_word' id='word_1_355' title='bbox 2172 2493 2417 2549; x_wconf 87' lang='lat' dir='ltr'><strong>Universi</strong></span> <span class='ocrx_word' id='word_1_356' title='bbox 2451 2494 2703 2548; x_wconf 79' lang='lat' dir='ltr'><strong>dixerunt</strong></span> <span class='ocrx_word' id='word_1_357' title='bbox 2737 2511 2747 2546; x_wconf 78' lang='grc' dir='ltr'>ε</span> <span class='ocrx_word' id='word_1_358' title='bbox 2785 2493 2970 2550; x_wconf 84' lang='lat' dir='ltr'><strong>Placet</strong></span> <span class='ocrx_word' id='word_1_359' title='bbox 3000 2502 3054 2548; x_wconf 90' lang='lat' dir='ltr'><strong>et</strong></span> <span class='ocrx_word' id='word_1_360' title='bbox 3076 2494 3463 2549; x_wconf 88' lang='lat' dir='ltr'><strong>constituatur.</strong></span> 
     </span>
    </p>
   </div>
   <div class='ocr_carea' id='block_1_25' title="bbox 186 2586 2978 2661">
    <p class='ocr_par' dir='ltr' id='par_1_25' title="bbox 186 2586 2978 2661">
     <span class='ocr_line' id='line_1_25' title="bbox 186 2586 2978 2661; baseline 0.003 -24"><span class='ocrx_word' id='word_1_361' title='bbox 186 2586 386 2656; x_wconf 84' lang='lat' dir='ltr'><strong>episcopi</strong></span> <span class='ocrx_word' id='word_1_362' title='bbox 411 2597 463 2642; x_wconf 90' lang='lat' dir='ltr'><strong>et</strong></span> <span class='ocrx_word' id='word_1_363' title='bbox 485 2591 810 2652; x_wconf 88' lang='lat' dir='ltr'><strong>auctoritas,</strong></span> <span class='ocrx_word' id='word_1_364' title='bbox 844 2603 950 2642; x_wconf 91' lang='lat' dir='ltr'><strong>non</strong></span> <span class='ocrx_word' id='word_1_365' title='bbox 981 2587 1183 2642; x_wconf 82' lang='lat' dir='ltr'><strong>debent</strong></span> <span class='ocrx_word' id='word_1_366' title='bbox 1208 2587 1285 2642; x_wconf 91' lang='lat' dir='ltr'><strong>illi</strong></span> <span class='ocrx_word' id='word_1_367' title='bbox 1309 2603 1376 2642; x_wconf 81' lang='lat' dir='ltr'><strong>ex</strong></span> <span class='ocrx_word' id='word_1_368' title='bbox 1403 2589 1504 2642; x_wconf 89' lang='lat' dir='ltr'><strong>alia</strong></span> <span class='ocrx_word' id='word_1_369' title='bbox 1535 2593 1750 2659; x_wconf 86' lang='lat' dir='ltr'><strong>provin-</strong></span> <span class='ocrx_word' id='word_1_370' title='bbox 2342 2587 2432 2643; x_wconf 81' lang='lat' dir='ltr'><strong>IX.</strong></span> <span class='ocrx_word' id='word_1_371' title='bbox 2484 2587 2556 2643; x_wconf 91' lang='lat' dir='ltr'><strong>De</strong></span> <span class='ocrx_word' id='word_1_372' title='bbox 2585 2589 2771 2661; x_wconf 83' lang='lat' dir='ltr'><strong>quibus</strong></span> <span class='ocrx_word' id='word_1_373' title='bbox 2800 2606 2978 2661; x_wconf 83' lang='lat' dir='ltr'><strong>supra.</strong></span> 
     </span>
    </p>
   </div>
   <div class='ocr_carea' id='block_1_26' title="bbox 187 2676 3466 2754">
    <p class='ocr_par' dir='ltr' id='par_1_26' title="bbox 187 2676 3466 2754">
     <span class='ocr_line' id='line_1_26' title="bbox 187 2676 3466 2754; baseline 0.002 -23"><span class='ocrx_word' id='word_1_374' title='bbox 187 2676 250 2731; x_wconf 80' lang='lat' dir='ltr'><strong>cia</strong></span> <span class='ocrx_word' id='word_1_375' title='bbox 274 2677 461 2733; x_wconf 85' lang='lat' dir='ltr'><strong>invitati</strong></span> <span class='ocrx_word' id='word_1_376' title='bbox 492 2679 682 2736; x_wconf 81' lang='lat' dir='ltr'><strong>facere</strong></span> <span class='ocrx_word' id='word_1_377' title='bbox 710 2679 1057 2748; x_wconf 71' lang='lat' dir='ltr'><strong>episcopum,</strong></span> <span class='ocrx_word' id='word_1_378' title='bbox 1096 2679 1198 2734; x_wconf 91' lang='lat' dir='ltr'><strong>nisi</strong></span> <span class='ocrx_word' id='word_1_379' title='bbox 1231 2688 1328 2734; x_wconf 85' lang='lat' dir='ltr'><strong>aut</strong></span> <span class='ocrx_word' id='word_1_380' title='bbox 1358 2679 1412 2734; x_wconf 88' lang='lat' dir='ltr'><strong>in</strong></span> <span class='ocrx_word' id='word_1_381' title='bbox 1444 2681 1528 2736; x_wconf 92' lang='lat' dir='ltr'><strong>his</strong></span> <span class='ocrx_word' id='word_1_382' title='bbox 1557 2682 1751 2736; x_wconf 87' lang='lat' dir='ltr'><strong>civita-</strong></span> <span class='ocrx_word' id='word_1_383' title='bbox 1926 2682 2090 2737; x_wconf 83' lang='lat' dir='ltr'><strong>Osius</strong></span> <span class='ocrx_word' id='word_1_384' title='bbox 2121 2683 2409 2752; x_wconf 68' lang='lat' dir='ltr'><strong>episcotius</strong></span> <span class='ocrx_word' id='word_1_385' title='bbox 2441 2683 2580 2738; x_wconf 69' lang='lat' dir='ltr'><strong>dixit</strong></span> <span class='ocrx_word' id='word_1_386' title='bbox 2613 2700 2626 2736; x_wconf 91' lang='lat'><strong>:</strong></span> <span class='ocrx_word' id='word_1_387' title='bbox 2664 2683 2791 2738; x_wconf 72' lang='lat' dir='ltr'><strong>llaec</strong></span> <span class='ocrx_word' id='word_1_388' title='bbox 2819 2699 3035 2754; x_wconf 89' lang='lat' dir='ltr'><strong>quoque</strong></span> <span class='ocrx_word' id='word_1_389' title='bbox 3066 2681 3348 2752; x_wconf 90' lang='lat' dir='ltr'><strong>prudentia</strong></span> <span class='ocrx_word' id='word_1_390' title='bbox 3376 2697 3466 2736; x_wconf 87' lang='lat' dir='ltr'><strong>ve-</strong></span> 
     </span>
    </p>
   </div>
   <div class='ocr_carea' id='block_1_27' title="bbox 189 2769 3464 2846">
    <p class='ocr_par' dir='ltr' id='par_1_27' title="bbox 189 2769 3464 2846">
     <span class='ocr_line' id='line_1_27' title="bbox 189 2769 3464 2846; baseline 0.001 -23"><span class='ocrx_word' id='word_1_391' title='bbox 189 2769 301 2824; x_wconf 83' lang='lat' dir='ltr'><strong>tibus</strong></span> <span class='ocrx_word' id='word_1_392' title='bbox 317 2786 427 2839; x_wconf 69' lang='lat' dir='ltr'><strong>quae</strong></span> <span class='ocrx_word' id='word_1_393' title='bbox 447 2771 742 2842; x_wconf 88' lang='lat' dir='ltr'><strong>episcopos</strong></span> <span class='ocrx_word' id='word_1_394' title='bbox 769 2771 1100 2836; x_wconf 87' lang='lat' dir='ltr'><strong>habuerunt,</strong></span> <span class='ocrx_word' id='word_1_395' title='bbox 1129 2783 1222 2827; x_wconf 90' lang='lat' dir='ltr'><strong>aut</strong></span> <span class='ocrx_word' id='word_1_396' title='bbox 1247 2771 1291 2827; x_wconf 90' lang='lat' dir='ltr'><strong>si</strong></span> <span class='ocrx_word' id='word_1_397' title='bbox 1314 2788 1420 2841; x_wconf 89' lang='lat' dir='ltr'><strong>qua</strong></span> <span class='ocrx_word' id='word_1_398' title='bbox 1445 2785 1550 2828; x_wconf 91' lang='lat' dir='ltr'><strong>tam</strong></span> <span class='ocrx_word' id='word_1_399' title='bbox 1579 2791 1751 2846; x_wconf 84' lang='lat' dir='ltr'><strong>pepu-</strong></span> <span class='ocrx_word' id='word_1_400' title='bbox 1855 2781 1967 2827; x_wconf 89' lang='lat' dir='ltr'><strong>stra</strong></span> <span class='ocrx_word' id='word_1_401' title='bbox 2001 2781 2235 2828; x_wconf 77' lang='lat' dir='ltr'><strong>tractare</strong></span> <span class='ocrx_word' id='word_1_402' title='bbox 2265 2773 2463 2840; x_wconf 89' lang='lat' dir='ltr'><strong>debet,</strong></span> <span class='ocrx_word' id='word_1_403' title='bbox 2513 2783 2568 2827; x_wconf 91' lang='lat' dir='ltr'><strong>ut</strong></span> <span class='ocrx_word' id='word_1_404' title='bbox 2598 2778 2722 2844; x_wconf 82' lang='lat' dir='ltr'><strong>quia</strong></span> <span class='ocrx_word' id='word_1_405' title='bbox 2762 2776 3074 2830; x_wconf 81' lang='lat' dir='ltr'><strong>decrevistis</strong></span> <span class='ocrx_word' id='word_1_406' title='bbox 3119 2790 3187 2830; x_wconf 92' lang='lat' dir='ltr'><strong>ue</strong></span> <span class='ocrx_word' id='word_1_407' title='bbox 3223 2774 3464 2844; x_wconf 70' lang='lat' dir='ltr'><strong>episcopi</strong></span> 
     </span>
    </p>
   </div>
   <div class='ocr_carea' id='block_1_28' title="bbox 189 2856 3461 2937">
    <p class='ocr_par' dir='ltr' id='par_1_28' title="bbox 189 2856 3461 2937">
     <span class='ocr_line' id='line_1_28' title="bbox 189 2856 3461 2937; baseline 0.002 -24"><span class='ocrx_word' id='word_1_408' title='bbox 189 2856 278 2914; x_wconf 72' lang='lat' dir='ltr'><strong>lose</strong></span> <span class='ocrx_word' id='word_1_409' title='bbox 302 2869 379 2914; x_wconf 87' lang='lat' dir='ltr'><strong>est</strong></span> <span class='ocrx_word' id='word_1_410' title='bbox 403 2861 593 2917; x_wconf 86' lang='lat' dir='ltr'><strong>civitas</strong></span> <span class='ocrx_word' id='word_1_411' title='bbox 622 2862 714 2917; x_wconf 90' lang='lat' dir='ltr'><strong>vel</strong></span> <span class='ocrx_word' id='word_1_412' title='bbox 759 2861 909 2917; x_wconf 90' lang='lat' dir='ltr'><strong>locus</strong></span> <span class='ocrx_word' id='word_1_413' title='bbox 953 2861 1040 2932; x_wconf 90' lang='lat' dir='ltr'><strong>qui</strong></span> <span class='ocrx_word' id='word_1_414' title='bbox 1073 2871 1350 2918; x_wconf 89' lang='lat' dir='ltr'><strong>mereatur</strong></span> <span class='ocrx_word' id='word_1_415' title='bbox 1386 2865 1586 2920; x_wconf 87' lang='lat' dir='ltr'><strong>habere</strong></span> <span class='ocrx_word' id='word_1_416' title='bbox 1633 2868 1751 2937; x_wconf 91' lang='lat' dir='ltr'><strong>epi-</strong></span> <span class='ocrx_word' id='word_1_417' title='bbox 1856 2866 2174 2936; x_wconf 83' lang='lat' dir='ltr'><strong>improbitas</strong></span> <span class='ocrx_word' id='word_1_418' title='bbox 2202 2876 2420 2922; x_wconf 89' lang='lat' dir='ltr'><strong>notetur</strong></span> <span class='ocrx_word' id='word_1_419' title='bbox 2449 2868 2514 2921; x_wconf 87' lang='lat' dir='ltr'><strong>ad</strong></span> <span class='ocrx_word' id='word_1_420' title='bbox 2549 2869 2863 2922; x_wconf 86' lang='lat' dir='ltr'><strong>comitatum</strong></span> <span class='ocrx_word' id='word_1_421' title='bbox 2898 2868 3191 2937; x_wconf 83' lang='lat' dir='ltr'><strong>pergendo,</strong></span> <span class='ocrx_word' id='word_1_422' title='bbox 3229 2869 3461 2935; x_wconf 82' lang='lat' dir='ltr'><strong>quicun-</strong></span> 
     </span>
    </p>
   </div>
   <div class='ocr_carea' id='block_1_29' title="bbox 187 2954 3469 3028">
    <p class='ocr_par' dir='ltr' id='par_1_29' title="bbox 187 2954 3469 3028">
     <span class='ocr_line' id='line_1_29' title="bbox 187 2954 3469 3028; baseline 0.002 -20"><span class='ocrx_word' id='word_1_423' title='bbox 187 2966 389 3022; x_wconf 78' lang='lat' dir='ltr'><strong>scopum.</strong></span> <span class='ocrx_word' id='word_1_424' title='bbox 413 2954 669 3028; x_wconf 79' lang='lat' dir='ltr'><strong>Synodus</strong></span> <span class='ocrx_word' id='word_1_425' title='bbox 700 2954 1239 3025; x_wconf 77' lang='lat' dir='ltr'><strong>reSponditzPlacet.</strong></span> <span class='ocrx_word' id='word_1_426' title='bbox 1856 2971 1960 3024; x_wconf 90' lang='lat' dir='ltr'><strong>que</strong></span> <span class='ocrx_word' id='word_1_427' title='bbox 1999 2971 2130 3024; x_wconf 83' lang='lat' dir='ltr'><strong>ergo</strong></span> <span class='ocrx_word' id='word_1_428' title='bbox 2171 2957 2363 3025; x_wconf 84' lang='lat' dir='ltr'><strong>quales</strong></span> <span class='ocrx_word' id='word_1_429' title='bbox 2407 2957 2660 3027; x_wconf 85' lang='lat' dir='ltr'><strong>superius</strong></span> <span class='ocrx_word' id='word_1_430' title='bbox 2702 2959 3123 3013; x_wconf 82' lang='lat' dir='ltr'><strong>memoravimus</strong></span> <span class='ocrx_word' id='word_1_431' title='bbox 3154 2973 3342 3026; x_wconf 87' lang='lat' dir='ltr'><strong>preces</strong></span> <span class='ocrx_word' id='word_1_432' title='bbox 3372 2957 3469 3013; x_wconf 86' lang='lat' dir='ltr'><strong>ha-</strong></span> 
     </span>
    </p>
   </div>
   <div class='ocr_carea' id='block_1_30' title="bbox 531 3047 3464 3117">
    <p class='ocr_par' dir='ltr' id='par_1_30' title="bbox 531 3047 3464 3117">
     <span class='ocr_line' id='line_1_30' title="bbox 531 3047 3464 3117; baseline 0 -14"><span class='ocrx_word' id='word_1_433' title='bbox 531 3047 649 3104; x_wconf 79' lang='lat' dir='ltr'><strong>Vll.</strong></span> <span class='ocrx_word' id='word_1_434' title='bbox 697 3047 773 3102; x_wconf 86' lang='lat' dir='ltr'><strong>De</strong></span> <span class='ocrx_word' id='word_1_435' title='bbox 800 3048 1056 3116; x_wconf 77' lang='lat' dir='ltr'><strong>episcopis</strong></span> <span class='ocrx_word' id='word_1_436' title='bbox 1084 3049 1362 3103; x_wconf 81' lang='lat' dir='ltr'><strong>accusatis.</strong></span> <span class='ocrx_word' id='word_1_437' title='bbox 1718 3065 1721 3067; x_wconf 91' lang='grc'>·</span> <span class='ocrx_word' id='word_1_438' title='bbox 1856 3047 2072 3102; x_wconf 85' lang='lat' dir='ltr'><strong>bucrint</strong></span> <span class='ocrx_word' id='word_1_439' title='bbox 2101 3051 2184 3103; x_wconf 90' lang='lat' dir='ltr'><strong>vel</strong></span> <span class='ocrx_word' id='word_1_440' title='bbox 2213 3051 2550 3117; x_wconf 86' lang='lat' dir='ltr'><strong>acceperint,</strong></span> <span class='ocrx_word' id='word_1_441' title='bbox 2591 3067 2683 3116; x_wconf 88' lang='lat' dir='ltr'><strong>per</strong></span> <span class='ocrx_word' id='word_1_442' title='bbox 2711 3050 2998 3104; x_wconf 86' lang='lat' dir='ltr'><strong>diaconum</strong></span> <span class='ocrx_word' id='word_1_443' title='bbox 3030 3067 3185 3105; x_wconf 86' lang='lat' dir='ltr'><strong>suum</strong></span> <span class='ocrx_word' id='word_1_444' title='bbox 3221 3054 3464 3114; x_wconf 75' lang='lat' dir='ltr'><strong>mittant;</strong></span> 
     </span>
    </p>
   </div>
   <div class='ocr_carea' id='block_1_31' title="bbox 240 3139 3468 3213">
    <p class='ocr_par' dir='ltr' id='par_1_31' title="bbox 240 3139 3468 3213">
     <span class='ocr_line' id='line_1_31' title="bbox 240 3139 3468 3213; baseline 0.001 -19"><span class='ocrx_word' id='word_1_445' title='bbox 240 3141 378 3195; x_wconf 84' lang='lat' dir='ltr'><strong>Osius</strong></span> <span class='ocrx_word' id='word_1_446' title='bbox 403 3141 692 3210; x_wconf 86' lang='lat' dir='ltr'><strong>episcopus</strong></span> <span class='ocrx_word' id='word_1_447' title='bbox 711 3140 890 3196; x_wconf 77' lang='lat' dir='ltr'><strong>dixit:</strong></span> <span class='ocrx_word' id='word_1_448' title='bbox 924 3139 990 3193; x_wconf 85' lang='lat' dir='ltr'><strong>Et</strong></span> <span class='ocrx_word' id='word_1_449' title='bbox 1018 3140 1119 3194; x_wconf 93' lang='lat' dir='ltr'><strong>hoc</strong></span> <span class='ocrx_word' id='word_1_450' title='bbox 1145 3141 1346 3209; x_wconf 83' lang='lat' dir='ltr'><strong>placuit</strong></span> <span class='ocrx_word' id='word_1_451' title='bbox 1378 3149 1434 3194; x_wconf 89' lang='lat' dir='ltr'><strong>ut</strong></span> <span class='ocrx_word' id='word_1_452' title='bbox 1467 3143 1512 3196; x_wconf 90' lang='lat' dir='ltr'><strong>si</strong></span> <span class='ocrx_word' id='word_1_453' title='bbox 1540 3143 1752 3210; x_wconf 57' lang='lat' dir='ltr'><strong>episco-</strong></span> <span class='ocrx_word' id='word_1_454' title='bbox 1783 3192 1825 3213; x_wconf 58' lang='grc' dir='ltr'><strong><em>η</em></strong></span> <span class='ocrx_word' id='word_1_455' title='bbox 1858 3142 1983 3210; x_wconf 86' lang='lat' dir='ltr'><strong>quia</strong></span> <span class='ocrx_word' id='word_1_456' title='bbox 2018 3155 2246 3210; x_wconf 70' lang='lat' dir='ltr'><strong>persona</strong></span> <span class='ocrx_word' id='word_1_457' title='bbox 2278 3142 2513 3195; x_wconf 79' lang='lat' dir='ltr'><strong>ministri</strong></span> <span class='ocrx_word' id='word_1_458' title='bbox 2548 3157 2654 3195; x_wconf 88' lang='lat' dir='ltr'><strong>non</strong></span> <span class='ocrx_word' id='word_1_459' title='bbox 2687 3145 2790 3196; x_wconf 88' lang='lat' dir='ltr'><strong>erit</strong></span> <span class='ocrx_word' id='word_1_460' title='bbox 2817 3143 3082 3199; x_wconf 87' lang='lat' dir='ltr'><strong>invidiosa</strong></span> <span class='ocrx_word' id='word_1_461' title='bbox 3106 3184 3122 3209; x_wconf 89' lang='lat'><strong>,</strong></span> <span class='ocrx_word' id='word_1_462' title='bbox 3169 3159 3290 3213; x_wconf 74' lang='lat' dir='ltr'><strong>qua:</strong></span> <span class='ocrx_word' id='word_1_463' title='bbox 3322 3143 3468 3197; x_wconf 86' lang='lat' dir='ltr'><strong>cele-</strong></span> 
     </span>
    </p>
   </div>
   <div class='ocr_carea' id='block_1_32' title="bbox 187 3232 3471 3306">
    <p class='ocr_par' dir='ltr' id='par_1_32' title="bbox 187 3232 3471 3306">
     <span class='ocr_line' id='line_1_32' title="bbox 187 3232 3471 3306; baseline 0.001 -18"><span class='ocrx_word' id='word_1_464' title='bbox 187 3246 266 3304; x_wconf 85' lang='lat' dir='ltr'><strong>ptts</strong></span> <span class='ocrx_word' id='word_1_465' title='bbox 291 3245 559 3290; x_wconf 84' lang='lat' dir='ltr'><strong>accusatus</strong></span> <span class='ocrx_word' id='word_1_466' title='bbox 591 3234 781 3298; x_wconf 88' lang='lat' dir='ltr'><strong>fuerit,</strong></span> <span class='ocrx_word' id='word_1_467' title='bbox 807 3245 860 3288; x_wconf 91' lang='lat' dir='ltr'><strong>et</strong></span> <span class='ocrx_word' id='word_1_468' title='bbox 889 3234 1254 3303; x_wconf 71' lang='lat' dir='ltr'><strong>iudicaverint</strong></span> <span class='ocrx_word' id='word_1_469' title='bbox 1274 3236 1589 3306; x_wconf 72' lang='lat' dir='ltr'><strong>congregati</strong></span> <span class='ocrx_word' id='word_1_470' title='bbox 1638 3236 1752 3304; x_wconf 82' lang='lat' dir='ltr'><strong>epi-</strong></span> <span class='ocrx_word' id='word_1_471' title='bbox 1783 3232 1829 3254; x_wconf 72' lang='grc' dir='ltr'>υ</span> <span class='ocrx_word' id='word_1_472' title='bbox 1862 3232 1974 3288; x_wconf 88' lang='lat' dir='ltr'><strong>rius</strong></span> <span class='ocrx_word' id='word_1_473' title='bbox 2008 3235 2201 3300; x_wconf 86' lang='lat' dir='ltr'><strong>poterit</strong></span> <span class='ocrx_word' id='word_1_474' title='bbox 2231 3249 2352 3301; x_wconf 73' lang='lat' dir='ltr'><strong>qua:</strong></span> <span class='ocrx_word' id='word_1_475' title='bbox 2378 3236 2751 3302; x_wconf 78' lang='lat' dir='ltr'><strong>impetraverit</strong></span> <span class='ocrx_word' id='word_1_476' title='bbox 2775 3236 2983 3292; x_wconf 84' lang='lat' dir='ltr'><strong>referre</strong></span> <span class='ocrx_word' id='word_1_477' title='bbox 3019 3256 3029 3290; x_wconf 88' lang='lat'><strong>:</strong></span> <span class='ocrx_word' id='word_1_478' title='bbox 3063 3249 3115 3292; x_wconf 92' lang='lat' dir='ltr'><strong>ct</strong></span> <span class='ocrx_word' id='word_1_479' title='bbox 3146 3240 3246 3293; x_wconf 86' lang='lat' dir='ltr'><strong>hoc</strong></span> <span class='ocrx_word' id='word_1_480' title='bbox 3277 3253 3471 3292; x_wconf 87' lang='lat' dir='ltr'><strong>conse-</strong></span> 
     </span>
    </p>
   </div>
   <div class='ocr_carea' id='block_1_33' title="bbox 187 3323 3472 3399">
    <p class='ocr_par' dir='ltr' id='par_1_33' title="bbox 187 3323 3472 3399">
     <span class='ocr_line' id='line_1_33' title="bbox 187 3323 3472 3399; baseline 0 -17"><span class='ocrx_word' id='word_1_481' title='bbox 187 3327 304 3394; x_wconf 81' lang='lat' dir='ltr'><strong>tcttpi</strong></span> <span class='ocrx_word' id='word_1_482' title='bbox 332 3329 560 3397; x_wconf 77' lang='lat' dir='ltr'><strong>regionis</strong></span> <span class='ocrx_word' id='word_1_483' title='bbox 587 3323 783 3382; x_wconf 81' lang='lat' dir='ltr'><strong>illiusd</strong></span> <span class='ocrx_word' id='word_1_484' title='bbox 809 3335 862 3381; x_wconf 89' lang='lat' dir='ltr'><strong>et</strong></span> <span class='ocrx_word' id='word_1_485' title='bbox 887 3326 955 3380; x_wconf 84' lang='lat' dir='ltr'><strong>de</strong></span> <span class='ocrx_word' id='word_1_486' title='bbox 980 3329 1148 3396; x_wconf 83' lang='lat' dir='ltr'><strong>gradu</strong></span> <span class='ocrx_word' id='word_1_487' title='bbox 1169 3341 1268 3382; x_wconf 88' lang='lat' dir='ltr'><strong>suo</strong></span> <span class='ocrx_word' id='word_1_488' title='bbox 1291 3327 1750 3396; x_wconf 77' lang='lat' dir='ltr'><strong>dejecerinteum,</strong></span> <span class='ocrx_word' id='word_1_489' title='bbox 1861 3338 2033 3393; x_wconf 88' lang='lat' dir='ltr'><strong>quens</strong></span> <span class='ocrx_word' id='word_1_490' title='bbox 2076 3337 2197 3378; x_wconf 87' lang='lat' dir='ltr'><strong>esse</strong></span> <span class='ocrx_word' id='word_1_491' title='bbox 2233 3323 2474 3390; x_wconf 85' lang='lat' dir='ltr'><strong>videtur,</strong></span> <span class='ocrx_word' id='word_1_492' title='bbox 2528 3333 2585 3378; x_wconf 94' lang='lat' dir='ltr'><strong>ut</strong></span> <span class='ocrx_word' id='word_1_493' title='bbox 2623 3328 2991 3396; x_wconf 85' lang='lat' dir='ltr'><strong>unusquisque</strong></span> <span class='ocrx_word' id='word_1_494' title='bbox 3029 3329 3118 3397; x_wconf 70' lang='grc' dir='ltr'>(ιι-ἱ</span> <span class='ocrx_word' id='word_1_495' title='bbox 3151 3344 3341 3399; x_wconf 73' lang='lat' dir='ltr'><strong>pzt&#39;ces</strong></span> <span class='ocrx_word' id='word_1_496' title='bbox 3377 3330 3472 3383; x_wconf 88' lang='lat' dir='ltr'><strong>ha-</strong></span> 
     </span>
    </p>
   </div>
   <div class='ocr_carea' id='block_1_34' title="bbox 191 3413 3472 3490">
    <p class='ocr_par' dir='ltr' id='par_1_34' title="bbox 191 3413 3472 3490">
     <span class='ocr_line' id='line_1_34' title="bbox 191 3413 3472 3490; baseline 0.002 -20"><span class='ocrx_word' id='word_1_497' title='bbox 191 3417 228 3471; x_wconf 80' lang='lat' dir='ltr'><strong>si</strong></span> <span class='ocrx_word' id='word_1_498' title='bbox 251 3421 585 3487; x_wconf 83' lang='lat' dir='ltr'><strong>appellaverit</strong></span> <span class='ocrx_word' id='word_1_499' title='bbox 619 3420 710 3487; x_wconf 91' lang='lat' dir='ltr'><strong>qui</strong></span> <span class='ocrx_word' id='word_1_500' title='bbox 755 3417 1001 3488; x_wconf 83' lang='lat' dir='ltr'><strong>dejectus</strong></span> <span class='ocrx_word' id='word_1_501' title='bbox 1027 3419 1242 3473; x_wconf 79' lang='lat' dir='ltr'><strong>videtur</strong></span> <span class='ocrx_word' id='word_1_502' title='bbox 1269 3430 1321 3474; x_wconf 91' lang='lat' dir='ltr'><strong>et</strong></span> <span class='ocrx_word' id='word_1_503' title='bbox 1355 3422 1657 3490; x_wconf 79' lang='lat' dir='ltr'><strong>confugerit</strong></span> <span class='ocrx_word' id='word_1_504' title='bbox 1686 3423 1752 3474; x_wconf 89' lang='lat' dir='ltr'><strong>ad</strong></span> <span class='ocrx_word' id='word_1_505' title='bbox 1863 3415 2039 3468; x_wconf 82' lang='lat' dir='ltr'><strong>buet&#39;il</strong></span> <span class='ocrx_word' id='word_1_506' title='bbox 2078 3429 2172 3469; x_wconf 68' lang='lat' dir='ltr'><strong>cus</strong></span> <span class='ocrx_word' id='word_1_507' title='bbox 2212 3415 2278 3467; x_wconf 81' lang='lat' dir='ltr'><strong>ad</strong></span> <span class='ocrx_word' id='word_1_508' title='bbox 2313 3413 2510 3469; x_wconf 75' lang='lat' dir='ltr'><strong>fratres</strong></span> <span class='ocrx_word' id='word_1_509' title='bbox 2541 3425 2596 3470; x_wconf 87' lang='lat' dir='ltr'><strong>et</strong></span> <span class='ocrx_word' id='word_1_510' title='bbox 2625 3419 2984 3489; x_wconf 84' lang='lat' dir='ltr'><strong>coepiscopos</strong></span> <span class='ocrx_word' id='word_1_511' title='bbox 3023 3436 3257 3485; x_wconf 76' lang='lat' dir='ltr'><strong>nos&#39;ros,</strong></span> <span class='ocrx_word' id='word_1_512' title='bbox 3293 3422 3383 3490; x_wconf 77' lang='lat' dir='ltr'><strong>qui</strong></span> <span class='ocrx_word' id='word_1_513' title='bbox 3417 3423 3472 3478; x_wconf 88' lang='lat' dir='ltr'><strong>itt</strong></span> 
     </span>
    </p>
   </div>
   <div class='ocr_carea' id='block_1_35' title="bbox 190 3508 3466 3584">
    <p class='ocr_par' dir='ltr' id='par_1_35' title="bbox 190 3508 3466 3584">
     <span class='ocr_line' id='line_1_35' title="bbox 190 3508 3466 3584; baseline 0.002 -22"><span class='ocrx_word' id='word_1_514' title='bbox 190 3511 520 3568; x_wconf 79' lang='lat' dir='ltr'><strong>beatissimum</strong></span> <span class='ocrx_word' id='word_1_515' title='bbox 551 3514 812 3568; x_wconf 72' lang='lat' dir='ltr'><strong>Ecclesia:</strong></span> <span class='ocrx_word' id='word_1_516' title='bbox 840 3514 1096 3568; x_wconf 76' lang='lat' dir='ltr'><strong>ltoiitano:</strong></span> <span class='ocrx_word' id='word_1_517' title='bbox 1121 3514 1461 3584; x_wconf 73' lang='lat' dir='ltr'><strong>episcopum,</strong></span> <span class='ocrx_word' id='word_1_518' title='bbox 1488 3515 1755 3570; x_wconf 81' lang='lat' dir='ltr'><strong>etvoluc-</strong></span> <span class='ocrx_word' id='word_1_519' title='bbox 1861 3508 2092 3562; x_wconf 82' lang='lat' dir='ltr'><strong>maxima</strong></span> <span class='ocrx_word' id='word_1_520' title='bbox 2117 3508 2351 3574; x_wconf 88' lang='lat' dir='ltr'><strong>civitate,</strong></span> <span class='ocrx_word' id='word_1_521' title='bbox 2397 3510 2444 3562; x_wconf 89' lang='lat' dir='ltr'><strong>id</strong></span> <span class='ocrx_word' id='word_1_522' title='bbox 2495 3519 2578 3562; x_wconf 85' lang='lat' dir='ltr'><strong>est</strong></span> <span class='ocrx_word' id='word_1_523' title='bbox 2621 3513 2712 3579; x_wconf 88' lang='lat' dir='ltr'><strong>qui</strong></span> <span class='ocrx_word' id='word_1_524' title='bbox 2763 3513 3073 3580; x_wconf 86' lang='lat' dir='ltr'><strong>metropoli,</strong></span> <span class='ocrx_word' id='word_1_525' title='bbox 3123 3514 3466 3581; x_wconf 67' lang='lat' dir='ltr'><strong>conistuut,</strong></span> 
     </span>
    </p>
   </div>
   <div class='ocr_carea' id='block_1_36' title="bbox 187 3602 3471 3677">
    <p class='ocr_par' dir='ltr' id='par_1_36' title="bbox 187 3602 3471 3677">
     <span class='ocr_line' id='line_1_36' title="bbox 187 3602 3471 3677; baseline 0.002 -20"><span class='ocrx_word' id='word_1_526' title='bbox 187 3604 240 3658; x_wconf 87' lang='lat' dir='ltr'><strong>rit</strong></span> <span class='ocrx_word' id='word_1_527' title='bbox 256 3606 408 3661; x_wconf 85' lang='lat' dir='ltr'><strong>audiri</strong></span> <span class='ocrx_word' id='word_1_528' title='bbox 429 3648 446 3676; x_wconf 93' lang='lat'><strong>,</strong></span> <span class='ocrx_word' id='word_1_529' title='bbox 477 3608 526 3662; x_wconf 88' lang='lat' dir='ltr'><strong>si</strong></span> <span class='ocrx_word' id='word_1_530' title='bbox 561 3606 769 3677; x_wconf 88' lang='lat' dir='ltr'><strong>justum</strong></span> <span class='ocrx_word' id='word_1_531' title='bbox 799 3606 1068 3674; x_wconf 87' lang='lat' dir='ltr'><strong>putaverit</strong></span> <span class='ocrx_word' id='word_1_532' title='bbox 1093 3619 1148 3661; x_wconf 92' lang='lat' dir='ltr'><strong>ut</strong></span> <span class='ocrx_word' id='word_1_533' title='bbox 1176 3615 1473 3663; x_wconf 89' lang='lat' dir='ltr'><strong>renovetur</strong></span> <span class='ocrx_word' id='word_1_534' title='bbox 1504 3625 1750 3674; x_wconf 83' lang='lat' dir='ltr'><strong>examen,</strong></span> <span class='ocrx_word' id='word_1_535' title='bbox 1862 3603 2042 3656; x_wconf 87' lang='lat' dir='ltr'><strong>ntl&#39;ttat</strong></span> <span class='ocrx_word' id='word_1_536' title='bbox 2071 3612 2128 3655; x_wconf 92' lang='lat' dir='ltr'><strong>et</strong></span> <span class='ocrx_word' id='word_1_537' title='bbox 2167 3602 2244 3656; x_wconf 92' lang='lat' dir='ltr'><strong>illi</strong></span> <span class='ocrx_word' id='word_1_538' title='bbox 2291 3619 2386 3673; x_wconf 92' lang='lat' dir='ltr'><strong>per</strong></span> <span class='ocrx_word' id='word_1_539' title='bbox 2420 3621 2548 3657; x_wconf 77' lang='lat' dir='ltr'><strong>suos</strong></span> <span class='ocrx_word' id='word_1_540' title='bbox 2580 3606 2839 3661; x_wconf 89' lang='lat' dir='ltr'><strong>diaconos</strong></span> <span class='ocrx_word' id='word_1_541' title='bbox 2870 3607 3142 3671; x_wconf 85' lang='lat' dir='ltr'><strong>destinet,</strong></span> <span class='ocrx_word' id='word_1_542' title='bbox 3186 3611 3340 3662; x_wconf 72' lang='lat' dir='ltr'><strong>tribu.</strong></span> <span class='ocrx_word' id='word_1_543' title='bbox 3366 3612 3471 3664; x_wconf 81' lang='lat' dir='ltr'><strong>udo</strong></span> 
     </span>
    </p>
   </div>
   <div class='ocr_carea' id='block_1_37' title="bbox 187 3697 3472 3771">
    <p class='ocr_par' dir='ltr' id='par_1_37' title="bbox 187 3697 3472 3771">
     <span class='ocr_line' id='line_1_37' title="bbox 187 3697 3472 3771; baseline 0.002 -21"><span class='ocrx_word' id='word_1_544' title='bbox 187 3699 390 3755; x_wconf 72' lang='lat' dir='ltr'><strong>scribere</strong></span> <span class='ocrx_word' id='word_1_545' title='bbox 437 3701 718 3770; x_wconf 87' lang='lat' dir='ltr'><strong>episcopis</strong></span> <span class='ocrx_word' id='word_1_546' title='bbox 748 3699 999 3768; x_wconf 85' lang='lat' dir='ltr'><strong>dignetur</strong></span> <span class='ocrx_word' id='word_1_547' title='bbox 1032 3697 1310 3756; x_wconf 68' lang='lat' dir='ltr'><strong>Rzmanus</strong></span> <span class='ocrx_word' id='word_1_548' title='bbox 1354 3701 1641 3771; x_wconf 84' lang='lat' dir='ltr'><strong>episeopus</strong></span> <span class='ocrx_word' id='word_1_549' title='bbox 1674 3703 1755 3758; x_wconf 90' lang='lat' dir='ltr'><strong>his</strong></span> <span class='ocrx_word' id='word_1_550' title='bbox 1861 3701 2332 3755; x_wconf 73' lang='lat' dir='ltr'><strong>comtneudatitias</strong></span> <span class='ocrx_word' id='word_1_551' title='bbox 2367 3699 2625 3766; x_wconf 64' lang='lat' dir='ltr'><strong>epistolas</strong></span> <span class='ocrx_word' id='word_1_552' title='bbox 2671 3701 2787 3770; x_wconf 82' lang='lat' dir='ltr'><strong>pari</strong></span> <span class='ocrx_word' id='word_1_553' title='bbox 2835 3703 3045 3758; x_wconf 86' lang='lat' dir='ltr'><strong>ratione</strong></span> <span class='ocrx_word' id='word_1_554' title='bbox 3087 3704 3153 3758; x_wconf 70' lang='lat' dir='ltr'><strong>at</strong></span> <span class='ocrx_word' id='word_1_555' title='bbox 3191 3704 3382 3758; x_wconf 74' lang='lat' dir='ltr'><strong>fratres</strong></span> <span class='ocrx_word' id='word_1_556' title='bbox 3415 3717 3472 3759; x_wconf 90' lang='lat' dir='ltr'><strong>et</strong></span> 
     </span>
    </p>
   </div>
   <div class='ocr_carea' id='block_1_38' title="bbox 186 3791 3464 3869">
    <p class='ocr_par' dir='ltr' id='par_1_38' title="bbox 186 3791 3464 3869">
     <span class='ocr_line' id='line_1_38' title="bbox 186 3791 3464 3869; baseline 0.003 -26"><span class='ocrx_word' id='word_1_557' title='bbox 186 3791 257 3853; x_wconf 80' lang='lat' dir='ltr'><strong>qui</strong></span> <span class='ocrx_word' id='word_1_558' title='bbox 291 3794 336 3843; x_wconf 89' lang='lat' dir='ltr'><strong>in</strong></span> <span class='ocrx_word' id='word_1_559' title='bbox 365 3792 592 3847; x_wconf 85' lang='lat' dir='ltr'><strong>finitima</strong></span> <span class='ocrx_word' id='word_1_560' title='bbox 637 3801 694 3846; x_wconf 91' lang='lat' dir='ltr'><strong>et</strong></span> <span class='ocrx_word' id='word_1_561' title='bbox 738 3792 1035 3860; x_wconf 83' lang='lat' dir='ltr'><strong>propinqua</strong></span> <span class='ocrx_word' id='word_1_562' title='bbox 1064 3791 1231 3845; x_wconf 85' lang='lat' dir='ltr'><strong>altera</strong></span> <span class='ocrx_word' id='word_1_563' title='bbox 1284 3793 1556 3860; x_wconf 82' lang='lat' dir='ltr'><strong>provincia</strong></span> <span class='ocrx_word' id='word_1_564' title='bbox 1596 3803 1752 3859; x_wconf 89' lang='lat' dir='ltr'><strong>sunt,</strong></span> <span class='ocrx_word' id='word_1_565' title='bbox 1859 3794 2222 3863; x_wconf 82' lang='lat' dir='ltr'><strong>coepiscopos</strong></span> <span class='ocrx_word' id='word_1_566' title='bbox 2254 3803 2493 3856; x_wconf 77' lang='lat' dir='ltr'><strong>nostros,</strong></span> <span class='ocrx_word' id='word_1_567' title='bbox 2526 3796 2614 3862; x_wconf 88' lang='lat' dir='ltr'><strong>qui</strong></span> <span class='ocrx_word' id='word_1_568' title='bbox 2638 3794 2690 3848; x_wconf 93' lang='lat' dir='ltr'><strong>iu</strong></span> <span class='ocrx_word' id='word_1_569' title='bbox 2716 3795 2810 3850; x_wconf 92' lang='lat' dir='ltr'><strong>illo</strong></span> <span class='ocrx_word' id='word_1_570' title='bbox 2840 3804 3085 3864; x_wconf 85' lang='lat' dir='ltr'><strong>tempore</strong></span> <span class='ocrx_word' id='word_1_571' title='bbox 3115 3798 3166 3850; x_wconf 93' lang='lat' dir='ltr'><strong>in</strong></span> <span class='ocrx_word' id='word_1_572' title='bbox 3193 3798 3272 3850; x_wconf 88' lang='lat' dir='ltr'><strong>bis</strong></span> <span class='ocrx_word' id='word_1_573' title='bbox 3297 3801 3464 3869; x_wconf 76' lang='lat' dir='ltr'><strong>regio-</strong></span> 
     </span>
    </p>
   </div>
   <div class='ocr_carea' id='block_1_39' title="bbox 186 3883 3472 3959">
    <p class='ocr_par' dir='ltr' id='par_1_39' title="bbox 186 3883 3472 3959">
     <span class='ocr_line' id='line_1_39' title="bbox 186 3883 3472 3959; baseline 0.001 -18"><span class='ocrx_word' id='word_1_574' title='bbox 186 3893 229 3941; x_wconf 86' lang='lat' dir='ltr'><strong>et</strong></span> <span class='ocrx_word' id='word_1_575' title='bbox 251 3894 269 3919; x_wconf 74' lang='grc' dir='ltr'><strong>ε</strong></span> <span class='ocrx_word' id='word_1_576' title='bbox 293 3885 384 3955; x_wconf 61' lang='lat' dir='ltr'><strong>ipsi</strong></span> <span class='ocrx_word' id='word_1_577' title='bbox 432 3885 727 3956; x_wconf 70' lang='lat' dir='ltr'><strong>diligenter</strong></span> <span class='ocrx_word' id='word_1_578' title='bbox 763 3883 944 3940; x_wconf 84' lang='lat' dir='ltr'><strong>omnia</strong></span> <span class='ocrx_word' id='word_1_579' title='bbox 989 3885 1268 3952; x_wconf 75' lang='lat' dir='ltr'><strong>requirant</strong></span> <span class='ocrx_word' id='word_1_580' title='bbox 1308 3891 1364 3940; x_wconf 89' lang='lat' dir='ltr'><strong>et</strong></span> <span class='ocrx_word' id='word_1_581' title='bbox 1400 3883 1552 3956; x_wconf 71' lang='lat' dir='ltr'><strong>juxta</strong></span> <span class='ocrx_word' id='word_1_582' title='bbox 1597 3886 1755 3942; x_wconf 51' lang='lat' dir='ltr'><strong>ﬁdum</strong></span> <span class='ocrx_word' id='word_1_583' title='bbox 1863 3883 2023 3940; x_wconf 85' lang='lat' dir='ltr'><strong>uibus</strong></span> <span class='ocrx_word' id='word_1_584' title='bbox 2045 3893 2102 3940; x_wconf 87' lang='lat' dir='ltr'><strong>et</strong></span> <span class='ocrx_word' id='word_1_585' title='bbox 2133 3885 2357 3941; x_wconf 67' lang='lat' dir='ltr'><strong>urbibus</strong></span> <span class='ocrx_word' id='word_1_586' title='bbox 2392 3896 2704 3954; x_wconf 70' lang='lat' dir='ltr'><strong>morantur,</strong></span> <span class='ocrx_word' id='word_1_587' title='bbox 2739 3887 3015 3959; x_wconf 87' lang='lat' dir='ltr'><strong>inquibus</strong></span> <span class='ocrx_word' id='word_1_588' title='bbox 3043 3888 3170 3944; x_wconf 74' lang='lat' dir='ltr'><strong>felix</strong></span> <span class='ocrx_word' id='word_1_589' title='bbox 3203 3899 3256 3944; x_wconf 89' lang='lat' dir='ltr'><strong>et</strong></span> <span class='ocrx_word' id='word_1_590' title='bbox 3284 3892 3472 3951; x_wconf 75' lang='lat' dir='ltr'><strong>beatus</strong></span> 
     </span>
    </p>
   </div>
   <div class='ocr_carea' id='block_1_40' title="bbox 186 3979 3472 4055">
    <p class='ocr_par' dir='ltr' id='par_1_40' title="bbox 186 3979 3472 4055">
     <span class='ocr_line' id='line_1_40' title="bbox 186 3979 3472 4055; baseline 0.003 -22"><span class='ocrx_word' id='word_1_591' title='bbox 186 3980 393 4034; x_wconf 80' lang='lat' dir='ltr'><strong>veritatis</strong></span> <span class='ocrx_word' id='word_1_592' title='bbox 436 3979 727 4036; x_wconf 83' lang='lat' dir='ltr'><strong>deliniant.</strong></span> <span class='ocrx_word' id='word_1_593' title='bbox 784 3979 940 4046; x_wconf 87' lang='lat' dir='ltr'><strong>Quod</strong></span> <span class='ocrx_word' id='word_1_594' title='bbox 986 3981 1031 4034; x_wconf 88' lang='lat' dir='ltr'><strong>si</strong></span> <span class='ocrx_word' id='word_1_595' title='bbox 1084 3980 1164 4046; x_wconf 86' lang='lat' dir='ltr'><strong>is,</strong></span> <span class='ocrx_word' id='word_1_596' title='bbox 1208 3979 1301 4048; x_wconf 90' lang='lat' dir='ltr'><strong>qui</strong></span> <span class='ocrx_word' id='word_1_597' title='bbox 1332 3989 1488 4052; x_wconf 75' lang='lat' dir='ltr'><strong>rogat</strong></span> <span class='ocrx_word' id='word_1_598' title='bbox 1537 3997 1756 4037; x_wconf 83' lang='lat' dir='ltr'><strong>causam</strong></span> <span class='ocrx_word' id='word_1_599' title='bbox 1861 3981 2140 4049; x_wconf 79' lang='lat' dir='ltr'><strong>Augustus</strong></span> <span class='ocrx_word' id='word_1_600' title='bbox 2176 3981 2565 4048; x_wconf 88' lang='lat' dir='ltr'><strong>rempublicam</strong></span> <span class='ocrx_word' id='word_1_601' title='bbox 2591 3981 2878 4048; x_wconf 78' lang='lat' dir='ltr'><strong>gubernat.</strong></span> <span class='ocrx_word' id='word_1_602' title='bbox 2911 3983 2966 4039; x_wconf 88' lang='lat' dir='ltr'><strong>Si</strong></span> <span class='ocrx_word' id='word_1_603' title='bbox 2995 3999 3124 4038; x_wconf 86' lang='lat' dir='ltr'><strong>vero</strong></span> <span class='ocrx_word' id='word_1_604' title='bbox 3158 3985 3318 4041; x_wconf 83' lang='lat' dir='ltr'><strong>habet</strong></span> <span class='ocrx_word' id='word_1_605' title='bbox 3349 3986 3472 4055; x_wconf 87' lang='lat' dir='ltr'><strong>quis</strong></span> 
     </span>
    </p>
   </div>
   <div class='ocr_carea' id='block_1_41' title="bbox 184 4071 3472 4150">
    <p class='ocr_par' dir='ltr' id='par_1_41' title="bbox 184 4071 3472 4150">
     <span class='ocr_line' id='line_1_41' title="bbox 184 4071 3472 4150; baseline 0.003 -25"><span class='ocrx_word' id='word_1_606' title='bbox 184 4087 310 4127; x_wconf 82' lang='lat' dir='ltr'><strong>suam</strong></span> <span class='ocrx_word' id='word_1_607' title='bbox 363 4074 558 4129; x_wconf 87' lang='lat' dir='ltr'><strong>iterum</strong></span> <span class='ocrx_word' id='word_1_608' title='bbox 590 4071 606 4110; x_wconf 74' lang='grc' dir='ltr'><em>τ</em></span> <span class='ocrx_word' id='word_1_609' title='bbox 661 4073 879 4140; x_wconf 87' lang='lat' dir='ltr'><strong>audiri,</strong></span> <span class='ocrx_word' id='word_1_610' title='bbox 941 4072 1328 4142; x_wconf 89' lang='lat' dir='ltr'><strong>deprecatione</strong></span> <span class='ocrx_word' id='word_1_611' title='bbox 1375 4089 1469 4128; x_wconf 91' lang='lat' dir='ltr'><strong>sua</strong></span> <span class='ocrx_word' id='word_1_612' title='bbox 1530 4077 1758 4130; x_wconf 86' lang='lat' dir='ltr'><strong>moverit</strong></span> <span class='ocrx_word' id='word_1_613' title='bbox 1861 4074 2236 4144; x_wconf 87' lang='lat' dir='ltr'><strong>episc0porum</strong></span> <span class='ocrx_word' id='word_1_614' title='bbox 2270 4075 2374 4145; x_wconf 83' lang='lat'><strong>37</strong></span> <span class='ocrx_word' id='word_1_615' title='bbox 2408 4080 2611 4129; x_wconf 88' lang='lat' dir='ltr'><strong>amicos</strong></span> <span class='ocrx_word' id='word_1_616' title='bbox 2642 4075 2695 4131; x_wconf 92' lang='lat' dir='ltr'><strong>in</strong></span> <span class='ocrx_word' id='word_1_617' title='bbox 2727 4077 2923 4145; x_wconf 89' lang='lat' dir='ltr'><strong>palatio</strong></span> <span class='ocrx_word' id='word_1_618' title='bbox 2949 4076 3038 4147; x_wconf 90' lang='lat' dir='ltr'><strong>qui</strong></span> <span class='ocrx_word' id='word_1_619' title='bbox 3063 4078 3213 4147; x_wconf 91' lang='lat' dir='ltr'><strong>cupit</strong></span> <span class='ocrx_word' id='word_1_620' title='bbox 3267 4080 3472 4150; x_wconf 80' lang='lat' dir='ltr'><strong>aliquid</strong></span> 
     </span>
    </p>
   </div>
   <div class='ocr_carea' id='block_1_42' title="bbox 185 4165 3472 4242">
    <p class='ocr_par' dir='ltr' id='par_1_42' title="bbox 185 4165 3472 4242">
     <span class='ocr_line' id='line_1_42' title="bbox 185 4165 3472 4242; baseline 0.004 -25"><span class='ocrx_word' id='word_1_621' title='bbox 185 4165 462 4234; x_wconf 84' lang='lat' dir='ltr'><strong>episcopum</strong></span> <span class='ocrx_word' id='word_1_622' title='bbox 497 4165 805 4220; x_wconf 74' lang='lat' dir='ltr'><strong>Romanum</strong></span> <span class='ocrx_word' id='word_1_623' title='bbox 841 4174 897 4218; x_wconf 93' lang='lat' dir='ltr'><strong>ut</strong></span> <span class='ocrx_word' id='word_1_624' title='bbox 939 4179 970 4218; x_wconf 89' lang='lat' dir='ltr'><strong>e</strong></span> <span class='ocrx_word' id='word_1_625' title='bbox 1010 4165 1176 4219; x_wconf 82' lang='lat' dir='ltr'><strong>latere</strong></span> <span class='ocrx_word' id='word_1_626' title='bbox 1205 4179 1305 4219; x_wconf 90' lang='lat' dir='ltr'><strong>suo</strong></span> <span class='ocrx_word' id='word_1_627' title='bbox 1355 4165 1703 4236; x_wconf 86' lang='lat' dir='ltr'><strong>presbyteros</strong></span> <span class='ocrx_word' id='word_1_628' title='bbox 1730 4177 1754 4215; x_wconf 81' lang='lat' dir='ltr'><strong>tt</strong></span> <span class='ocrx_word' id='word_1_629' title='bbox 1862 4166 2002 4235; x_wconf 91' lang='lat' dir='ltr'><strong>quod</strong></span> <span class='ocrx_word' id='word_1_630' title='bbox 2037 4176 2216 4222; x_wconf 89' lang='lat' dir='ltr'><strong>tamen</strong></span> <span class='ocrx_word' id='word_1_631' title='bbox 2252 4168 2536 4224; x_wconf 89' lang='lat' dir='ltr'><strong>honestum</strong></span> <span class='ocrx_word' id='word_1_632' title='bbox 2571 4183 2650 4224; x_wconf 73' lang='grc' dir='ltr'><strong>ρει</strong></span> <span class='ocrx_word' id='word_1_633' title='bbox 2684 4171 3004 4242; x_wconf 87' lang='lat' dir='ltr'><strong>impetrare,</strong></span> <span class='ocrx_word' id='word_1_634' title='bbox 3038 4188 3146 4227; x_wconf 90' lang='lat' dir='ltr'><strong>non</strong></span> <span class='ocrx_word' id='word_1_635' title='bbox 3178 4174 3472 4242; x_wconf 84' lang='lat' dir='ltr'><strong>prohibea-</strong></span> 
     </span>
    </p>
   </div>
   <div class='ocr_carea' id='block_1_43' title="bbox 185 4257 3470 4338">
    <p class='ocr_par' dir='ltr' id='par_1_43' title="bbox 185 4257 3470 4338">
     <span class='ocr_line' id='line_1_43' title="bbox 185 4257 3470 4338; baseline 0.005 -29"><span class='ocrx_word' id='word_1_636' title='bbox 185 4257 352 4322; x_wconf 80' lang='lat' dir='ltr'><strong>tnittat,</strong></span> <span class='ocrx_word' id='word_1_637' title='bbox 401 4259 506 4314; x_wconf 87' lang='lat' dir='ltr'><strong>erit</strong></span> <span class='ocrx_word' id='word_1_638' title='bbox 557 4260 607 4310; x_wconf 89' lang='lat' dir='ltr'><strong>in</strong></span> <span class='ocrx_word' id='word_1_639' title='bbox 651 4265 919 4325; x_wconf 89' lang='lat' dir='ltr'><strong>potestate</strong></span> <span class='ocrx_word' id='word_1_640' title='bbox 973 4258 1144 4328; x_wconf 91' lang='lat' dir='ltr'><strong>ipsius</strong></span> <span class='ocrx_word' id='word_1_641' title='bbox 1189 4257 1319 4325; x_wconf 90' lang='lat' dir='ltr'><strong>quid</strong></span> <span class='ocrx_word' id='word_1_642' title='bbox 1351 4259 1484 4312; x_wconf 87' lang='lat' dir='ltr'><strong>velit</strong></span> <span class='ocrx_word' id='word_1_643' title='bbox 1526 4268 1582 4314; x_wconf 89' lang='lat' dir='ltr'><strong>et</strong></span> <span class='ocrx_word' id='word_1_644' title='bbox 1628 4260 1757 4329; x_wconf 90' lang='lat' dir='ltr'><strong>quid</strong></span> <span class='ocrx_word' id='word_1_645' title='bbox 1865 4271 1950 4317; x_wconf 90' lang='lat' dir='ltr'><strong>tur</strong></span> <span class='ocrx_word' id='word_1_646' title='bbox 1981 4278 2078 4332; x_wconf 88' lang='lat' dir='ltr'><strong>per</strong></span> <span class='ocrx_word' id='word_1_647' title='bbox 2129 4264 2414 4319; x_wconf 84' lang='lat' dir='ltr'><strong>diaconetn</strong></span> <span class='ocrx_word' id='word_1_648' title='bbox 2465 4280 2621 4320; x_wconf 89' lang='lat' dir='ltr'><strong>suum</strong></span> <span class='ocrx_word' id='word_1_649' title='bbox 2674 4281 2866 4336; x_wconf 86' lang='lat' dir='ltr'><strong>rogare</strong></span> <span class='ocrx_word' id='word_1_650' title='bbox 2913 4277 2970 4323; x_wconf 92' lang='lat' dir='ltr'><strong>et</strong></span> <span class='ocrx_word' id='word_1_651' title='bbox 3007 4268 3314 4338; x_wconf 81' lang='lat' dir='ltr'><strong>significare</strong></span> <span class='ocrx_word' id='word_1_652' title='bbox 3353 4270 3470 4336; x_wconf 90' lang='lat' dir='ltr'><strong>eis,</strong></span> 
     </span>
    </p>
   </div>
   <div class='ocr_carea' id='block_1_44' title="bbox 185 4351 3474 4434">
    <p class='ocr_par' dir='ltr' id='par_1_44' title="bbox 185 4351 3474 4434">
     <span class='ocr_line' id='line_1_44' title="bbox 185 4351 3474 4434; baseline 0.005 -30"><span class='ocrx_word' id='word_1_653' title='bbox 185 4351 386 4405; x_wconf 63' lang='lat' dir='ltr'><strong>satiaret</strong></span> <span class='ocrx_word' id='word_1_654' title='bbox 415 4370 428 4405; x_wconf 92' lang='lat'><strong>:</strong></span> <span class='ocrx_word' id='word_1_655' title='bbox 460 4361 516 4405; x_wconf 89' lang='lat' dir='ltr'><strong>et</strong></span> <span class='ocrx_word' id='word_1_656' title='bbox 562 4351 605 4405; x_wconf 91' lang='lat' dir='ltr'><strong>si</strong></span> <span class='ocrx_word' id='word_1_657' title='bbox 636 4351 942 4406; x_wconf 85' lang='lat' dir='ltr'><strong>decreverit</strong></span> <span class='ocrx_word' id='word_1_658' title='bbox 988 4351 1284 4407; x_wconf 86' lang='lat' dir='ltr'><strong>mittendos</strong></span> <span class='ocrx_word' id='word_1_659' title='bbox 1312 4366 1435 4408; x_wconf 89' lang='lat' dir='ltr'><strong>esse</strong></span> <span class='ocrx_word' id='word_1_660' title='bbox 1475 4351 1570 4422; x_wconf 85' lang='lat' dir='ltr'><strong>qui</strong></span> <span class='ocrx_word' id='word_1_661' title='bbox 1621 4368 1760 4421; x_wconf 67' lang='lat' dir='ltr'><strong>praa-</strong></span> <span class='ocrx_word' id='word_1_662' title='bbox 1862 4373 1997 4427; x_wconf 91' lang='lat' dir='ltr'><strong>quos</strong></span> <span class='ocrx_word' id='word_1_663' title='bbox 2046 4357 2150 4412; x_wconf 89' lang='lat' dir='ltr'><strong>scit</strong></span> <span class='ocrx_word' id='word_1_664' title='bbox 2194 4359 2426 4430; x_wconf 85' lang='lat' dir='ltr'><strong>benigne</strong></span> <span class='ocrx_word' id='word_1_665' title='bbox 2454 4357 2468 4395; x_wconf 77' lang='grc' dir='ltr'><strong>ί</strong></span> <span class='ocrx_word' id='word_1_666' title='bbox 2500 4359 2896 4416; x_wconf 87' lang='lat' dir='ltr'><strong>intercessione</strong></span> <span class='ocrx_word' id='word_1_667' title='bbox 2945 4363 3048 4417; x_wconf 88' lang='lat' dir='ltr'><strong>sibi</strong></span> <span class='ocrx_word' id='word_1_668' title='bbox 3092 4362 3301 4420; x_wconf 87' lang='lat' dir='ltr'><strong>absenti</strong></span> <span class='ocrx_word' id='word_1_669' title='bbox 3335 4378 3474 4434; x_wconf 67' lang='lat' dir='ltr'><strong>prte-</strong></span> 
     </span>
    </p>
   </div>
   <div class='ocr_carea' id='block_1_45' title="bbox 185 4443 3476 4523">
    <p class='ocr_par' dir='ltr' id='par_1_45' title="bbox 185 4443 3476 4523">
     <span class='ocr_line' id='line_1_45' title="bbox 185 4443 3476 4523; baseline 0.005 -26"><span class='ocrx_word' id='word_1_670' title='bbox 185 4451 338 4498; x_wconf 80' lang='lat' dir='ltr'><strong>tcntes</strong></span> <span class='ocrx_word' id='word_1_671' title='bbox 365 4459 484 4498; x_wconf 86' lang='lat' dir='ltr'><strong>cum</strong></span> <span class='ocrx_word' id='word_1_672' title='bbox 517 4444 792 4515; x_wconf 90' lang='lat' dir='ltr'><strong>episcopis</strong></span> <span class='ocrx_word' id='word_1_673' title='bbox 812 4443 1058 4512; x_wconf 87' lang='lat' dir='ltr'><strong>judicent</strong></span> <span class='ocrx_word' id='word_1_674' title='bbox 1098 4453 1159 4498; x_wconf 94' lang='lat' dir='ltr'><strong>ut</strong></span> <span class='ocrx_word' id='word_1_675' title='bbox 1189 4445 1352 4499; x_wconf 89' lang='lat' dir='ltr'><strong>etiam</strong></span> <span class='ocrx_word' id='word_1_676' title='bbox 1385 4445 1621 4500; x_wconf 89' lang='lat' dir='ltr'><strong>habeant</strong></span> <span class='ocrx_word' id='word_1_677' title='bbox 1665 4462 1759 4502; x_wconf 88' lang='lat' dir='ltr'><strong>au-</strong></span> <span class='ocrx_word' id='word_1_678' title='bbox 1862 4464 2005 4508; x_wconf 86' lang='lat' dir='ltr'><strong>stare</strong></span> <span class='ocrx_word' id='word_1_679' title='bbox 2043 4468 2200 4522; x_wconf 89' lang='lat' dir='ltr'><strong>posse</strong></span> <span class='ocrx_word' id='word_1_680' title='bbox 2227 4457 2270 4507; x_wconf 85' lang='lat' dir='ltr'><strong>i.</strong></span> <span class='ocrx_word' id='word_1_681' title='bbox 2305 4453 2407 4522; x_wconf 87' lang='lat' dir='ltr'><strong>Qui</strong></span> <span class='ocrx_word' id='word_1_682' title='bbox 2452 4470 2582 4509; x_wconf 86' lang='lat' dir='ltr'><strong>vero</strong></span> <span class='ocrx_word' id='word_1_683' title='bbox 2631 4454 2859 4509; x_wconf 84' lang='lat' dir='ltr'><strong>Romam</strong></span> <span class='ocrx_word' id='word_1_684' title='bbox 2892 4457 3132 4523; x_wconf 91' lang='lat' dir='ltr'><strong>venerit,</strong></span> <span class='ocrx_word' id='word_1_685' title='bbox 3187 4459 3346 4513; x_wconf 88' lang='lat' dir='ltr'><strong>sicuti</strong></span> <span class='ocrx_word' id='word_1_686' title='bbox 3392 4458 3476 4514; x_wconf 89' lang='lat' dir='ltr'><strong>di-</strong></span> 
     </span>
    </p>
   </div>
   <div class='ocr_carea' id='block_1_46' title="bbox 186 4535 1719 4626">
    <p class='ocr_par' dir='ltr' id='par_1_46' title="bbox 186 4535 1716 4606">
     <span class='ocr_line' id='line_1_46' title="bbox 186 4535 1716 4606; baseline 0.004 -17"><span class='ocrx_word' id='word_1_687' title='bbox 186 4537 458 4592; x_wconf 81' lang='lat' dir='ltr'><strong>ctoritatem</strong></span> <span class='ocrx_word' id='word_1_688' title='bbox 504 4551 750 4606; x_wconf 76' lang='lat' dir='ltr'><strong>persona:</strong></span> <span class='ocrx_word' id='word_1_689' title='bbox 791 4535 935 4592; x_wconf 86' lang='lat' dir='ltr'><strong>illius</strong></span> <span class='ocrx_word' id='word_1_690' title='bbox 974 4551 1002 4589; x_wconf 89' lang='lat' dir='ltr'><strong>a</strong></span> <span class='ocrx_word' id='word_1_691' title='bbox 1031 4551 1142 4606; x_wconf 89' lang='lat' dir='ltr'><strong>quo</strong></span> <span class='ocrx_word' id='word_1_692' title='bbox 1171 4535 1425 4592; x_wconf 88' lang='lat' dir='ltr'><strong>destinati</strong></span> <span class='ocrx_word' id='word_1_693' title='bbox 1456 4549 1612 4606; x_wconf 91' lang='lat' dir='ltr'><strong>sunt,</strong></span> <span class='ocrx_word' id='word_1_694' title='bbox 1657 4554 1716 4595; x_wconf 91' lang='lat' dir='ltr'><strong>er</strong></span> 
     </span>
    </p>
   </div>
   <div class='ocr_carea' id='block_1_47' title="bbox 1941 4535 3474 4626">
    <p class='ocr_par' dir='ltr' id='par_1_47' title="bbox 1941 4547 3474 4621">
     <span class='ocr_line' id='line_1_47' title="bbox 1941 4547 3474 4621; baseline 0.003 -18"><span class='ocrx_word' id='word_1_695' title='bbox 1941 4565 2015 4603; x_wconf 79' lang='lat' dir='ltr'><strong>tm</strong></span> <span class='ocrx_word' id='word_1_696' title='bbox 2045 4559 2155 4616; x_wconf 89' lang='lat' dir='ltr'><strong>est,</strong></span> <span class='ocrx_word' id='word_1_697' title='bbox 2216 4548 2560 4604; x_wconf 88' lang='lat' dir='ltr'><strong>sanctissimo</strong></span> <span class='ocrx_word' id='word_1_698' title='bbox 2621 4547 2775 4603; x_wconf 82' lang='lat' dir='ltr'><strong>fratri</strong></span> <span class='ocrx_word' id='word_1_699' title='bbox 2832 4557 2888 4602; x_wconf 85' lang='lat' dir='ltr'><strong>et</strong></span> <span class='ocrx_word' id='word_1_700' title='bbox 2939 4551 3265 4621; x_wconf 89' lang='lat' dir='ltr'><strong>coepiscopo</strong></span> <span class='ocrx_word' id='word_1_701' title='bbox 3286 4562 3474 4608; x_wconf 84' lang='lat' dir='ltr'><strong>nostro</strong></span> 
     </span>
    </p>
   </div>
   <div class='ocr_carea' id='block_1_48' title="bbox 187 4624 1720 4713">
    <p class='ocr_par' dir='ltr' id='par_1_48' title="bbox 187 4624 1720 4700">
     <span class='ocr_line' id='line_1_48' title="bbox 187 4624 1720 4700; baseline 0.005 -21"><span class='ocrx_word' id='word_1_702' title='bbox 187 4624 230 4680; x_wconf 84' lang='lat' dir='ltr'><strong>ia</strong></span> <span class='ocrx_word' id='word_1_703' title='bbox 255 4627 358 4696; x_wconf 72' lang='lat' dir='ltr'><strong>eius</strong></span> <span class='ocrx_word' id='word_1_704' title='bbox 385 4628 614 4683; x_wconf 89' lang='lat' dir='ltr'><strong>arbitrio</strong></span> <span class='ocrx_word' id='word_1_705' title='bbox 640 4645 655 4691; x_wconf 83' lang='lat'><strong>;</strong></span> <span class='ocrx_word' id='word_1_706' title='bbox 707 4628 756 4686; x_wconf 80' lang='lat' dir='ltr'><strong>si</strong></span> <span class='ocrx_word' id='word_1_707' title='bbox 786 4642 913 4682; x_wconf 84' lang='lat' dir='ltr'><strong>vero</strong></span> <span class='ocrx_word' id='word_1_708' title='bbox 940 4626 1235 4685; x_wconf 91' lang='lat' dir='ltr'><strong>crediderit</strong></span> <span class='ocrx_word' id='word_1_709' title='bbox 1261 4629 1512 4687; x_wconf 90' lang='lat' dir='ltr'><strong>sufticere</strong></span> <span class='ocrx_word' id='word_1_710' title='bbox 1540 4631 1720 4700; x_wconf 87' lang='lat' dir='ltr'><strong>cpisco</strong></span> 
     </span>
    </p>
   </div>
   <div class='ocr_carea' id='block_1_49' title="bbox 1940 4624 3473 4713">
    <p class='ocr_par' dir='ltr' id='par_1_49' title="bbox 1940 4641 3473 4713">
     <span class='ocr_line' id='line_1_49' title="bbox 1940 4641 3473 4713; baseline 0.005 -19"><span class='ocrx_word' id='word_1_711' title='bbox 1940 4659 2125 4699; x_wconf 65' lang='grc' dir='ltr'>ιιιιειιιω</span> <span class='ocrx_word' id='word_1_712' title='bbox 2156 4643 2416 4698; x_wconf 69' lang='lat' dir='ltr'><strong>Ecclesiae</strong></span> <span class='ocrx_word' id='word_1_713' title='bbox 2457 4657 2647 4712; x_wconf 86' lang='lat' dir='ltr'><strong>preces</strong></span> <span class='ocrx_word' id='word_1_714' title='bbox 2692 4658 2828 4713; x_wconf 85' lang='lat' dir='ltr'><strong>quas</strong></span> <span class='ocrx_word' id='word_1_715' title='bbox 2870 4641 3031 4699; x_wconf 84' lang='lat' dir='ltr'><strong>habet</strong></span> <span class='ocrx_word' id='word_1_716' title='bbox 3081 4645 3291 4713; x_wconf 86' lang='lat' dir='ltr'><strong>tradat,</strong></span> <span class='ocrx_word' id='word_1_717' title='bbox 3336 4656 3473 4702; x_wconf 89' lang='lat' dir='ltr'><strong>utet</strong></span> 
     </span>
    </p>
   </div>
   <div class='ocr_carea' id='block_1_50' title="bbox 187 4721 3474 4807">
    <p class='ocr_par' dir='ltr' id='par_1_50' title="bbox 187 4721 3474 4807">
     <span class='ocr_line' id='line_1_50' title="bbox 187 4721 3474 4807; baseline 0.006 -35"><span class='ocrx_word' id='word_1_718' title='bbox 187 4732 267 4786; x_wconf 84' lang='lat' dir='ltr'><strong>pos</strong></span> <span class='ocrx_word' id='word_1_719' title='bbox 293 4721 651 4788; x_wconf 80' lang='lat' dir='ltr'><strong>provinciales</strong></span> <span class='ocrx_word' id='word_1_720' title='bbox 683 4729 742 4775; x_wconf 94' lang='lat' dir='ltr'><strong>ut</strong></span> <span class='ocrx_word' id='word_1_721' title='bbox 770 4721 988 4790; x_wconf 76' lang='lat' dir='ltr'><strong>negotio</strong></span> <span class='ocrx_word' id='word_1_722' title='bbox 1019 4722 1308 4778; x_wconf 87' lang='lat' dir='ltr'><strong>terminum</strong></span> <span class='ocrx_word' id='word_1_723' title='bbox 1339 4723 1641 4793; x_wconf 89' lang='lat' dir='ltr'><strong>imponant,</strong></span> <span class='ocrx_word' id='word_1_724' title='bbox 1675 4722 1759 4780; x_wconf 87' lang='lat' dir='ltr'><strong>fa-</strong></span> <span class='ocrx_word' id='word_1_725' title='bbox 1865 4735 1981 4807; x_wconf 78' lang='lat' dir='ltr'><strong>ipse</strong></span> <span class='ocrx_word' id='word_1_726' title='bbox 2027 4736 2177 4806; x_wconf 89' lang='lat' dir='ltr'><strong>prius</strong></span> <span class='ocrx_word' id='word_1_727' title='bbox 2216 4733 2490 4789; x_wconf 85' lang='lat' dir='ltr'><strong>examinet</strong></span> <span class='ocrx_word' id='word_1_728' title='bbox 2530 4734 2574 4789; x_wconf 91' lang='lat' dir='ltr'><strong>si</strong></span> <span class='ocrx_word' id='word_1_729' title='bbox 2626 4733 2868 4789; x_wconf 66' lang='lat' dir='ltr'><strong>honestat</strong></span> <span class='ocrx_word' id='word_1_730' title='bbox 2916 4744 2970 4789; x_wconf 90' lang='lat' dir='ltr'><strong>et</strong></span> <span class='ocrx_word' id='word_1_731' title='bbox 3012 4735 3173 4805; x_wconf 81' lang='lat' dir='ltr'><strong>justae</strong></span> <span class='ocrx_word' id='word_1_732' title='bbox 3218 4746 3375 4802; x_wconf 87' lang='lat' dir='ltr'><strong>sunt,</strong></span> <span class='ocrx_word' id='word_1_733' title='bbox 3419 4747 3474 4792; x_wconf 92' lang='lat' dir='ltr'><strong>et</strong></span> 
     </span>
    </p>
   </div>
   <div class='ocr_carea' id='block_1_51' title="bbox 186 4811 1719 4901">
    <p class='ocr_par' dir='ltr' id='par_1_51' title="bbox 186 4811 1617 4887">
     <span class='ocr_line' id='line_1_51' title="bbox 186 4811 1617 4887; baseline 0.006 -24"><span class='ocrx_word' id='word_1_734' title='bbox 186 4811 271 4867; x_wconf 80' lang='lat' dir='ltr'><strong>ciet</strong></span> <span class='ocrx_word' id='word_1_735' title='bbox 298 4813 431 4884; x_wconf 88' lang='lat' dir='ltr'><strong>quod</strong></span> <span class='ocrx_word' id='word_1_736' title='bbox 460 4814 868 4884; x_wconf 84' lang='lat' dir='ltr'><strong>sapientissimo</strong></span> <span class='ocrx_word' id='word_1_737' title='bbox 893 4816 1121 4872; x_wconf 88' lang='lat' dir='ltr'><strong>consilio</strong></span> <span class='ocrx_word' id='word_1_738' title='bbox 1152 4832 1252 4873; x_wconf 89' lang='lat' dir='ltr'><strong>suo</strong></span> <span class='ocrx_word' id='word_1_739' title='bbox 1275 4817 1617 4887; x_wconf 85' lang='lat' dir='ltr'><strong>jndicaverit.</strong></span> 
     </span>
    </p>
   </div>
   <div class='ocr_carea' id='block_1_52' title="bbox 1937 4811 3470 4901">
    <p class='ocr_par' dir='ltr' id='par_1_52' title="bbox 1937 4828 3470 4901">
     <span class='ocr_line' id='line_1_52' title="bbox 1937 4828 3470 4901; baseline 0.002 -16"><span class='ocrx_word' id='word_1_740' title='bbox 1937 4838 2085 4886; x_wconf 75' lang='lat' dir='ltr'><strong>atstet</strong></span> <span class='ocrx_word' id='word_1_741' title='bbox 2107 4829 2124 4900; x_wconf 61' lang='grc' dir='ltr'><strong>ι</strong></span> <span class='ocrx_word' id='word_1_742' title='bbox 2144 4828 2238 4893; x_wconf 88' lang='lat' dir='ltr'><strong>U.,</strong></span> <span class='ocrx_word' id='word_1_743' title='bbox 2269 4828 2554 4901; x_wconf 81' lang='lat' dir='ltr'><strong>procuret]</strong></span> <span class='ocrx_word' id='word_1_744' title='bbox 2587 4829 2923 4899; x_wconf 86' lang='lat' dir='ltr'><strong>diligentiam</strong></span> <span class='ocrx_word' id='word_1_745' title='bbox 2957 4841 3118 4899; x_wconf 89' lang='lat' dir='ltr'><strong>atque</strong></span> <span class='ocrx_word' id='word_1_746' title='bbox 3145 4832 3470 4888; x_wconf 86' lang='lat' dir='ltr'><strong>sollicitudi-</strong></span> 
     </span>
    </p>
   </div>
   <div class='ocr_carea' id='block_1_53' title="bbox 187 4908 3476 4990">
    <p class='ocr_par' dir='ltr' id='par_1_53' title="bbox 187 4908 3476 4990">
     <span class='ocr_line' id='line_1_53' title="bbox 187 4908 3476 4990; baseline 0.005 -27"><span class='ocrx_word' id='word_1_747' title='bbox 187 4908 420 4980; x_wconf 56' lang='grc' dir='ltr'><strong>πενίη.</strong></span> <span class='ocrx_word' id='word_1_748' title='bbox 440 4911 510 4967; x_wconf 83' lang='lat' dir='ltr'><strong>Ut</strong></span> <span class='ocrx_word' id='word_1_749' title='bbox 539 4913 765 4981; x_wconf 85' lang='lat' dir='ltr'><strong>episcopi</strong></span> <span class='ocrx_word' id='word_1_750' title='bbox 789 4911 984 4983; x_wconf 84' lang='lat' dir='ltr'><strong>passim</strong></span> <span class='ocrx_word' id='word_1_751' title='bbox 1001 4913 1070 4967; x_wconf 87' lang='lat' dir='ltr'><strong>ad</strong></span> <span class='ocrx_word' id='word_1_752' title='bbox 1091 4915 1390 4968; x_wconf 85' lang='lat' dir='ltr'><strong>comitatum</strong></span> <span class='ocrx_word' id='word_1_753' title='bbox 1407 4931 1508 4968; x_wconf 90' lang='lat' dir='ltr'><strong>non</strong></span> <span class='ocrx_word' id='word_1_754' title='bbox 1522 4923 1759 4984; x_wconf 81' lang='lat' dir='ltr'><strong>pergant.</strong></span> <span class='ocrx_word' id='word_1_755' title='bbox 1869 4937 1991 4977; x_wconf 90' lang='lat' dir='ltr'><strong>nem</strong></span> <span class='ocrx_word' id='word_1_756' title='bbox 2025 4930 2083 4975; x_wconf 90' lang='lat' dir='ltr'><strong>nt</strong></span> <span class='ocrx_word' id='word_1_757' title='bbox 2112 4920 2176 4974; x_wconf 92' lang='lat' dir='ltr'><strong>ad</strong></span> <span class='ocrx_word' id='word_1_758' title='bbox 2203 4921 2515 4975; x_wconf 82' lang='lat' dir='ltr'><strong>comitatum</strong></span> <span class='ocrx_word' id='word_1_759' title='bbox 2546 4921 2875 4990; x_wconf 90' lang='lat' dir='ltr'><strong>perferatur.</strong></span> <span class='ocrx_word' id='word_1_760' title='bbox 2936 4921 3191 4978; x_wconf 85' lang='lat' dir='ltr'><strong>Universi</strong></span> <span class='ocrx_word' id='word_1_761' title='bbox 3222 4925 3476 4980; x_wconf 73' lang='lat' dir='ltr'><strong>dixerunt</strong></span> 
     </span>
    </p>
   </div>
   <div class='ocr_carea' id='block_1_54' title="bbox 244 5000 3089 5083">
    <p class='ocr_par' dir='ltr' id='par_1_54' title="bbox 244 5000 3089 5083">
     <span class='ocr_line' id='line_1_54' title="bbox 244 5000 3089 5083; baseline 0.004 -26"><span class='ocrx_word' id='word_1_762' title='bbox 244 5000 393 5059; x_wconf 76' lang='lat' dir='ltr'><strong>Osius</strong></span> <span class='ocrx_word' id='word_1_763' title='bbox 422 5008 716 5076; x_wconf 85' lang='lat' dir='ltr'><strong>episcopus</strong></span> <span class='ocrx_word' id='word_1_764' title='bbox 771 5004 911 5062; x_wconf 73' lang='lat' dir='ltr'><strong>dixit</strong></span> <span class='ocrx_word' id='word_1_765' title='bbox 946 5023 960 5060; x_wconf 87' lang='lat'><strong>:</strong></span> <span class='ocrx_word' id='word_1_766' title='bbox 993 5007 1416 5076; x_wconf 87' lang='lat' dir='ltr'><strong>lmportunitatis</strong></span> <span class='ocrx_word' id='word_1_767' title='bbox 1445 5019 1646 5064; x_wconf 51' lang='lat' dir='ltr'><strong>nostra:</strong></span> <span class='ocrx_word' id='word_1_768' title='bbox 1685 5009 1764 5063; x_wconf 86' lang='lat' dir='ltr'><strong>ni-</strong></span> <span class='ocrx_word' id='word_1_769' title='bbox 1869 5015 2083 5083; x_wconf 89' lang='lat' dir='ltr'><strong>placere</strong></span> <span class='ocrx_word' id='word_1_770' title='bbox 2104 5012 2204 5068; x_wconf 90' lang='lat' dir='ltr'><strong>sibi</strong></span> <span class='ocrx_word' id='word_1_771' title='bbox 2236 5021 2290 5066; x_wconf 88' lang='lat' dir='ltr'><strong>et</strong></span> <span class='ocrx_word' id='word_1_772' title='bbox 2318 5013 2605 5067; x_wconf 82' lang='lat' dir='ltr'><strong>honesmm</strong></span> <span class='ocrx_word' id='word_1_773' title='bbox 2633 5027 2754 5068; x_wconf 85' lang='lat' dir='ltr'><strong>esse</strong></span> <span class='ocrx_word' id='word_1_774' title='bbox 2783 5013 3089 5069; x_wconf 86' lang='lat' dir='ltr'><strong>consilium.</strong></span> 
     </span>
    </p>
   </div>
   <div class='ocr_carea' id='block_1_55' title="bbox 189 5092 2967 5175">
    <p class='ocr_par' dir='ltr' id='par_1_55' title="bbox 189 5092 2967 5175">
     <span class='ocr_line' id='line_1_55' title="bbox 189 5092 2967 5175; baseline 0.006 -33"><span class='ocrx_word' id='word_1_775' title='bbox 189 5092 274 5145; x_wconf 81' lang='lat' dir='ltr'><strong>mia</strong></span> <span class='ocrx_word' id='word_1_776' title='bbox 312 5093 608 5163; x_wconf 84' lang='lat' dir='ltr'><strong>frequentia</strong></span> <span class='ocrx_word' id='word_1_777' title='bbox 654 5106 712 5149; x_wconf 88' lang='lat' dir='ltr'><strong>et</strong></span> <span class='ocrx_word' id='word_1_778' title='bbox 761 5096 961 5166; x_wconf 83' lang='lat' dir='ltr'><strong>injusto</strong></span> <span class='ocrx_word' id='word_1_779' title='bbox 985 5098 1189 5168; x_wconf 90' lang='lat' dir='ltr'><strong>judicio</strong></span> <span class='ocrx_word' id='word_1_780' title='bbox 1222 5098 1245 5136; x_wconf 69' lang='grc' dir='ltr'>δ</span> <span class='ocrx_word' id='word_1_781' title='bbox 1281 5101 1571 5169; x_wconf 88' lang='lat' dir='ltr'><strong>petitiones</strong></span> <span class='ocrx_word' id='word_1_782' title='bbox 1616 5103 1763 5156; x_wconf 81' lang='lat' dir='ltr'><strong>fece-</strong></span> <span class='ocrx_word' id='word_1_783' title='bbox 2379 5104 2444 5159; x_wconf 79' lang='grc' dir='ltr'><strong>Χ.</strong></span> <span class='ocrx_word' id='word_1_784' title='bbox 2480 5103 2556 5159; x_wconf 90' lang='lat' dir='ltr'><strong>De</strong></span> <span class='ocrx_word' id='word_1_785' title='bbox 2585 5106 2767 5171; x_wconf 80' lang='lat' dir='ltr'><strong>quibus</strong></span> <span class='ocrx_word' id='word_1_786' title='bbox 2788 5123 2967 5175; x_wconf 87' lang='lat' dir='ltr'><strong>supra.</strong></span> 
     </span>
    </p>
   </div>
   <div class='ocr_carea' id='block_1_56' title="bbox 188 5189 3473 5271">
    <p class='ocr_par' dir='ltr' id='par_1_56' title="bbox 188 5189 3473 5271">
     <span class='ocr_line' id='line_1_56' title="bbox 188 5189 3473 5271; baseline 0.005 -36"><span class='ocrx_word' id='word_1_787' title='bbox 188 5195 294 5238; x_wconf 87' lang='lat' dir='ltr'><strong>runt</strong></span> <span class='ocrx_word' id='word_1_788' title='bbox 332 5201 428 5241; x_wconf 88' lang='lat' dir='ltr'><strong>nos</strong></span> <span class='ocrx_word' id='word_1_789' title='bbox 462 5203 570 5242; x_wconf 83' lang='lat' dir='ltr'><strong>non</strong></span> <span class='ocrx_word' id='word_1_790' title='bbox 613 5196 818 5242; x_wconf 85' lang='lat' dir='ltr'><strong>tantam</strong></span> <span class='ocrx_word' id='word_1_791' title='bbox 865 5189 1064 5247; x_wconf 88' lang='lat' dir='ltr'><strong>habere</strong></span> <span class='ocrx_word' id='word_1_792' title='bbox 1088 5193 1314 5263; x_wconf 87' lang='lat' dir='ltr'><strong>gratiam</strong></span> <span class='ocrx_word' id='word_1_793' title='bbox 1353 5202 1443 5247; x_wconf 88' lang='lat' dir='ltr'><strong>aut</strong></span> <span class='ocrx_word' id='word_1_794' title='bbox 1475 5192 1726 5249; x_wconf 83' lang='lat' dir='ltr'><strong>fiduciam</strong></span> <span class='ocrx_word' id='word_1_795' title='bbox 1747 5233 1764 5260; x_wconf 90' lang='lat'><strong>,</strong></span> <span class='ocrx_word' id='word_1_796' title='bbox 1944 5196 2148 5267; x_wconf 78' lang='lat' dir='ltr'><strong>Alipius</strong></span> <span class='ocrx_word' id='word_1_797' title='bbox 2178 5196 2461 5266; x_wconf 52' lang='lat' dir='ltr'><strong>episcopus</strong></span> <span class='ocrx_word' id='word_1_798' title='bbox 2493 5195 2628 5252; x_wconf 77' lang='lat' dir='ltr'><strong>dixit</strong></span> <span class='ocrx_word' id='word_1_799' title='bbox 2657 5215 2672 5252; x_wconf 89' lang='lat'><strong>:</strong></span> <span class='ocrx_word' id='word_1_800' title='bbox 2703 5197 2759 5254; x_wconf 88' lang='lat' dir='ltr'><strong>Si</strong></span> <span class='ocrx_word' id='word_1_801' title='bbox 2795 5208 3013 5269; x_wconf 91' lang='lat' dir='ltr'><strong>propter</strong></span> <span class='ocrx_word' id='word_1_802' title='bbox 3041 5199 3272 5271; x_wconf 88' lang='lat' dir='ltr'><strong>pupillos</strong></span> <span class='ocrx_word' id='word_1_803' title='bbox 3313 5201 3473 5255; x_wconf 64' lang='lat' dir='ltr'><strong>et‘vi-</strong></span> 
     </span>
    </p>
   </div>
   <div class='ocr_carea' id='block_1_57' title="bbox 188 5277 3464 5364">
    <p class='ocr_par' dir='ltr' id='par_1_57' title="bbox 188 5277 3464 5364">
     <span class='ocr_line' id='line_1_57' title="bbox 188 5277 3464 5364; baseline 0.006 -34"><span class='ocrx_word' id='word_1_804' title='bbox 188 5277 295 5334; x_wconf 60' lang='lat' dir='ltr'><strong>dnn</strong></span> <span class='ocrx_word' id='word_1_805' title='bbox 341 5282 560 5348; x_wconf 80' lang='lat' dir='ltr'><strong>quidam</strong></span> <span class='ocrx_word' id='word_1_806' title='bbox 604 5296 710 5335; x_wconf 91' lang='lat' dir='ltr'><strong>non</strong></span> <span class='ocrx_word' id='word_1_807' title='bbox 754 5293 973 5339; x_wconf 78' lang='lat' dir='ltr'><strong>cessant</strong></span> <span class='ocrx_word' id='word_1_808' title='bbox 1026 5286 1090 5338; x_wconf 92' lang='lat' dir='ltr'><strong>ad</strong></span> <span class='ocrx_word' id='word_1_809' title='bbox 1138 5289 1446 5342; x_wconf 86' lang='lat' dir='ltr'><strong>comitatum</strong></span> <span class='ocrx_word' id='word_1_810' title='bbox 1501 5288 1580 5344; x_wconf 86' lang='lat' dir='ltr'><strong>ire</strong></span> <span class='ocrx_word' id='word_1_811' title='bbox 1646 5289 1764 5358; x_wconf 88' lang='lat' dir='ltr'><strong>epi-</strong></span> <span class='ocrx_word' id='word_1_812' title='bbox 1871 5292 2005 5348; x_wconf 88' lang='lat' dir='ltr'><strong>duas</strong></span> <span class='ocrx_word' id='word_1_813' title='bbox 2037 5293 2120 5346; x_wconf 88' lang='lat' dir='ltr'><strong>vel</strong></span> <span class='ocrx_word' id='word_1_814' title='bbox 2154 5291 2481 5360; x_wconf 87' lang='lat' dir='ltr'><strong>laborantes,</strong></span> <span class='ocrx_word' id='word_1_815' title='bbox 2518 5292 2610 5363; x_wconf 88' lang='lat' dir='ltr'><strong>qui</strong></span> <span class='ocrx_word' id='word_1_816' title='bbox 2641 5308 2831 5349; x_wconf 88' lang='lat' dir='ltr'><strong>causas</strong></span> <span class='ocrx_word' id='word_1_817' title='bbox 2861 5308 2966 5349; x_wconf 91' lang='lat' dir='ltr'><strong>non</strong></span> <span class='ocrx_word' id='word_1_818' title='bbox 2999 5294 3208 5364; x_wconf 90' lang='lat' dir='ltr'><strong>iniquas</strong></span> <span class='ocrx_word' id='word_1_819' title='bbox 3245 5295 3464 5360; x_wconf 88' lang='lat' dir='ltr'><strong>habent,</strong></span> 
     </span>
    </p>
   </div>
   <div class='ocr_carea' id='block_1_58' title="bbox 247 5412 1780 5520">
    <p class='ocr_par' dir='ltr' id='par_1_58' title="bbox 247 5412 1585 5520">
     <span class='ocr_line' id='line_1_58' title="bbox 247 5412 1585 5520; baseline 0.007 -53"><span class='ocrx_word' id='word_1_820' title='bbox 247 5421 271 5520; x_wconf 56' lang='grc' dir='ltr'>ξ</span> <span class='ocrx_word' id='word_1_821' title='bbox 387 5415 954 5520; x_wconf 45' lang='lat' dir='ltr'><strong>clmter‘isl‘coilieihtlts,</strong></span> <span class='ocrx_word' id='word_1_822' title='bbox 989 5427 1198 5501; x_wconf 33' lang='lat' dir='ltr'><strong>prmtcr&#39;</strong></span> <span class='ocrx_word' id='word_1_823' title='bbox 1220 5421 1307 5479; x_wconf 79' lang='grc' dir='ltr'><strong>Α..</strong></span> <span class='ocrx_word' id='word_1_824' title='bbox 1353 5422 1585 5503; x_wconf 72' lang='lat' dir='ltr'><strong>plurimi.</strong></span> 
     </span>
    </p>
   </div>
   <div class='ocr_carea' id='block_1_59' title="bbox 1934 5412 3467 5520">
    <p class='ocr_par' dir='ltr' id='par_1_59' title="bbox 1949 5432 3467 5520">
     <span class='ocr_line' id='line_1_59' title="bbox 1949 5432 3467 5520; baseline 0 -32"><span class='ocrx_word' id='word_1_825' title='bbox 1949 5432 1968 5472; x_wconf 74' lang='grc' dir='ltr'>ί</span> <span class='ocrx_word' id='word_1_826' title='bbox 2004 5433 2105 5520; x_wconf 45' lang='grc' dir='ltr'><strong>υέ.</strong></span> <span class='ocrx_word' id='word_1_827' title='bbox 2141 5435 2328 5487; x_wconf 78' lang='lat' dir='ltr'><strong>iterum</strong></span> <span class='ocrx_word' id='word_1_828' title='bbox 2358 5435 2530 5490; x_wconf 78' lang='lat' dir='ltr'><strong>audiri</strong></span> <span class='ocrx_word' id='word_1_829' title='bbox 2557 5435 2801 5506; x_wconf 80' lang='lat' dir='ltr'><strong>voluerit,</strong></span> <span class='ocrx_word' id='word_1_830' title='bbox 2849 5444 2898 5492; x_wconf 84' lang='lat' dir='ltr'><strong>et</strong></span> <span class='ocrx_word' id='word_1_831' title='bbox 2918 5435 3243 5491; x_wconf 76' lang='lat' dir='ltr'><strong>admonuerit</strong></span> <span class='ocrx_word' id='word_1_832' title='bbox 3270 5437 3467 5508; x_wconf 79' lang='lat' dir='ltr'><strong>episco-</strong></span> 
     </span>
    </p>
   </div>
   <div class='ocr_carea' id='block_1_60' title="bbox 220 5483 2341 5573">
    <p class='ocr_par' dir='ltr' id='par_1_60' title="bbox 220 5483 2341 5573">
     <span class='ocr_line' id='line_1_60' title="bbox 220 5483 2341 5573; baseline 0.005 -36"><span class='ocrx_word' id='word_1_833' title='bbox 500 5486 659 5573; x_wconf 43' lang='grc' dir='ltr'><strong>ΔΙιλιΑ.</strong></span> <span class='ocrx_word' id='word_1_834' title='bbox 698 5497 771 5565; x_wconf 81' lang='lat' dir='ltr'><strong>&#39;et</strong></span> <span class='ocrx_word' id='word_1_835' title='bbox 815 5483 1040 5571; x_wconf 75' lang='lat' dir='ltr'><strong>reliquis</strong></span> <span class='ocrx_word' id='word_1_836' title='bbox 1071 5508 1083 5572; x_wconf 66' lang='grc' dir='ltr'>ξ</span> <span class='ocrx_word' id='word_1_837' title='bbox 1120 5483 1388 5573; x_wconf 73' lang='lat' dir='ltr'><strong>episcopus</strong></span> <span class='ocrx_word' id='word_1_838' title='bbox 1433 5493 1612 5573; x_wconf 75' lang='lat' dir='ltr'><strong>ricina:</strong></span> <span class='ocrx_word' id='word_1_839' title='bbox 1639 5509 1764 5573; x_wconf 59' lang='lat' dir='ltr'><strong>pro-</strong></span> <span class='ocrx_word' id='word_1_840' title='bbox 1871 5483 2341 5573; x_wconf 69' lang='lat' dir='ltr'><strong>pum</strong></span> 
     </span>
    </p>
   </div>
   <div class='ocr_carea' id='block_1_61' title="bbox 189 5557 1722 5646">
    <p class='ocr_par' dir='ltr' id='par_1_61' title="bbox 189 5557 1722 5646">
     <span class='ocr_line' id='line_1_61' title="bbox 189 5557 1722 5646; baseline 0.007 -41"><span class='ocrx_word' id='word_1_841' title='bbox 189 5557 348 5633; x_wconf 65' lang='lat' dir='ltr'><strong>vincire</strong></span> <span class='ocrx_word' id='word_1_842' title='bbox 368 5557 510 5635; x_wconf 73' lang='lat' dir='ltr'><strong>debet</strong></span> <span class='ocrx_word' id='word_1_843' title='bbox 539 5560 628 5612; x_wconf 82' lang='lat' dir='ltr'><strong>ille</strong></span> <span class='ocrx_word' id='word_1_844' title='bbox 656 5563 800 5623; x_wconf 78' lang='lat' dir='ltr'><strong>prius</strong></span> <span class='ocrx_word' id='word_1_845' title='bbox 821 5557 1080 5646; x_wconf 57' lang='lat' dir='ltr'><strong>conveniri</strong></span> <span class='ocrx_word' id='word_1_846' title='bbox 1103 5566 1366 5632; x_wconf 83' lang='lat' dir='ltr'><strong>episcopos</strong></span> <span class='ocrx_word' id='word_1_847' title='bbox 1389 5564 1478 5632; x_wconf 75' lang='lat' dir='ltr'><strong>qui</strong></span> <span class='ocrx_word' id='word_1_848' title='bbox 1508 5565 1560 5617; x_wconf 81' lang='lat' dir='ltr'><strong>in</strong></span> <span class='ocrx_word' id='word_1_849' title='bbox 1588 5557 1722 5618; x_wconf 69' lang='lat' dir='ltr'><strong>cadet</strong></span> 
     </span>
    </p>
   </div>
   <div class='ocr_carea' id='block_1_62' title="bbox 1204 5557 2737 5646">
    <p class='ocr_par' dir='ltr' id='par_1_62' title="bbox 1204 5557 2737 5646">
     <span class='ocr_line' id='line_1_62' title="bbox 1204 5557 2737 5646; baseline 0.012 -30"><span class='ocrx_word' id='word_1_850' title='bbox 1204 5578 1366 5632; x_wconf 71' lang='lat' dir='ltr'><strong>scopas</strong></span> <span class='ocrx_word' id='word_1_851' title='bbox 1389 5564 1478 5632; x_wconf 71' lang='lat' dir='ltr'><strong>qui</strong></span> <span class='ocrx_word' id='word_1_852' title='bbox 1508 5565 1560 5617; x_wconf 78' lang='lat' dir='ltr'><strong>in</strong></span> <span class='ocrx_word' id='word_1_853' title='bbox 1588 5557 1766 5618; x_wconf 67' lang='lat' dir='ltr'><strong>eodem</strong></span> <span class='ocrx_word' id='word_1_854' title='bbox 1871 5557 1893 5573; x_wconf 44' lang='grc' dir='ltr'><strong>Γ</strong></span> <span class='ocrx_word' id='word_1_855' title='bbox 1945 5586 1969 5646; x_wconf 75' lang='lat' dir='ltr'><strong>ts</strong></span> <span class='ocrx_word' id='word_1_856' title='bbox 2003 5557 2117 5641; x_wconf 50' lang='grc' dir='ltr'><strong>Αἱ,</strong></span> <span class='ocrx_word' id='word_1_857' title='bbox 2163 5575 2219 5628; x_wconf 80' lang='grc' dir='ltr'><strong>Β.</strong></span> <span class='ocrx_word' id='word_1_858' title='bbox 2259 5557 2345 5642; x_wconf 64' lang='lat' dir='ltr'><strong>IL,</strong></span> <span class='ocrx_word' id='word_1_859' title='bbox 2380 5580 2737 5646; x_wconf 53' lang='lat' dir='ltr'><strong>presbyterum.</strong></span> 
     </span>
    </p>
   </div>
   <div class='ocr_carea' id='block_1_63' title="bbox 190 5635 1723 5723">
    <p class='ocr_par' dir='ltr' id='par_1_63' title="bbox 190 5635 1631 5723">
     <span class='ocr_line' id='line_1_63' title="bbox 190 5635 1059 5723; baseline 0.014 -49"><span class='ocrx_word' id='word_1_860' title='bbox 190 5639 434 5723; x_wconf 50' lang='lat' dir='ltr'><strong>pret-intra</strong></span> <span class='ocrx_word' id='word_1_861' title='bbox 464 5641 732 5682; x_wconf 79' lang='lat' dir='ltr'><strong>morantur</strong></span> <span class='ocrx_word' id='word_1_862' title='bbox 761 5640 805 5683; x_wconf 85' lang='lat' dir='ltr'><strong>et</strong></span> <span class='ocrx_word' id='word_1_863' title='bbox 838 5635 1059 5688; x_wconf 81' lang='lat' dir='ltr'><strong>ostendi.</strong></span> 
     </span>
     <span class='ocr_line' id='line_1_64' title="bbox 249 5701 1631 5723; baseline 0 0"><span class='ocrx_word' id='word_1_864' title='bbox 249 5709 267 5723; x_wconf 74' lang='grc' dir='ltr'><em>ο</em></span> <span class='ocrx_word' id='word_1_865' title='bbox 428 5701 846 5723; x_wconf 46' lang='lat' dir='ltr'><strong>_..a.&#39;-fx.-.&#39;-___l__---</strong></span> <span class='ocrx_word' id='word_1_866' title='bbox 887 5714 946 5723; x_wconf 60' lang='lat'><strong>-,.</strong></span> <span class='ocrx_word' id='word_1_867' title='bbox 976 5721 998 5723; x_wconf 34' lang='grc' dir='ltr'><em>,γ</em></span> <span class='ocrx_word' id='word_1_868' title='bbox 1023 5721 1032 5723; x_wconf 43' lang='grc' dir='ltr'><strong>Α</strong></span> <span class='ocrx_word' id='word_1_869' title='bbox 1082 5705 1199 5723; x_wconf 38' lang='grc' dir='ltr'><strong>,νΙ”ΑΑ</strong></span> <span class='ocrx_word' id='word_1_870' title='bbox 1249 5707 1338 5723; x_wconf 32' lang='grc' dir='ltr'><strong>κε--</strong></span> <span class='ocrx_word' id='word_1_871' title='bbox 1395 5722 1402 5723; x_wconf 33' lang='grc' dir='ltr'><em>κ</em></span> <span class='ocrx_word' id='word_1_872' title='bbox 1431 5721 1440 5723; x_wconf 88' lang='grc'><strong>-</strong></span> <span class='ocrx_word' id='word_1_873' title='bbox 1530 5705 1539 5714; x_wconf 85' lang='grc'><strong><em>⁸</em></strong></span> <span class='ocrx_word' id='word_1_874' title='bbox 1583 5715 1631 5723; x_wconf 47' lang='grc' dir='ltr'><strong>η.</strong></span> 
     </span>
    </p>
   </div>
   <div class='ocr_carea' id='block_1_64' title="bbox 1593 5635 3126 5723">
    <p class='ocr_par' dir='ltr' id='par_1_64' title="bbox 1599 5635 3126 5723">
     <span class='ocr_line' id='line_1_65' title="bbox 1599 5635 3126 5723; baseline 0.001 -23"><span class='ocrx_word' id='word_1_875' title='bbox 1599 5715 1631 5723; x_wconf 16' lang='grc' dir='ltr'><strong>Α.</strong></span> <span class='ocrx_word' id='word_1_876' title='bbox 1944 5644 1970 5721; x_wconf 58' lang='lat' dir='ltr'><strong>lt</strong></span> <span class='ocrx_word' id='word_1_877' title='bbox 2005 5635 2117 5723; x_wconf 43' lang='lat'><strong>4].,</strong></span> <span class='ocrx_word' id='word_1_878' title='bbox 2140 5647 2307 5723; x_wconf 78' lang='lat'><strong>._5,</strong></span> <span class='ocrx_word' id='word_1_879' title='bbox 2335 5635 2405 5723; x_wconf 47' lang='grc' dir='ltr'><strong>ίΙξ.</strong></span> <span class='ocrx_word' id='word_1_880' title='bbox 2444 5650 2465 5723; x_wconf 76' lang='lat' dir='ltr'><strong>l</strong></span> <span class='ocrx_word' id='word_1_881' title='bbox 2480 5691 2492 5708; x_wconf 84' lang='lat'><em>.</em></span> <span class='ocrx_word' id='word_1_882' title='bbox 2518 5635 2573 5723; x_wconf 47' lang='lat'><strong>&#39;2&#39;,</strong></span> <span class='ocrx_word' id='word_1_883' title='bbox 2601 5649 2810 5715; x_wconf 69' lang='lat' dir='ltr'><strong>injuste:</strong></span> <span class='ocrx_word' id='word_1_884' title='bbox 2837 5648 3126 5723; x_wconf 80' lang='lat' dir='ltr'><strong>petitiones.</strong></span> 
     </span>
    </p>
   </div>
   <div class='ocr_carea' id='block_1_65' title="bbox 249 5697 1782 5784">
    <p class='ocr_par' dir='ltr' id='par_1_65' title="bbox 249 5697 1651 5784">
     <span class='ocr_line' id='line_1_66' title="bbox 249 5697 1651 5784; baseline 0.004 -33"><span class='ocrx_word' id='word_1_885' title='bbox 249 5709 270 5784; x_wconf 62' lang='grc' dir='ltr'><strong>ξ</strong></span> <span class='ocrx_word' id='word_1_886' title='bbox 303 5697 392 5784; x_wconf 72' lang='lat' dir='ltr'><strong>U__.,</strong></span> <span class='ocrx_word' id='word_1_887' title='bbox 423 5701 946 5784; x_wconf 45' lang='lat' dir='ltr'><strong>Sil-lislflﬁif’ftdlﬂnneﬂ</strong></span> <span class='ocrx_word' id='word_1_888' title='bbox 971 5705 1200 5784; x_wconf 69' lang='lat' dir='ltr'><strong>populis;</strong></span> <span class='ocrx_word' id='word_1_889' title='bbox 1237 5707 1407 5774; x_wconf 85' lang='lat' dir='ltr'><strong>sicque</strong></span> <span class='ocrx_word' id='word_1_890' title='bbox 1428 5705 1651 5761; x_wconf 82' lang='lat' dir='ltr'><strong>veniant.</strong></span> 
     </span>
    </p>
   </div>
   <div class='ocr_carea' id='block_1_66' title="bbox 1146 5697 2679 5784">
    <p class='ocr_par' dir='ltr' id='par_1_66' title="bbox 1146 5697 2679 5784">
     <span class='ocr_line' id='line_1_67' title="bbox 1146 5697 2679 5784; baseline 0.01 -28"><span class='ocrx_word' id='word_1_891' title='bbox 1146 5706 1200 5770; x_wconf 79' lang='lat' dir='ltr'><strong>&#39;s;</strong></span> <span class='ocrx_word' id='word_1_892' title='bbox 1237 5707 1407 5774; x_wconf 85' lang='lat' dir='ltr'><strong>sicque</strong></span> <span class='ocrx_word' id='word_1_893' title='bbox 1428 5705 1651 5761; x_wconf 82' lang='lat' dir='ltr'><strong>veniant.</strong></span> <span class='ocrx_word' id='word_1_894' title='bbox 1953 5718 1960 5752; x_wconf 85' lang='lat' dir='ltr'><strong>i</strong></span> <span class='ocrx_word' id='word_1_895' title='bbox 1987 5697 2117 5780; x_wconf 52' lang='grc' dir='ltr'><strong>Ᾱῖξ</strong></span> <span class='ocrx_word' id='word_1_896' title='bbox 2139 5697 2309 5776; x_wconf 53' lang='grc' dir='ltr'>ιξξῐὶξξ</span> 
     </span>
    </p>
   </div>
   <div class='ocr_carea' id='block_1_67' title="bbox 250 5765 1153 5841">
    <p class='ocr_par' dir='ltr' id='par_1_67' title="bbox 250 5765 1153 5841">
     <span class='ocr_line' id='line_1_68' title="bbox 250 5765 1153 5841; baseline 0.012 -23"><span class='ocrx_word' id='word_1_897' title='bbox 250 5765 270 5801; x_wconf 64' lang='grc' dir='ltr'><em>δ</em></span> <span class='ocrx_word' id='word_1_898' title='bbox 304 5767 627 5841; x_wconf 44' lang='grc' dir='ltr'><strong>ᾦηουηη..</strong></span> <span class='ocrx_word' id='word_1_899' title='bbox 658 5774 719 5826; x_wconf 68' lang='lat' dir='ltr'><strong>Ii.</strong></span> <span class='ocrx_word' id='word_1_900' title='bbox 750 5771 806 5838; x_wconf 77' lang='lat'><strong>3,</strong></span> <span class='ocrx_word' id='word_1_901' title='bbox 841 5772 900 5828; x_wconf 87' lang='lat' dir='ltr'><strong>U.</strong></span> <span class='ocrx_word' id='word_1_902' title='bbox 924 5816 936 5834; x_wconf 88' lang='lat'><strong>,</strong></span> <span class='ocrx_word' id='word_1_903' title='bbox 971 5765 1153 5841; x_wconf 78' lang='lat' dir='ltr'><strong>ipsius.</strong></span> 
     </span>
    </p>
   </div>
   <div class='ocr_carea' id='block_1_68' title="bbox 255 5789 1788 5914">
    <p class='ocr_par' dir='ltr' id='par_1_68' title="bbox 255 5789 1153 5914">
     <span class='ocr_line' id='line_1_69' title="bbox 255 5789 1153 5844; baseline 0.01 -24"><span class='ocrx_word' id='word_1_904' title='bbox 255 5789 270 5801; x_wconf 70' lang='grc'><strong><em>⁵</em></strong></span> <span class='ocrx_word' id='word_1_905' title='bbox 304 5789 627 5844; x_wconf 57' lang='grc' dir='ltr'><strong>Π..,⁹υ..11.,</strong></span> <span class='ocrx_word' id='word_1_906' title='bbox 659 5789 719 5826; x_wconf 58' lang='lat' dir='ltr'><strong>Iis</strong></span> <span class='ocrx_word' id='word_1_907' title='bbox 751 5789 806 5838; x_wconf 73' lang='grc' dir='ltr'><strong>ι),</strong></span> <span class='ocrx_word' id='word_1_908' title='bbox 841 5789 900 5828; x_wconf 83' lang='grc' dir='ltr'><strong>υ.</strong></span> <span class='ocrx_word' id='word_1_909' title='bbox 924 5816 936 5834; x_wconf 83' lang='grc'>,</span> <span class='ocrx_word' id='word_1_910' title='bbox 971 5791 1153 5841; x_wconf 68' lang='grc' dir='ltr'><strong>ψδηιδ.</strong></span> 
     </span>
     <span class='ocr_line' id='line_1_70' title="bbox 255 5837 1100 5914; baseline 0.014 -24"><span class='ocrx_word' id='word_1_911' title='bbox 255 5848 273 5874; x_wconf 75' lang='grc' dir='ltr'><strong><em>ο</em></strong></span> <span class='ocrx_word' id='word_1_912' title='bbox 449 5842 504 5894; x_wconf 64' lang='lat' dir='ltr'><strong>te.</strong></span> <span class='ocrx_word' id='word_1_913' title='bbox 543 5840 634 5902; x_wconf 82' lang='lat' dir='ltr'><strong>ll..</strong></span> <span class='ocrx_word' id='word_1_914' title='bbox 662 5843 724 5898; x_wconf 76' lang='grc' dir='ltr'><strong>τ.</strong></span> <span class='ocrx_word' id='word_1_915' title='bbox 754 5841 884 5914; x_wconf 73' lang='grc' dir='ltr'><strong>1,.εὶ,</strong></span> <span class='ocrx_word' id='word_1_916' title='bbox 922 5842 1009 5913; x_wconf 83' lang='grc' dir='ltr'><strong>υ.,</strong></span> <span class='ocrx_word' id='word_1_917' title='bbox 1043 5856 1100 5902; x_wconf 78' lang='lat' dir='ltr'><strong>ut</strong></span> 
     </span>
    </p>
   </div>
   <div class='ocr_carea' id='block_1_69' title="bbox 1285 5789 2818 5914">
    <p class='ocr_par' dir='ltr' id='par_1_69' title="bbox 1945 5789 2818 5863">
     <span class='ocr_line' id='line_1_71' title="bbox 1945 5789 2818 5863; baseline -0.003 -17"><span class='ocrx_word' id='word_1_918' title='bbox 1945 5791 1958 5838; x_wconf 79' lang='lat' dir='ltr'><strong>l</strong></span> <span class='ocrx_word' id='word_1_919' title='bbox 1999 5789 2090 5856; x_wconf 91' lang='lat' dir='ltr'><strong>U.,</strong></span> <span class='ocrx_word' id='word_1_920' title='bbox 2123 5789 2316 5845; x_wconf 83' lang='lat' dir='ltr'><strong>absenti</strong></span> <span class='ocrx_word' id='word_1_921' title='bbox 2348 5807 2496 5847; x_wconf 78' lang='lat' dir='ltr'><strong>posse</strong></span> <span class='ocrx_word' id='word_1_922' title='bbox 2518 5807 2818 5863; x_wconf 81' lang='lat' dir='ltr'><strong>procurare.</strong></span> 
     </span>
    </p>
   </div>
  </div>
