3882 6350
419 365 522 425 119

1117 353 1494 414 COLLECTIO
1529 352 1858 412 CANONUM
1896 353 1953 410 S.
1997 352 2271 412 ISIDORO
2313 355 2581 415 HISPAL.
2621 357 2977 415 ASCRIP'I'A.

3603 353 3705 412 I90

417 475 754 546 susceperint
786 469 1220 542 peregrinationis
1251 468 1587 524 incommoda
1621 479 1646 506 ἰ
1673 512 1688 536 ,
1725 468 1995 524 habebunt
2024 470 2074 531 Δ
2101 471 2236 527 betis
2278 481 2336 527 ut
2372 477 2654 544 episcopus
2702 489 2766 530 ex
2814 475 2914 528 alia
2957 474 3196 539 civitate,
3230 487 3350 528 cum
3394 474 3600 528 venerit
3635 473 3704 528 ad

415 566 616 635 aliquid
645 567 800 635 justas
824 565 1085 623 rationis;
1131 576 1272 615 nunc
1302 575 1429 618 vero
1458 576 1578 615 cum
1609 575 1670 614 ea
1701 559 1993 628 postulent,

418 673 538 726 quae
564 657 680 711 sine
705 654 901 709 invidia
929 652 1169 708 omnium
1201 663 1254 706 et
1293 651 1712 720 reprehensione
1741 665 1861 706 esse
1889 666 2000 709 non

419 761 663 824 possunt,
695 766 800 808 non
822 763 1044 806 necesse
1065 757 1148 804 est
1173 747 1251 804 ire
1278 747 1397 804 illos
1425 748 1491 802 ad
1521 748 1851 804 comitatum.

901 841 991 895 XI.
1028 840 1107 896 De
1135 839 1316 910 quibus
1347 855 1520 910 supra.

495 922 824 978 Gaudentius
862 922 1144 991 episcopus
1194 921 1326 975 dixit
1381 936 1395 972 :
1448 919 1521 973 Ea
1561 934 1680 988 qua
1718 916 2005 975 salubriter

421 1016 733 1088 providistis
760 1016 1133 1072 convenientia
1171 1023 1227 1070 et
1253 1013 1612 1069 aestimatione
1639 1015 1898 1076 omnium,
1941 1026 2005 1068 ac

419 1111 534 1169 Deo
563 1111 820 1181 placitura
851 1120 904 1165 et
937 1110 1258 1171 hominibus,
1292 1118 1474 1164 tenere
1507 1108 1765 1163 hactenus
1796 1107 2004 1162 fortitu-

420 1203 600 1258 dinem
633 1211 892 1268 possunt,
939 1199 984 1254 si
1028 1210 1200 1254 metus
1238 1199 1366 1253 huic
1395 1198 1679 1253 sententiae
1709 1198 2002 1267 conjunga-

420 1305 523 1350 tur.
550 1293 760 1350 Scimus
798 1294 940 1346 enim
969 1295 1128 1348 etiam
1159 1293 1256 1362 ipsi
1289 1293 1590 1358 saepissime
1619 1301 1837 1361 propter
1867 1305 2004 1357 pau-

419 1403 602 1443 corum
637 1387 1019 1452 impudentiam
1059 1399 1272 1439 sacrum
1305 1398 1368 1438 ac
1409 1384 1719 1452 religiosum
1751 1381 2000 1436 sacerdo-

420 1482 525 1535 tale
556 1496 748 1534 nomen
773 1480 936 1534 fuisse
955 1478 1362 1536 reprehensum.
1385 1475 1439 1530 Si
1469 1474 1629 1542 igitur
1659 1476 1852 1544 aliquis
1873 1487 2005 1529 con-

420 1583 498 1626 tra
531 1575 766 1627 omnium
795 1571 1113 1626 sententiam
1155 1570 1302 1624 nisus
1319 1569 1551 1622 voluerit
1574 1566 1854 1621 ambitioni
1883 1580 2005 1620 ma-

419 1666 499 1736 gis
531 1666 739 1735 placere
769 1678 924 1731 quam
959 1662 1087 1727 Deo,
1129 1660 1289 1716 debet
1316 1661 1457 1716 scire
1486 1701 1500 1721 ,
1541 1658 1717 1713 causis
1744 1657 1999 1723 redditis,

421 1755 679 1811 honorem
711 1765 871 1824 atque
890 1754 1200 1821 dignitatem
1226 1766 1284 1805 se
1313 1751 1658 1804 amissurum.
1689 1749 1798 1802 lioc
1828 1754 2003 1802 autem

2105 565 2263 620 aliam
2288 564 2553 621 civitatem
2577 569 2660 622 vel
2691 583 2755 621 ex
2785 567 3052 635 provincia
3081 581 3175 621 sua
3201 565 3266 620 ad
3299 567 3458 620 aliam
3485 566 3701 634 provin-

2107 659 2266 721 ciam,
2296 669 2350 712 et
2370 654 2647 712 ambitioni
2681 659 2846 726 magis
2877 659 3078 714 serviat
3107 672 3269 726 quam
3301 656 3600 723 devotioni,
3633 655 3706 710 ita

2107 759 2165 807 ut
2193 749 2238 805 si
2261 750 2490 806 voluerit
2530 752 2580 804 in
2624 751 2798 805 aliena
2831 751 3048 805 civitate
3087 749 3253 803 multo
3299 757 3543 818 tempore
3575 747 3712 801 resi-

2107 842 2235 899 dere
2260 884 2276 910 ,
2318 853 2372 899 et
2410 844 2685 914 contingat
2722 853 2782 898 ttt
2817 843 3104 913 episcopus
3129 843 3358 898 civitatis
3392 842 3561 912 ipsius
3594 858 3702 896 non

2107 946 2214 994 tam
2246 937 2536 993 instructus
2563 939 2631 992 sit
2660 953 2758 993 nec
2791 946 2898 992 tam
2928 938 3149 1003 doctus,
3183 939 3227 992 is
3256 950 3387 992 vero
3409 935 3499 1007 qui
3535 935 3707 990 adve-

2105 1028 2185 1084 nit
2209 1029 2428 1100 incipiat
2453 1039 2799 1085 contemnere
2829 1045 2950 1085 eutn
2983 1039 3036 1084 et
3063 1029 3369 1097 frequenter
3393 1027 3564 1081 facere
3587 1042 3708 1081 ser-

2105 1135 2321 1174 monem
2349 1161 2362 1183 ,
2406 1132 2465 1175 ut
2505 1120 2823 1177 dehonestet
2853 1131 2905 1177 et
2935 1121 3172 1176 infirmet
3211 1121 3353 1175 illius
3383 1135 3674 1189 personam
3696 1159 3711 1183 ,

2106 1227 2210 1281 qua
2239 1213 2525 1266 occasione
2557 1212 2614 1267 ﬁt
2655 1225 2708 1267 ut
2738 1229 2840 1267 non
2886 1212 3093 1267 dubitet
3131 1212 3435 1281 relinquere
3463 1213 3714 1284 assigna-

2108 1311 2214 1358 tam
2238 1303 2337 1358 sibi
2361 1305 2642 1360 ecclesiam
2672 1313 2726 1361 et
2753 1307 2981 1360 transire
3011 1306 3076 1360 ad
3102 1306 3256 1359 aliam
3279 1313 3306 1356 ε
3334 1322 3346 1358 :
3375 1304 3598 1360 definite
3628 1320 3716 1358 er-

2105 1412 2173 1468 go
2204 1405 2434 1467 tempus,
2461 1398 2586 1468 quia
2609 1409 2662 1452 et
2692 1414 2796 1452 non
2831 1398 3072 1468 recipere
3095 1399 3406 1468 episcopum
3435 1397 3691 1466 coepisco

2107 1504 2235 1560 pum
2257 1503 2411 1544 suum
2444 1490 2790 1545 inhumanum
2815 1499 2917 1555 est,
2950 1499 3004 1546 et
3031 1491 3227 1545 diutius
3257 1490 3498 1546 residere
3522 1492 3708 1561 perni-

2105 1581 2315 1639 ciosum
2344 1599 2358 1637 :
2383 1597 2452 1638 ne
2485 1583 2578 1637 ﬁat
2601 1598 2730 1653 ergo
2753 1582 3139 1652 providendum
3169 1591 3252 1637 est
3293 1581 3338 1636 ί.
3377 1582 3592 1638 Memini
3621 1597 3719 1636 au-

2108 1682 2215 1731 tem
2263 1676 2529 1745 superiori
2575 1675 2803 1731 concilio
2833 1675 3024 1730 fratres
3073 1685 3286 1731 nostros
3315 1676 3672 1731 constituisse
3699 1717 3715 1740 .

2109 1768 2236 1823 utsi
2267 1767 2385 1838 quis
2413 1769 2581 1824 laicus
2618 1769 2668 1823 in
2699 1782 2761 1824 ea
2801 1783 2903 1836 qua
2946 1777 3312 1822 commoratur
3354 1767 3569 1823 civitate
3603 1777 3721 1822 tres

420 1847 545 1901 εοῖτί
596 1857 649 1900 ει
695 1844 978 1912 εοηιβθτίτί
1025 1842 1240 1913 Ροῑετίίο
1285 1842 1330 1895 5i
1364 1841 1734 1907 ¹¹¹¹υε¹1υί⁵ηι¹θ
1763 1850 2006 1895 ηθ⁸¹¹⁸¹¹π¹
2040 1841 2088 1901 Β
2115 1859 2443 1925 Dominicas,
2464 1860 2514 1914 id
2540 1868 2620 1915 est
2641 1874 2738 1927 per
2761 1869 2870 1915 tres
2895 1858 3222 1929 septimanas
3249 1873 3355 1913 non
3385 1859 3722 1913 celebrasset

421 1940 509 2007 qui
544 1937 594 1990 in
627 1936 799 1990 canali
830 1933 1148 1988 constitutus
1174 1941 1274 1991 est,
1303 1945 1423 1985 cum
1443 1929 1866 2000 progredientem
1892 1929 2008 2002 [U.,

424 2030 556 2098 prod
582 2025 782 2098 entem]
821 2027 1128 2094 episc0pum
1176 2023 1406 2088 viderit,
1451 2023 1680 2091 inquirat
1725 2022 2008 2076 transitum

418 2122 556 2190 ejus,
584 2135 769 2174 causas
792 2119 987 2182 videat,
1012 2130 1117 2186 quo
1141 2115 1309 2168 tendit
1333 2122 1609 2182 agni-seat,
1639 2122 1692 2166 et
1719 2110 1765 2165 si
1793 2113 2008 2181 quidem

417 2229 539 2269 eum
573 2210 849 2281 agnoverit
881 2211 956 2264 ire
984 2209 1048 2262 ad
1071 2209 1404 2266 comitatum.
1437 2208 1673 2272 requirat
1705 2205 1830 2260 illud
1862 2205 2003 2275 quod

419 2309 668 2375 superius
706 2305 1152 2372 comprehensum
1194 2310 1275 2356 est
1308 2343 1321 2364 ,
1365 2314 1434 2354 ne
1473 2296 1612 2352 forte
1643 2299 1894 2352 invitatus
1925 2306 2011 2353 est

421 2398 541 2474 [U..
572 2395 664 2468 sit]
685 2440 699 2464 ,
729 2405 788 2451 ut
816 2399 864 2450 ei
892 2393 1117 2449 facultas
1146 2393 1302 2446 eundi
1327 2394 1668 2461 permittatur
1699 2407 1713 2445 :
1749 2390 1831 2443 sin
1859 2404 2006 2458 vero,

421 2502 482 2548 ut
510 2492 755 2560 superius
777 2490 1019 2544 meminit
1045 2487 1299 2542 sanctitas
1322 2495 1521 2550 vestra,
1555 2491 1770 2551 propter
1799 2482 2009 2537 deside-

419 2586 498 2640 ria
527 2592 582 2638 et
605 2581 922 2636 ambitiones
954 2582 1030 2634 ire
1055 2577 1120 2632 ad
1149 2579 1458 2631 comitatum
1492 2573 1796 2637 tentaverit,
1830 2587 2003 2640 neque

427 2676 617 2729 litteris
648 2673 762 2743 ejus
789 2671 1156 2726 subscribatur
1203 2682 1378 2737 neque
1407 2664 1433 2702 δ
1469 2668 1520 2720 in
1575 2667 2008 2721 communionem

423 2766 761 2833 recipiendus
790 2775 891 2819 est.
915 2764 968 2817 Si
1009 2762 1160 2816 vobis
1200 2761 1392 2830 placet,
1424 2761 1583 2814 debet
1611 2758 1850 2813 omnium
1880 2774 2009 2813 seu-

427 2861 591 2915 teutia
639 2859 963 2912 conﬁrmari.
1018 2854 1262 2908 Universi
1304 2854 1556 2907 dixerunt
1592 2852 1692 2906 hoc
1723 2851 2008 2906 honestum

427 2970 547 3010 esse
571 2964 624 3008 ct
653 2953 866 3022 placere
894 2950 993 3004 sibi
1021 2949 1457 3004 constitutionem
1488 2957 1537 3001 ε.

889 3045 1000 3098 XII.
1047 3045 1120 3097 De
1142 3045 1329 3112 quibus
1367 3057 1545 3108 supra.

501 3143 659 3199 Osius
683 3142 965 3210 episcopus
993 3137 1128 3192 dixit
1159 3152 1174 3191 :
1204 3135 1307 3190 Sed
1345 3143 1397 3188 et
1423 3132 1724 3186 moderatio
1757 3142 2008 3184 necessa-

2113 1961 2458 2021 conventum,
2491 1951 2871 2008 communione
2921 1953 3269 2022 privaretur:
3321 1951 3364 2004 si
3422 1965 3553 2020 ergo
3595 1951 3721 2004 lucc

2113 2045 2256 2101 circa
2297 2045 2460 2100 laicos
2485 2047 2772 2101 constituta
2801 2055 2965 2108 sunt,
3016 2055 3217 2112 quanto
3256 2046 3424 2114 magis
3454 2058 3552 2098 nec
3587 2044 3718 2097 licet

2113 2155 2211 2195 nec
2242 2140 2396 2195 decet
2441 2149 2498 2194 ut
2535 2141 2643 2212 39
2685 2139 2986 2209 episcopus,
3020 2140 3062 2193 si
3113 2138 3310 2192 nullam
3343 2148 3448 2191 tam
3488 2153 3718 2207 gravem

2115 2234 2276 2289 habet
2297 2234 2693 2301 necessitatem,
2726 2249 2824 2290 nec
2856 2243 2960 2288 tam
2993 2232 3262 2287 difﬁcilem
3283 2232 3568 2296 rationem,
3599 2241 3723 2286 tan-

2113 2328 2204 2382 diu
2233 2329 2373 2383 absit
2401 2328 2466 2383 ab
2490 2328 2726 2384 Ecclesia
2755 2343 2846 2383 sua
2876 2338 2928 2384 et
2954 2327 3206 2399 populum
3231 2327 3555 2383 contristet?
3591 2327 3722 2381 l'ni-

2115 2422 2250 2474 versi
2275 2420 2521 2474 dixerunt
2549 2420 2754 2486 placere
2775 2419 2898 2474 sibi.

2195 2509 2311 2564 XV.
2349 2509 2424 2564 De
2444 2511 2691 2580 episcOpis
2723 2513 2796 2634 in,I
2809 2511 3266 2636 allienlabprovincia
3292 2513 3636 2581 possessiones

2803 2599 2831 2632 (ι
2867 2598 2924 2635 en
2953 2600 2966 2635 :
3004 2599 3083 2636 us.

2803 2598 3083 2636 αυεηιευιιδ.

2185 2672 2344 2728 Osius
2369 2673 2648 2741 episc0pus
2676 2673 2992 2740 dixitzQuia
3027 2672 3158 2728 niltil
3193 2671 3530 2741 praetermitti
3558 2688 3724 2743 opor-

2115 2775 2213 2834 tet,
2254 2776 2376 2822 sunt
2408 2765 2618 2834 quidam
2654 2766 2841 2820 fratres
2871 2775 2926 2821 et
2955 2765 3258 2834 coepiscopi
3291 2765 3460 2819 nostri
3489 2768 3582 2836 qui
3614 2783 3721 2822 non

2113 2859 2164 2914 in
2188 2874 2249 2915 ea
2281 2858 2497 2913 civitate
2525 2860 2804 2927 possident
2832 2860 2884 2913 in
2910 2874 3011 2928 qua
3043 2859 3277 2927 episcopi
3307 2858 3567 2913 videntur
3597 2872 3724 2914 esse

2113 2953 2416 3015 constituti,
2447 2951 2529 3006 vel
2550 2960 2697 3006 certe
2729 2966 2947 3021 parvam
2982 2967 3094 3007 rem
3131 2950 3239 3005 illic
3270 2951 3468 3005 babent
3491 2951 3581 3004 ubi
3619 2950 3723 3004 Ita-

2113 3042 2303 3107 bitant,
2345 3042 2471 3097 alibi
2501 3051 2676 3096 autem
2708 3043 2894 3096 idonea
2929 3042 3124 3111 praedia
3159 3042 3361 3097 habere
3392 3052 3718 3107 noscuntur,

2126 3137 2213 3191 vel
2244 3137 2554 3192 affectiones
2587 3139 2950 3207 proximorum
2977 3138 3168 3207 quibus
3196 3137 3506 3207 indulgeant
3539 3155 3555 3193 :
3592 3141 3724 3192 liac-

437 3240 516 3292 ria
572 3247 690 3301 est,
746 3233 1071 3288 dilectissimi
1131 3230 1321 3283 fratres
1346 3267 1360 3290 ,
1395 3241 1462 3280 ne
1490 3225 1664 3279 SIII)IIU
1847 3222 2019 3276 adhuc
2049 3198 2096 3264 c
2131 3240 2287 3288 [enus
2317 3234 2476 3301 igitur
2506 3234 2586 3288 eis
2617 3233 2848 3301 pel-milli
2871 3241 3083 3300 oportet
3111 3242 3167 3286 ιη
3197 3231 3461 3288 θοαθάεῃι
3488 3231 3558 3285 ad
3597 3245 3722 3300 pos.

437 3334 676 3401 quidam,
708 3331 1006 3384 nescientes
1037 3327 1162 3395 quid
1192 3324 1469 3378 decretum
1501 3323 1571 3376 sit
1601 3323 1650 3374 in
1677 3323 1900 3391 synodo,
1931 3334 2020 3374 vc-

434 3425 610 3478 nerlnt
633 3423 808 3476 subito
836 3421 899 3473 ad
924 3418 1166 3474 civilates
1197 3431 1288 3471 eas
1325 3431 1443 3483 qua:
1468 3415 1518 3467 in
1543 3413 1711 3467 canali
1743 3422 1885 3476 sunt,
1919 3413 2018 3466 de-

433 3517 522 3569 bet
547 3513 828 3583 episcopus
858 3510 1088 3565 civitatis
1127 3509 1294 3576 ipsius
1333 3507 1622 3560 admonere
1658 3513 1711 3558 et
1751 3504 2018 3558 instruere

435 3607 609 3670 illum,
638 3615 693 3659 ut
717 3620 783 3659 ex
809 3619 873 3659 eo
901 3603 1018 3656 loco
1049 3601 1138 3655 ille
1162 3601 1339 3653 mittat
1367 3597 1645 3651 diaconem
1673 3612 1688 3661 ;
1718 3595 2020 3650 admonitus

437 3711 615 3754 tamen
644 3700 754 3768 ipse
780 3697 965 3752 redeat
987 3694 1050 3748 ad
1081 3693 1384 3761 parochiam
1417 3704 1590 3743 suam.

505 3792 641 3846 XIII.
689 3789 756 3845 Ut
783 3807 842 3844 ne
873 3804 937 3842 ea:
976 3787 1106 3840 laico
1127 3784 1332 3855 quilibet
1364 3782 1628 3853 cpiscopus
1658 3781 1942 3834 ordinetur.

508 3884 664 3935 Osius
707 3880 987 3948 episcopus
1029 3876 1160 3930 dixit
1212 3893 1224 3927 :
1272 3873 1641 3928 Necessarium
1691 3871 1921 3924 arbitror
1961 3875 2019 3922 ut

439 3976 845 4047 diligentissime
899 3979 1153 4025 tractetur
1203 3967 1255 4031 ἀ,
1296 3967 1340 4020 si
1396 3966 1529 4018 forte
1579 3972 1669 4018 aut
1725 3964 1873 4016 dives
1929 3971 2020 4016 aut

437 4067 788 4124 scholasticus
832 4065 899 4118 de
929 4063 1043 4116 foro
1069 4069 1159 4115 aut
1194 4075 1258 4113 ex
1283 4057 1713 4112 administratore
1738 4055 2022 4124 episcopus

437 4157 599 4212 fuerit
632 4157 950 4225 postulatus,
997 4167 1099 4205 non
1140 4152 1285 4219 prius
1322 4147 1631 4210 ordinetur,
1673 4146 1772 4199 nisi
1817 4153 1939 4198 ante
1969 4155 2023 4198 et

441 4254 657 4307 lectoris
688 4266 907 4304 munere
939 4255 991 4302 et
1021 4246 1195 4298 ofﬁcio
1223 4242 1452 4296 diaconii
1483 4251 1534 4294 et
1559 4239 1869 4310 presbyterii
1903 4237 2021 4292 fue-

437 4345 505 4398 rit.
533 4343 871 4412 perfunctus;
905 4348 957 4392 et
1005 4339 1074 4390 ita
1107 4351 1196 4401 per
1225 4332 1462 4402 singulos
1492 4331 1706 4396 gradus.
1747 4330 1794 4382 si
1827 4328 2021 4397 dignus

438 4434 614 4496 fuerit,
643 4431 894 4484 ascendat
926 4427 988 4481 ad
1021 4427 1231 4479 culmen
1262 4425 1617 4491 epise0patus.
1665 4419 1849 4472 Potest
1878 4418 2020 4472 enim

445 4539 538 4592 per
567 4524 662 4577 bas
693 4519 1054 4592 prbntotiones
1082 4559 1096 4581 ,
1137 4531 1253 4583 quae
1291 4512 1494 4567 habent
1534 4513 1710 4580 utique
1756 4510 2020 4578 prolixum

443 4623 674 4681 tempus,
720 4611 930 4680 probari
962 4625 1060 4678 qua
1093 4608 1194 4660 ﬁde
1223 4609 1292 4659 sit
1317 4620 1484 4675 quave
1516 4605 1776 4658 modestia
1815 4613 1869 4656 et
1900 4618 2022 4671 gra-

447 4704 610 4757 vitate
638 4711 690 4754 et
718 4696 1060 4760 verecundia,
1088 4708 1141 4749 ut
1169 4696 1212 4749 si
1243 4695 1430 4761 dignus
1455 4695 1612 4747 fuerit
1643 4693 1916 4760 probatus,
1949 4693 2025 4744 di-

446 4798 568 4850 vino
599 4791 898 4846 sacerdotio
931 4789 1219 4842 illustretur
1253 4805 1264 4839 :
1296 4802 1417 4840 nam
1441 4800 1537 4840 nec
1569 4785 1897 4838 conveniens
1922 4792 2025 4850 est,

447 4901 544 4941 nec
574 4885 708 4938 ratio
735 4897 829 4935 nec
854 4879 1132 4946 disciplina
1166 4880 1383 4946 patitur,
1428 4891 1482 4930 ut
1513 4887 1714 4932 temere
1745 4892 1806 4929 ac
1838 4876 2029 4929 leviter

449 4979 722 5032 ordinetur
766 4984 856 5028 aut
891 4975 1169 5042 episcopus
1221 4981 1311 5026 aut
1342 4973 1620 5042 presbyter
1649 4979 1740 5022 aut
1770 4970 2026 5022 diaconus

452 5074 538 5137 qui
592 5071 658 5122 sit
705 5068 1020 5136 neopbytus,
1069 5065 1298 5120 maxime
1338 5079 1455 5117 cum
1499 5063 1839 5116 beatissimus
1890 5061 2030 5126 Apo-

447 5164 613 5216 stoius
636 5161 885 5228 magister
913 5158 1151 5224 gentium
1176 5172 1242 5208 ne
1274 5158 1374 5210 hoc
1403 5154 1556 5209 ﬁeret
1595 5152 1945 5206 denuntiasse
1975 5158 2030 5205 et

447 5253 778 5322 prohibuisse
825 5250 1068 5302 videatur
1097 5291 1110 5315 ,
1162 5247 1255 5300 sed
1307 5248 1357 5299 bi
1403 5260 1626 5316 quorum
1676 5259 1767 5312 pcr
1813 5244 2026 5311 longum

448 5361 659 5416 tempus
706 5345 1004 5399 examinata
1057 5342 1123 5395 sit
1176 5341 1278 5394 vita
1331 5349 1384 5393 et
1427 5337 1616 5392 merita
1661 5337 2025 5406 comprobata.

451 5434 690 5487 Universi
723 5434 972 5484 dixerunt
998 5429 1209 5495 placere
1240 5427 1338 5482 sibi
1365 5428 1497 5481 haec.

453 5528 587 5580 XIV.
638 5527 702 5580 Ill
735 5527 995 5592 rpiswpns
1026 5524 1077 5577 in
1106 5523 1273 5575 aliena
1295 5520 1557 5590 provincia
1578 5535 1678 5573 non
1709 5519 2024 5570 immoratur.

518 5619 672 5670 Osius
705 5617 985 5684 cpiscopus
1027 5615 1164 5668 dixit
1219 5631 1229 5666 :
1273 5613 1382 5668 Hoc
1419 5627 1633 5678 quoque
1674 5620 1908 5665 statuere
1939 5610 2026 5662 de—

523 5721 542 5741 "
578 5711 684 5773 ὦ,
724 5713 1151 5778 peregrinationes
1181 5710 1544 5762 incommodas.

526 5780 549 5812 ”
583 5783 667 5847 l'.,
699 5799 852 5847 neque
884 5782 1064 5834 littera’
1090 5783 1200 5852 ejus
1233 5782 1536 5842 scribantur,
1570 5795 1696 5833 non.

530 5860 551 5886 ε
610 5853 670 5906 Ε.
729 5853 916 5907 vlarers
939 5853 1032 5905 sibi
1065 5853 1195 5905 hanc
1226 5852 1651 5904 constitutionem.

2123 3327 2393 3380 sessiones
2424 3340 2549 3380 suas
2576 3334 2631 3380 et
2658 3325 2940 3395 disponant
2988 3337 3041 3381 et
3069 3325 3321 3380 ordinent
3368 3324 3602 3379 fructum
3645 3325 3724 3378 la-

2126 3419 2271 3474 boris
2309 3420 2414 3483 sui,
2457 3429 2513 3472 ut
2553 3426 2673 3487 post
2704 3428 2815 3474 tres
2845 3418 3170 3484 Dominieas,
3205 3418 3256 3472 id
3287 3427 3368 3472 est
3399 3427 3520 3485 post
3557 3416 3724 3484 septi-

2124 3527 2309 3567 mauas
2339 3520 2448 3566 tres
2475 3509 2518 3565 si
2561 3513 2757 3566 morari
2786 3525 3007 3567 necesse
3037 3510 3128 3576 sit,
3169 3510 3222 3564 itt
3254 3509 3366 3564 suis
3397 3509 3577 3578 potius
3603 3507 3725 3561 fun-

2124 3603 2206 3657 dis
2237 3611 2513 3657 morentur
2547 3620 2561 3656 :
2593 3603 2713 3657 etsi
2742 3611 2823 3657 est
2853 3601 3092 3671 proxima
3124 3601 3310 3656 civitas
3341 3601 3393 3654 in
3423 3613 3528 3666 qua
3555 3613 3723 3667 pres-

2125 3693 2279 3765 byter
2301 3704 2403 3759 est,
2429 3709 2495 3749 ne
2515 3695 2632 3749 sine
2653 3694 2877 3748 ecclesia
2901 3693 3078 3749 facere
3101 3693 3342 3746 videatur
3355 3691 3719 3754 Dominicum,

2123 3788 2401 3854 accedant,
2444 3795 2625 3842 utnec
2658 3802 2742 3843 res
2781 3789 2897 3856 ejus
2936 3787 3246 3842 domestica:
3289 3802 3382 3854 per
3412 3787 3717 3841 absentiam

2123 3880 2239 3951 ejus
2270 3880 2649 3935 detrimentum
2696 3880 3016 3943 sustineant,
3055 3889 3110 3934 et
3145 3896 3248 3934 non
3283 3880 3598 3948 frequenter
3632 3895 3720 3936 ve-

2123 3971 2321 4026 niendo
2352 3971 2415 4024 ad
2447 3973 2605 4024 aliam
2635 3971 2905 4025 civitatem
2939 3971 2992 4022 itt
3022 3984 3123 4038 qua
3153 3979 3234 4023 est
3258 3970 3571 4040 episcOptts,
3601 3984 3724 4025 sus-

2125 4063 2393 4133 picionem
2420 4060 2692 4132 iactantia
2713 4070 2769 4116 et
2804 4061 3112 4116 ambitionis
3143 4061 3434 4116 incurrant.
3469 4060 3722 4117 Universi

2124 4153 2373 4210 dixerunt
2398 4155 2606 4219 placere
2636 4151 2762 4208 sibi.

2348 4255 2482 4310 XVI.
2517 4255 2595 4308 De
2621 4256 2919 4310 clericorum
2946 4255 3485 4310 excontmunicalione.

2197 4347 2352 4402 Osius
2380 4349 2664 4416 episcopus
2686 4349 2819 4402 dixit
2847 4363 2860 4400 :
2885 4349 2939 4401 Si
2966 4348 3063 4400 ltoc
3087 4362 3297 4415 quoque
3320 4347 3575 4404 omnibus
3606 4350 3722 4416 pla-

2125 4449 2228 4504 cet,
2254 4451 2307 4496 ut
2324 4441 2728 4500 sivediaconus.
2760 4444 2872 4494 sive
2895 4442 3193 4508 presbyter,
3225 4442 3335 4493 sive
3361 4440 3478 4504 quis
3500 4441 3725 4498 clerico-

2131 4549 2245 4586 rum
2269 4534 2339 4586 ab
2365 4533 2616 4601 episcopo
2646 4546 2742 4585 suo
2771 4529 3145 4585 communione
3177 4530 3332 4585 fuerit
3367 4533 3636 4599 privatus,
3673 4545 3724 4589 ct

2130 4623 2194 4677 ad
2235 4624 2461 4677 alterum
2503 4623 2767 4692 perexerit
2808 4624 3111 4691 episcopum
3138 4661 3151 4683 ,
3185 4632 3238 4676 et
3288 4624 3472 4677 scierit
3517 4623 3613 4678 ille
3658 4627 3722 4680 ad

2129 4730 2284 4786 quem
2316 4714 2615 4784 confugerit
2655 4729 2777 4769 eum
2819 4716 2886 4769 ab
2924 4715 3178 4783 episcopo
3209 4727 3308 4767 suo
3338 4714 3503 4769 fuisse
3538 4717 3720 4784 abjecs

2131 4820 2279 4873 tum;
2327 4823 2430 4862 non
2480 4817 2689 4876 oportet
2734 4817 2792 4861 ut
2838 4809 2886 4861 ei
2929 4808 3372 4866 communionem.
3399 4807 3718 4878 indulgeat:

2129 4903 2269 4972 quod
2299 4903 2342 4955 si
2373 4901 2590 4967 fecerit,
2633 4901 2766 4955 sciat
2807 4915 2866 4957 se
2899 4903 3208 4956 convocatis
3231 4901 3497 4970 episcOpis
3529 4915 3722 4954 causas

2130 5009 2249 5048 esse
2279 4994 2562 5048 dicturum.
2609 4993 2851 5049 Universi
2881 4995 3130 5048 dixerunt
3176 5010 3187 5044 :
3236 4993 3342 5047 lloc
3373 5003 3640 5049 statutum
3673 5005 3721 5047 et

2129 5099 2313 5156 pacem
2339 5086 2571 5140 servabit
2600 5095 2654 5140 et
2676 5087 2940 5141 custodiet
2964 5086 3331 5141 concordiam.

2132 5202 2295 5258 XVII.
2346 5203 2519 5257 Licere
2555 5203 2779 5264 clericis,
2831 5203 2874 5254 si
2919 5202 3102 5264 iniuste
3146 5201 3332 5269 fuerint
3368 5200 3722 5252 excommuni-

2511 5277 2632 5338 rati,
2666 5274 2851 5326 uicinos
2879 5273 3021 5325 adire
3048 5272 3330 5342 episcopos.

2205 5391 2360 5446 Osius
2382 5393 2664 5458 episcopus
2703 5387 2834 5440 dixit
2867 5405 2879 5440 :
2913 5386 3047 5452 Quid
3077 5399 3161 5439 me
3184 5383 3358 5438 adhuc
3383 5393 3610 5439 moveat
3643 5399 3723 5439 re.

2135 5485 2300 5539 ticere
2328 5500 2432 5538 non
2462 5483 2632 5537 debeo
2665 5498 2675 5531 :
2709 5481 2751 5533 si
2785 5480 3066 5548 episcopus
3093 5479 3211 5545 quis
3239 5477 3376 5530 forte
3402 5477 3720 5540 iracundus,

2134 5584 2271 5650 quod
2317 5596 2435 5636 esse
2484 5595 2585 5634 non
2624 5577 2803 5638 debet,
2837 5577 2943 5629 cito
2969 5583 3059 5625 aut
3089 5587 3276 5640 aSpere
3313 5579 3722 5627 commoveatur

2205 5695 2227 5731 δ
2259 5697 2366 5754 Ᾱέ..
2397 5696 2454 5748 Β.
2476 5695 2562 5752 Β..
2592 5689 2653 5743 Ε.
2682 5691 2733 5746 5.
2771 5687 2860 5750 IL,
2895 5696 3136 5739 tractetts.

2209 5778 2228 5800 ο
2262 5768 2376 5830 Ᾰῦη
2413 5767 2470 5818 Β.
2493 5765 2579 5822 Π..
2610 5763 2667 5814 Ε.
2700 5763 2751 5825 '5,
2784 5759 2846 5815 Τ.
2880 5759 2926 5819 I,
2961 5757 3015 5821 2,
3047 5756 3133 5823 IL,
3166 5756 3406 5810 alienam.

2211 5837 2226 5874 ί
2264 5839 2327 5891 Τ.
2364 5835 2500 5901 1,’⁴ὶ,
2535 5834 2622 5897 ll.,
2652 5830 3018 5899 prohibendum
3041 5839 3134 5882 est.
