3882 6364
420 502 461 560 l.
505 497 630 555 Non
659 496 811 552 licere
856 490 1043 561 pascha
1072 488 1268 561 diverso
1295 494 1523 561 tempore
1567 477 1735 549 facere
1763 486 1922 541 neque
1989 459 2466 530 Aincrepationis,
2539 458 2792 523 tanquam

844 554 959 617 cum
999 558 1197 613 Iudicis
1230 554 1502 610 celebrare.

458 686 656 740 Omnes
704 680 794 750 qui
838 677 1035 732 audent
1087 673 1380 728 dissolvere
1432 665 1669 733 regulam
1712 655 1881 713 sancti
1912 662 1967 708 et

388 775 565 847 magni
593 772 804 829 concilii
835 769 1056 831 Nicasni,
1108 764 1247 833 quod
1277 762 1605 817 celebratum
1635 765 1712 809 est
1747 754 1798 805 in
1827 762 1967 818 pra:—

387 842 559 927 sentis
584 868 675 922 Dei
704 874 759 921 et
789 860 1137 918 amantissimi
1161 867 1189 896 ι
1219 854 1557 912 Constantini
1604 842 1966 914 imperatoris,

390 960 461 1018 de
488 968 673 1016 sancta
703 967 758 1013 et
797 954 1014 1011 salutari
1066 951 1348 1006 lestivitate
1394 941 1630 1016 paschali
1678 936 1971 993 Salvaturis

389 1052 585 1117 nostri,
625 1046 1118 1106 excomtnunicatos
1140 1054 1193 1097 et
1221 1041 1461 1108 abjectos
1487 1035 1555 1089 ab
1578 1030 1816 1089 Ecclesia
1848 1042 1971 1084 esse

394 1142 614 1209 debere,
647 1141 877 1196 maxime
913 1139 960 1191 si
1003 1140 1346 1205 perseverent
1394 1129 1572 1183 studio
1614 1119 1972 1178 contentionis

394 1234 463 1290 ad
492 1232 842 1288 subvertenda
874 1243 934 1284 ea
981 1242 1099 1297 qua:
1147 1224 1347 1294 optime
1376 1218 1663 1275 constituta
1708 1223 1871 1270 sunt:
1920 1219 1975 1265 et

395 1326 510 1383 inec
533 1325 744 1396 quidem
768 1324 907 1377 dicta
941 1332 1063 1375 sunt
1091 1319 1158 1373 de
1180 1316 1347 1371 Iaicis.
1372 1314 1428 1368 Si
1461 1320 1638 1365 autem
1669 1308 1737 1364 de
1771 1318 1973 1377 praepo-

396 1420 514 1477 sitis
539 1418 791 1475 Ecclesia:
836 1416 1049 1485 aliquis,
1080 1414 1131 1467 id
1162 1421 1245 1467 est
1278 1411 1360 1464 vel
1385 1409 1671 1476 episcopus
1699 1403 1781 1457 vel
1830 1414 1976 1470 pres-

398 1513 554 1584 byter
588 1512 668 1565 vel
720 1510 976 1565 diaconus
1007 1514 1148 1577 opost
1199 1506 1336 1559 hanc
1389 1500 1755 1558 deﬁnitionem
1814 1509 1976 1549 ausus

399 1602 563 1659 fuerit
598 1601 623 1638 δ
656 1602 707 1656 in
739 1599 1145 1655 subversionem
1182 1595 1499 1665 populorum
1545 1599 1599 1645 et
1626 1584 1979 1657 perturbatio-

401 1711 523 1752 nem
550 1695 895 1751 ecclesiarum
939 1702 960 1731 ε
994 1691 1225 1745 retinere
1260 1685 1286 1724 ἀ
1322 1695 1519 1741 etcum
1549 1681 1747 1737 Judaeis
1788 1677 1977 1747 pascha

1067 364 1446 431 COLLECTIO
1482 354 1816 422 CANONUM
1860 353 1920 411 S.
1958 345 2233 407 ISIDOBO
2275 340 2538 399 l'llSPAL.
2583 332 2946 394 ASCRIPTA.

3565 315 3671 376 124

2861 445 3228 505 ecclesiastica
3274 442 3393 514 jura
3462 440 3669 499 dissol-

2068 569 2219 609 νθηδ.

2103 645 2190 700 iV.
2250 640 2371 697 Non
2409 641 2559 695 licere
2600 640 2838 705 episcOpo
2878 634 2956 689 vel
3016 634 3297 699 cuicunque
3350 629 3538 684 clerico
3587 628 3633 682 si

2410 720 2776 766 exauctoratus
2810 708 2966 774 fuerit
2997 706 3309 757 ministrare.

2143 807 2197 864 Si
2228 806 2349 877 quis
2373 804 2655 874 episcopus
2681 814 2711 853 a
2740 797 2947 870 synodo
2974 804 2997 833 ε
3031 792 3190 849 fuerit
3236 791 3535 860 depositus,
3586 787 3672 843 vel

2072 903 2357 976 presbyter
2387 900 2469 954 vel
2510 898 2769 951 diaconus
2800 908 2830 947 a
2862 891 3082 962 pmprio
3125 888 3380 953 episcOpo
3408 884 3673 939 condem-

2072 1008 2250 1062 natus,
2283 1004 2337 1049 et
2368 989 2771 1064 praesumpserit
2798 984 3083 1041 sacerdotii
3129 996 3225 1036 seu
3252 980 3391 1035 sacri
3422 978 3674 1033 ministe-

2074 1088 2136 1144 rii
2167 1087 2463 1159 quidpiam,
2493 1098 2599 1138 non
2626 1082 2678 1137 ei
2705 1080 2933 1148 amplius
2965 1076 3121 1130 liceat
3148 1087 3322 1143 neque
3346 1072 3400 1125 in
3435 1072 3539 1124 alia
3574 1085 3671 1141 sy-

2076 1182 2217 1236 nodo
2262 1194 2411 1248 spem
2464 1174 2820 1230 restitutionis
2874 1170 3097 1234 habere,
3138 1181 3311 1238 neque
3357 1164 3679 1220 a'ssertionis

2076 1272 2303 1342 alicuius
2337 1270 2549 1331 locum;
2582 1266 2676 1322 sed
2716 1273 2771 1320 et
2797 1265 3258 1318 communicantes
3282 1259 3331 1315 ei
3363 1272 3552 1313 omnes
3580 1257 3684 1312 ab-

2070 1367 2164 1442 jici
2194 1368 2262 1421 ab
2292 1362 2553 1425 Ecclesia,
2578 1371 2633 1414 et
2664 1356 2894 1413 maxime
2916 1356 2959 1410 si
2995 1365 3280 1425 postquam
3305 1360 3683 1420 cognoverunt

2077 1459 2402 1519 sententiam
2432 1454 2691 1510 adversus
2722 1466 2845 1506 eum
2881 1449 3046 1504 fuisse
3083 1445 3374 1517 prolatam,
3400 1445 3452 1501 ei
3482 1452 3682 1499 contu-

2080 1555 2304 1611 maeiter
2335 1546 2898 1604 communicaverunt.

2080 1644 2148 1703 Υ.
2195 1645 2317 1702 Non
2348 1643 2501 1697 licere
2528 1638 2729 1693 clericis
2758 1642 3048 1759 squ/empto
3074 1631 3315 1701 episcopo
3342 1636 3533 1684 semota
3570 1627 3686 1682 col-

2821 1721 2975 1759 taere.

2821 1721 2975 1777 igere.

401 1787 634 1890 vetuerit
661 1786 969 1890 celebrare;
1001 1781 1144 1887 hunc
1174 1789 1357 1885 sancta
1387 1776 1623 1848 synodus
1650 1771 1982 1844 iamiamque
2014 1830 2063 1890 Β
2162 1809 2221 1866 Si
2251 1809 2369 1877 quis
2417 1803 2703 1876 presbyter
2753 1771 2860 1854 an"
2893 1799 3170 1861 diaconus,
3226 1802 3537 1860 emneme
3583 1805 3689 1848 suo

402 1880 633 1936 alienum
690 1879 758 1933 ab
812 1876 1047 1932 Ecclesia
1077 1889 1195 1931 esse
1231 1872 1509 1941 judicavit,
1563 1878 1814 1937 tanquam
1864 1879 1984 1917 eum

402 1969 493 2040 qui
522 1984 627 2024 non
651 1968 822 2023 solum
852 1964 1055 2037 preprii
1101 1962 1301 2032 peccati
1343 1975 1467 2016 reus
1505 1961 1593 2024 sit,
1633 1956 1727 2012 sed
1765 1963 1819 2009 et
1856 1954 1988 2008 alio-

404 2075 522 2117 rum
563 2070 828 2127 corrupta:
860 2058 1052 2111 mentis
1081 2062 1137 2111 et
1163 2052 1584 2110 conversationis
1618 2048 1987 2117 supplantator

407 2155 676 2207 exstiterit
705 2167 717 2203 :
756 2160 809 2204 et
851 2166 953 2204 non
990 2149 1162 2204 solum
1196 2144 1497 2218 huiusmodi
1528 2142 1723 2213 deponi
1754 2155 1781 2194 a
1808 2153 1987 2194 sacer-

403 2241 554 2298 dotio
575 2252 629 2299 et
671 2241 993 2308 ministerio,
1039 2240 1133 2296 sed
1161 2250 1215 2296 et
1244 2239 1340 2295 hos
1378 2237 1467 2308 qui
1498 2235 1576 2291 eis
1624 2233 1739 2288 ausi
1794 2228 1990 2286 fuerint

404 2337 801 2393 communicare
841 2347 959 2406 post
1007 2332 1441 2393 damnationem;
1492 2326 1770 2395 depositos
1809 2331 1987 2376 autem

405 2428 569 2484 etiam
601 2426 803 2483 honore
846 2425 937 2496 qui
981 2425 1315 2480 extrinsecus
1366 2429 1449 2477 est
1504 2418 1701 2488 privari
1756 2420 1985 2483 oportet,

407 2537 566 2593 quem
595 2532 810 2579 sanctus
838 2537 1009 2577 canon
1042 2531 1096 2576 et
1126 2520 1221 2576 Dei
1241 2517 1601 2576 sacerdotium
1628 2512 1843 2571 meruit.

402 2634 467 2693 H.
524 2635 647 2689 Non
698 2635 846 2689 licere
902 2633 1306 2687 communionem
1351 2629 1598 2686 Ecclesia:
1646 2639 1987 2692 contemnere,

686 2715 773 2761 aut
804 2706 1259 2761 excommunicatis
1301 2702 1699 2759 communicare.

475 2821 673 2877 Omnes
703 2820 794 2889 qui
824 2820 1196 2890 ingrediuntur
1224 2820 1277 2874 in
1319 2817 1605 2874 ecclesiam
1657 2814 1754 2871 Dei
1794 2821 1849 2869 et
1903 2826 1989 2867 sa-

409 2927 526 2969 cras
551 2912 856 2982 Scriptmas
898 2912 1140 2978 audiunt,
1194 2927 1299 2966 non
1345 2919 1524 2965 autem
1556 2924 1677 2963 cum
1708 2906 1903 2976 populo
1932 2905 1986 2961 in

406 3007 648 3060 oratione
685 3006 1097 3069 communicant,
1147 3004 1495 3060 adversantur
1518 3001 1624 3073 43
1666 3000 1828 3055 etiam
1856 3013 1986 3054 san-

406 3103 545 3152 ctam
576 3096 993 3163 assumptionem
1026 3094 1280 3149 dominici
1329 3092 1653 3149 sacramenti
1689 3091 1986 3148 secundum

2088 1902 2363 1971 episcopo,
2392 1912 2451 1952 se
2478 1898 2650 1961 ipsum
2674 1892 2742 1945 ab
2768 1889 3009 1946 Ecclesia
3040 1884 3401 1957 segregaverit
3430 1894 3484 1938 et
3510 1884 3691 1951 priva-

2090 1994 2183 2049 tim
2213 1994 2352 2061 apud
2385 2004 2445 2045 se
2482 1987 2720 2042 rollectis
2753 1982 2961 2053 pupulis
2987 1978 3105 2051 [U.,
3140 1974 3487 2050 presbyteris]
3518 1976 3692 2032 altare

2088 2087 2296 2157 erigere
2324 2098 2485 2137 ausus
2536 2080 2717 2144 fuerit,
2770 2085 2825 2131 et
2864 2075 3236 2141 nihilominus,
3281 2071 3539 2141 episcOpo
3586 2084 3691 2124 suo

2088 2182 2405 2237 exhortante
2428 2183 2483 2231 et
2512 2175 2677 2230 semel
2707 2181 2762 2228 et
2791 2171 2984 2225 iterum
3009 2166 3119 2239 Μ
3159 2176 3467 2231 revocante,
3500 2164 3693 2218 inobe-

2090 2273 2245 2327 diens
2270 2267 2572 2331 exstiterit;
2603 2266 2745 2318 hunc
2788 2261 2961 2315 modis
3005 2257 3254 2314 omnibus
3284 2255 3691 2325 deponendum,

2090 2378 2192 2420 nec
2223 2359 2509 2431 aliquando
2560 2355 2820 2424 consequi
2877 2352 3212 2407 curatiOuem
3270 2358 3362 2402 aut
3409 2347 3691 2416 proprium

2092 2455 2350 2511 honorem
2374 2450 2615 2519 recipere
2644 2455 2846 2517 speret.
2890 2444 3040 2512 Quod
3087 2442 3131 2496 si
3175 2440 3335 2493 etiam
3368 2452 3694 2507 persevera-

2092 2546 2229 2602 verit
2254 2543 2578 2615 perturbans
2619 2551 2672 2595 et
2713 2538 2993 2591 concitatis
3035 2532 3361 2597 Ecclesiam,
3410 2544 3532 2600 qua:
3559 2528 3696 2586 loris

2091 2649 2197 2705 est,
2228 2646 2478 2707 tanquam
2502 2632 2819 2688 seditiosum
2863 2627 3064 2696 corripi
3087 2633 3324 2694 opai-tet.

2529 2725 2616 2781 Ἠ.
2676 2724 2754 2779 De
2784 2720 3262 2779 excommunicatis.

2159 2823 2216 2880 Si
2252 2821 2370 2894 quis
2402 2835 2431 2875 a
2471 2817 2690 2890 proprio
2730 2817 2985 2885 episcopo
3033 2810 3541 2868 escommunicatus
3583 2817 3693 2877 est,

2090 2932 2199 2973 non
2228 2930 2351 2975 eum
2382 2914 2529 2983 prius
2556 2912 2626 2967 ab
2674 2910 2795 2965 aliis
2842 2908 3044 2963 debere
3090 2905 3313 2973 suscipi,
3359 2905 3460 2959 nisi
3513 2919 3541 2955 a
3594 2919 3699 2961 suo

2092 3008 2255 3068 fuerit
2284 3015 2531 3075 receptus
2552 3004 2828 3073 episcopo,
2863 3011 2953 3056 aut
2982 3001 3213 3055 concilio
3247 2999 3387 3053 l'acto
3418 3008 3697 3064 occurrat,

2092 3111 2146 3158 et
2177 3100 2517 3172 respondeat,
2552 3108 2607 3154 et
2625 3097 2833 3168 synodo
2858 3095 3203 3159 satisfecerit,
3235 3102 3290 3147 et
3323 3094 3571 3146 statuerit
3594 3093 3703 3149 sub

404 3188 637 3258 aliquam
668 3182 935 3257 propriam
967 3188 1297 3256 disciplinam
1330 3202 1344 3238 ζ
1380 3187 1477 3239 IIOS
1522 3183 1681 3252 abjici
1707 3183 1773 3238 ab
1801 3182 1988 3237 Eccle-
2016 3193 2065 3260 ο
2096 3195 2197 3249 aug
2229 3193 2517 3253 gementia.
2552 3190 2720 3259 recipi
2767 3196 3001 3257 oportet,
3032 3186 3184 3255 ρυυά
3221 3186 3384 3240 etiam
3415 3186 3556 3240 circa
3594 3186 3698 3238 lai-

409 3285 491 3341 sia
544 3292 775 3355 oportet,
818 3284 990 3340 donec
1031 3283 1345 3339 conﬁtentes
1387 3281 1615 3339 fructum
1673 3283 1998 3352 paenitentis:

410 3375 796 3443 demortStrent,
833 3388 886 3433 et
912 3376 1184 3447 deprecati
1227 3376 1418 3432 fuerint
1449 3386 1506 3430 ut
1540 3376 1660 3430 data
1725 3376 1876 3430 venia
1917 3390 2000 3429 sn-

408 3465 541 3537 scipi
576 3477 896 3524 mereantur.
933 3468 1045 3522 Non
1075 3481 1255 3522 autem
1300 3467 1459 3523 liceat
1481 3470 1876 3522 communicare
1906 3483 1998 3522 ex-

410 3562 841 3627 communicatis,
893 3574 1064 3628 neque
1091 3575 1184 3629 per
1226 3559 1414 3615 domos
1461 3560 1689 3628 ingredi,
1732 3574 1829 3613 nec
1876 3572 1997 3611 cum

413 3656 495 3711 eis
522 3670 678 3710 orare
717 3655 805 3722 qui
850 3653 1101 3707 Ecclesiae
1132 3667 1236 3706 non
1286 3652 1610 3721 participant
1647 3650 1700 3704 in
1733 3649 1995 3711 oratione,

412 3761 513 3803 nec
534 3746 586 3801 in
612 3746 831 3801 alteram
863 3742 1159 3798 Ecclesiam
1202 3744 1367 3811 recipi
1408 3742 1495 3811 qui
1528 3742 1594 3795 ab
1625 3740 1725 3795 alia
1760 3754 1993 3794 excom-

415 3838 773 3894 municantur.
822 3832 972 3900 Quod
1004 3834 1047 3887 si
1076 3831 1222 3888 visus
1263 3830 1421 3886 fuerit
1460 3829 1683 3897 quilibet
1720 3830 1999 3897 episcopo-

416 3947 557 3999 rum,
590 3930 672 3983 vel
715 3928 1169 3999 presbyterorum,
1202 3933 1293 3977 aut
1316 3924 1684 3988 diaconorum,
1714 3921 1799 3975 vel
1838 3921 1999 3975 etiam

416 4024 507 4094 qui
529 4024 579 4076 in
605 4036 808 4077 canone
838 4022 1159 4081 detinentur,
1190 4015 1665 4089 excommunicatis
1688 4014 1996 4069 communi-

418 4131 571 4181 care;
599 4124 653 4170 et
679 4113 817 4166 hunc
854 4120 1066 4179 oportet
1097 4107 1473 4163 communione
1500 4105 1717 4176 privari,
1750 4113 1999 4173 tanquam

420 4206 676 4264 Ecclesiae
705 4204 915 4275 regulas
953 4200 1389 4257 conl’undentem.

458 4320 545 4377 Ill.
589 4319 709 4375 Non
737 4317 915 4373 debere
951 4316 1194 4370 clericum
1232 4314 1300 4366 ad
1344 4311 1635 4366 Ecclesium
1671 4311 1832 4365 aliam
1864 4312 1965 4364 nti-

840 4399 1069 4459 grantcm
1112 4386 1182 4439 ibi
1228 4399 1569 4453 perseverare.

498 4509 551 4563 Si
576 4507 692 4578 quis
707 4504 1000 4573 presbyter,
1020 4503 1103 4556 vel
1126 4502 1400 4565 diaconus,
1415 4498 1498 4554 vel
1517 4494 1999 4567 quilibetclericus,

428 4601 640 4659 deserta
684 4612 777 4652 sua
822 4593 1077 4661 Ecclesia,
1139 4594 1203 4645 ad
1247 4591 1406 4645 aliam
1454 4589 1840 4645 transeundum
1890 4602 2009 4643 esse

426 4693 738 4756 crediderit,
773 4699 826 4745 et
870 4688 942 4742 ibi
978 4686 1226 4756 paulatim
1273 4692 1439 4739 tentet
1484 4697 1589 4751 quo
1618 4681 1865 4751 migravit
1896 4696 2014 4746 per—

430 4796 592 4858 petuo
642 4794 975 4853 permanere,
1030 4776 1253 4831 ulterius
1301 4774 1607 4828 ministrare
1671 4786 1776 4824 non
1835 4768 2013 4833 debet,

431 4877 729 4953 praesertim
761 4876 802 4927 si
836 4874 904 4927 ab
932 4874 1183 4940 episcOpo
1223 4885 1317 4923 suo
1344 4868 1407 4921 ad
1439 4867 1816 4923 revertendum
1861 4864 2019 4917 fuerit

431 4972 743 5028 exhortatus
772 4964 855 5038 [T.
896 4965 944 5028 l,
988 4957 1281 5029 exoratus].
1321 4960 1471 5026 Quod
1499 4960 1544 5013 si
1587 4969 1641 5013 et
1687 4967 1805 5028 post
1830 4971 2019 5010 evoca-

437 5064 631 5118 tionem
654 5063 732 5115 sui
759 5058 990 5128 episcom
1016 5071 1120 5109 non
1148 5053 1429 5122 oltedierit,
1460 5052 1550 5107 sed
1577 5049 2017 5121 perseveraverit,

438 5150 786 5208 mntnsmodis
831 5151 896 5201 alt
927 5148 1106 5201 cilicio
1137 5161 1233 5199 suo
1271 5145 1467 5214 deponi
1515 5144 1735 5207 debere,
1794 5158 1894 5197 nec
1925 5140 2020 5194 ali-

436 5245 649 5317 quando
679 5258 829 5313 spem
862 5239 1211 5295 restitntionis
1244 5238 1459 5293 trahere.
1507 5239 1560 5293 Si
1589 5237 1705 5306 quis
1731 5250 1861 5291 vero
1900 5248 2023 5304 pro-

440 5349 554 5409 pter
589 5337 728 5389 hanc
767 5334 975 5401 culpant
1008 5330 1310 5399 depositum
1338 5327 1474 5381 altus
1521 5328 1801 5395 episcotms
1832 5341 2020 5380 susce-

442 5433 601 5501 perit,
628 5440 680 5483 et
720 5428 834 5498 ipse
872 5442 901 5479 a
933 5422 1201 5480 communi
1234 5419 1442 5491 synodo
1485 5434 1695 5487 poenam
1731 5417 2022 5473 merehitur

518 5598 543 5625 ιι
578 5587 691 5652 115.,
724 5590 774 5641 in
808 5585 1073 5656 privsentia
1098 5579 1288 5656 domini
1310 5575 1660 5656 amantissimi.

519 5657 545 5696 ι)
585 5646 1050 5725 0.,ἰιθβὲιὶιὶοηεηι
1088 5665 1134 5708 et
1175 5655 1307 5704 hunc
1352 5650 1820 5725 terntinunrnusus
1850 5646 2021 5713 luerit.

519 5742 541 5769 ε
586 5720 1008 5794 AS.,’E.~S,'U.,
1043 5729 1091 5778 in
1139 5724 1455 5777 subversione
1493 5720 1796 5789 populorum
1840 5726 1886 5771 et
1913 5734 2027 5785 pcr-

446 5802 722 5860 lttrbatione
755 5802 1117 5854 Erclesiurmn.

522 5874 549 5916 ά
589 5873 681 5945 0.,
718 5876 948 5932 resistere
975 5875 1027 5927 in
1053 5871 1152 5941 Itis,
1195 5876 1246 5925 et
1284 5880 1402 5925 cum
1446 5862 1664 5926 Jttdwls.
1712 5860 1777 5923 C.
1833 5860 2026 5920 nitatur

2100 3302 2213 3351 cos,
2246 3284 2680 3355 etpreshyteros,
2706 3281 3028 3336 etdiaconos
3057 3290 3111 3335 et
3137 3294 3323 3335 omnes
3344 3280 3432 3351 qui
3463 3278 3516 3333 in
3546 3281 3703 3335 clero

2100 3387 2223 3434 sunt
2250 3376 2504 3432 convenit
2542 3373 2843 3428 observari.

2139 3472 2248 3525 V'll.
2300 3467 2521 3523 Nullum
2567 3466 2892 3537 peregrinum
2932 3464 3118 3531 absque
3166 3463 3398 3534 epistolio
3439 3462 3657 3529 suscipi.

2172 3560 2382 3616 Nullum
2448 3559 2650 3628 absque
2699 3558 2968 3624 formata,
3026 3569 3182 3624 quam
3245 3548 3417 3607 Graeci
3476 3554 3694 3620 episto-

2106 3655 2232 3708 lium
2292 3651 2311 3691 ί
2374 3651 2579 3717 dicunt,
2640 3650 3048 3719 peregrinorum
3121 3649 3438 3701 clericorum
3494 3646 3706 3717 suscipi

2102 3755 2334 3817 oportet.

2214 3837 2468 3915 νιιι.,υι
2513 3835 2747 3903 epistolia
2790 3833 2888 3887 soli
2937 3833 3286 3905 rhorepiscori
3334 3833 3550 3903 faciant.

2176 3931 2357 3999 Neque
2390 3928 2731 3998 presbytetes
2771 3927 2835 3978 ad
2879 3926 3123 3993 regiones
3154 3924 3473 3992 longinquas
3500 3926 3710 3977 [orma-

2106 4033 2208 4089 tas,
2242 4022 2294 4076 id
2335 4031 2421 4076 est
2447 4019 2733 4073 canonicas
2764 4016 3021 4087 epistolas
3065 4016 3217 4079 dare,
3253 4016 3352 4070 nisi
3399 4017 3463 4069 ad
3496 4017 3713 4086 episco-

2106 4133 2204 4187 pos
2246 4117 2500 4171 linitimos
2546 4114 2818 4183 simplices
2868 4112 3123 4182 epistolas
3173 4112 3421 4175 mittere;
3474 4110 3713 4165 vicario:

2107 4230 2234 4271 vero
2279 4214 2650 4281 episcoporum
2682 4220 2732 4275 ις,
2763 4208 2911 4278 quia
2940 4207 3147 4262 Graecis
3190 4204 3562 4274 chorcpiscopi
3609 4218 3714 4274 ap-

2107 4307 2395 4378 pellantur,
2426 4305 2684 4359 formatas
2717 4299 2894 4355 facere
2925 4299 3103 4352 liceat.

2429 4417 2519 4470 IX.
2563 4414 2639 4469 De
2675 4415 3072 4484 metropolitanis
3109 4414 3381 4484 episcopis.

2040 4563 2091 4623 Β
2191 4536 2293 4591 Per
2343 4532 2580 4602 singulas
2630 4530 2933 4601 provincias
2972 4530 3253 4598 episcOpos
3284 4528 3522 4599 singulos
3562 4530 3714 4589 scire

2116 4636 2329 4698 oportet
2359 4626 2668 4694 episcopum
2699 4620 3190 4689 metropolitanum,
3237 4620 3323 4687 qui
3368 4631 3584 4689 prmest,
3616 4637 3718 4676 cn-

2112 4714 2231 4775 ratn
2284 4728 2339 4774 et
2391 4715 2804 4773 sollicitudinem
2845 4716 3007 4768 totius
3036 4712 3325 4781 provincia:
3362 4712 3715 4781 suscepisse:

2120 4822 2339 4882 propter
2384 4813 2523 4880 quod
2566 4807 2633 4861 ad
2674 4805 3142 4876 metropolitanam
3192 4802 3465 4857 civitatem
3516 4803 3583 4856 ab
3631 4805 3719 4858 his

2120 4909 2209 4979 qui
2256 4923 2443 4962 causas
2490 4908 2687 4960 habent
2718 4903 2833 4957 sine
2864 4901 3027 4956 dubio
3054 4906 3424 4954 concurratur.
3460 4897 3718 4965 Quapro-

2122 5012 2239 5073 pter
2270 5003 2465 5070 placuit
2514 5012 2635 5051 eum
2684 5006 2737 5051 et
2768 4995 2976 5049 honore
3022 4992 3235 5061 pra-ire,
3288 5001 3340 5044 et
3392 4989 3522 5043 nihil
3571 4990 3719 5042 ultra

2120 5097 2237 5151 sine
2284 5094 2400 5165 ipso
2443 5090 2680 5159 reliquos
2719 5088 3001 5157 episcopos
3031 5099 3194 5154 agere
3240 5084 3534 5137 secundum
3568 5081 3718 5135 anti-

2121 5204 2281 5258 quum
2311 5193 2517 5253 patrum
2550 5191 2852 5237 nostrorum
2897 5178 2986 5247 qui
3027 5176 3256 5231 obtinuit
3295 5188 3581 5233 canonem,
3615 5172 3724 5228 nisi

2125 5281 2238 5334 haec
2269 5288 2473 5333 tantum
2505 5290 2624 5343 quae
2655 5270 3072 5342 uniuscujusque
3115 5268 3231 5340 [δη
3280 5262 3595 5335 unicuique]
3626 5279 3721 5320 cc-

2123 5373 2299 5427 clesia:
2343 5386 2435 5439 per
2476 5380 2625 5422 suam
2666 5364 2942 5421 dimcesim
2975 5368 3308 5432 competunt.
3340 5354 3723 5428 Unumquem-

2124 5556 2354 5611 retinere.

2202 5641 2224 5663 υ
2266 5628 2329 5678 'l‘.
2367 5626 2415 5687 l,
2456 5624 2510 5685 2,
2546 5634 2688 5673 asua
2711 5617 2926 5688 synodo.

2203 5700 2220 5734 ¹’
2267 5698 2343 5751 Ex
2375 5680 2615 5757 reliquis,
2652 5680 2843 5759 printer
2877 5693 2965 5751 A.,
3000 5686 3051 5740 in
3083 5698 3211 5755 quo,
3242 5680 3538 5759 epistolam.

2201 5779 2225 5818 Β
2270 5770 2327 5824 Β.
2352 5768 2443 5836 ιι.,
2479 5752 2546 5822 'l‘.
2581 5752 2635 5834 1,
2654 5752 2717 5833 '2,
2752 5758 2840 5830 υ.,
2880 5752 3234 5816 vicarius—cera
3261 5752 3547 5824 episcopos.
