  <div class='ocr_page' id='page_1' title='image "/cluster/home/n/w/nwhite01/storage/ocr_20150623/84/uva.x000827071/071.png"; bbox 0 0 3882 6352; ppageno 0'>
   <div class='ocr_carea' id='block_1_1' title="bbox 422 408 520 464">
    <p class='ocr_par' dir='ltr' id='par_1_1' title="bbox 422 408 520 464">
     <span class='ocr_line' id='line_1_1' title="bbox 422 408 520 464; baseline -0.051 0"><span class='ocrx_word' id='word_1_1' title='bbox 422 408 520 464; x_wconf 64' lang='lat'><strong>19.7</strong></span> 
     </span>
    </p>
   </div>
   <div class='ocr_carea' id='block_1_2' title="bbox 420 485 1993 581">
    <p class='ocr_par' dir='ltr' id='par_1_2' title="bbox 420 485 1993 581">
     <span class='ocr_line' id='line_1_2' title="bbox 420 485 1993 581; baseline -0.025 -2"><span class='ocrx_word' id='word_1_2' title='bbox 420 523 592 581; x_wconf 85' lang='lat' dir='ltr'><strong>chiam</strong></span> <span class='ocrx_word' id='word_1_3' title='bbox 623 517 705 573; x_wconf 91' lang='lat' dir='ltr'><strong>cui</strong></span> <span class='ocrx_word' id='word_1_4' title='bbox 737 513 1011 570; x_wconf 85' lang='lat' dir='ltr'><strong>ordinatus</strong></span> <span class='ocrx_word' id='word_1_5' title='bbox 1040 515 1142 574; x_wconf 88' lang='lat' dir='ltr'><strong>est,</strong></span> <span class='ocrx_word' id='word_1_6' title='bbox 1185 504 1228 558; x_wconf 89' lang='lat' dir='ltr'><strong>si</strong></span> <span class='ocrx_word' id='word_1_7' title='bbox 1262 517 1366 556; x_wconf 92' lang='lat' dir='ltr'><strong>non</strong></span> <span class='ocrx_word' id='word_1_8' title='bbox 1393 511 1491 553; x_wconf 89' lang='lat' dir='ltr'><strong>suo</strong></span> <span class='ocrx_word' id='word_1_9' title='bbox 1526 493 1658 548; x_wconf 81' lang='lat' dir='ltr'><strong>vitio</strong></span> <span class='ocrx_word' id='word_1_10' title='bbox 1700 500 1722 527; x_wconf 81' lang='grc' dir='ltr'>α</span> <span class='ocrx_word' id='word_1_11' title='bbox 1753 487 1846 543; x_wconf 89' lang='lat' dir='ltr'><strong>sed</strong></span> <span class='ocrx_word' id='word_1_12' title='bbox 1880 485 1993 555; x_wconf 88' lang='lat' dir='ltr'><strong>ple-</strong></span> 
     </span>
    </p>
   </div>
   <div class='ocr_carea' id='block_1_3' title="bbox 423 589 1997 670">
    <p class='ocr_par' dir='ltr' id='par_1_3' title="bbox 423 589 1997 670">
     <span class='ocr_line' id='line_1_3' title="bbox 423 589 1997 670; baseline -0.025 -1"><span class='ocrx_word' id='word_1_13' title='bbox 423 617 504 670; x_wconf 86' lang='lat' dir='ltr'><strong>bis</strong></span> <span class='ocrx_word' id='word_1_14' title='bbox 536 610 754 666; x_wconf 78' lang='lat' dir='ltr'><strong>l&#39;orsitan</strong></span> <span class='ocrx_word' id='word_1_15' title='bbox 797 600 1240 662; x_wconf 89' lang='lat' dir='ltr'><strong>contradictione,</strong></span> <span class='ocrx_word' id='word_1_16' title='bbox 1283 594 1366 648; x_wconf 85' lang='lat' dir='ltr'><strong>hic</strong></span> <span class='ocrx_word' id='word_1_17' title='bbox 1398 593 1652 645; x_wconf 80' lang='lat' dir='ltr'><strong>honorem</strong></span> <span class='ocrx_word' id='word_1_18' title='bbox 1692 589 1997 648; x_wconf 90' lang='lat' dir='ltr'><strong>susceptum</strong></span> 
     </span>
    </p>
   </div>
   <div class='ocr_carea' id='block_1_4' title="bbox 423 675 2001 763">
    <p class='ocr_par' dir='ltr' id='par_1_4' title="bbox 423 675 2001 763">
     <span class='ocr_line' id='line_1_4' title="bbox 423 675 2001 763; baseline -0.023 0"><span class='ocrx_word' id='word_1_19' title='bbox 423 709 652 763; x_wconf 86' lang='lat' dir='ltr'><strong>retinere</strong></span> <span class='ocrx_word' id='word_1_20' title='bbox 681 699 896 754; x_wconf 82' lang='lat' dir='ltr'><strong>debebit</strong></span> <span class='ocrx_word' id='word_1_21' title='bbox 917 705 970 750; x_wconf 91' lang='lat' dir='ltr'><strong>et</strong></span> <span class='ocrx_word' id='word_1_22' title='bbox 992 691 1291 748; x_wconf 86' lang='lat' dir='ltr'><strong>sacerdotio</strong></span> <span class='ocrx_word' id='word_1_23' title='bbox 1319 688 1460 755; x_wconf 81' lang='lat' dir='ltr'><strong>longi</strong></span> <span class='ocrx_word' id='word_1_24' title='bbox 1486 703 1500 751; x_wconf 90' lang='lat'><strong>;</strong></span> <span class='ocrx_word' id='word_1_25' title='bbox 1541 683 1612 736; x_wconf 90' lang='lat' dir='ltr'><strong>ita</strong></span> <span class='ocrx_word' id='word_1_26' title='bbox 1643 689 1699 734; x_wconf 91' lang='lat' dir='ltr'><strong>ut</strong></span> <span class='ocrx_word' id='word_1_27' title='bbox 1726 675 1855 731; x_wconf 88' lang='lat' dir='ltr'><strong>nihil</strong></span> <span class='ocrx_word' id='word_1_28' title='bbox 1888 687 2001 727; x_wconf 86' lang='lat' dir='ltr'><strong>mo-</strong></span> 
     </span>
    </p>
   </div>
   <div class='ocr_carea' id='block_1_5' title="bbox 422 769 2000 852">
    <p class='ocr_par' dir='ltr' id='par_1_5' title="bbox 422 769 2000 852">
     <span class='ocr_line' id='line_1_5' title="bbox 422 769 2000 852; baseline -0.023 0"><span class='ocrx_word' id='word_1_29' title='bbox 422 797 586 852; x_wconf 61' lang='lat' dir='ltr'><strong>lestire</strong></span> <span class='ocrx_word' id='word_1_30' title='bbox 617 792 800 847; x_wconf 86' lang='lat' dir='ltr'><strong>all&#39;erat</strong></span> <span class='ocrx_word' id='word_1_31' title='bbox 831 787 1074 844; x_wconf 70' lang='lat' dir='ltr'><strong>ecclesiae</strong></span> <span class='ocrx_word' id='word_1_32' title='bbox 1103 784 1173 838; x_wconf 88' lang='lat' dir='ltr'><strong>illi</strong></span> <span class='ocrx_word' id='word_1_33' title='bbox 1206 781 1262 836; x_wconf 91' lang='lat' dir='ltr'><strong>in</strong></span> <span class='ocrx_word' id='word_1_34' title='bbox 1292 796 1396 850; x_wconf 90' lang='lat' dir='ltr'><strong>qua</strong></span> <span class='ocrx_word' id='word_1_35' title='bbox 1428 778 1598 832; x_wconf 79' lang='lat' dir='ltr'><strong>fuerat</strong></span> <span class='ocrx_word' id='word_1_36' title='bbox 1624 769 1950 828; x_wconf 86' lang='lat' dir='ltr'><strong>constitutus</strong></span> <span class='ocrx_word' id='word_1_37' title='bbox 1983 781 2000 818; x_wconf 91' lang='lat'><strong>:</strong></span> 
     </span>
    </p>
   </div>
   <div class='ocr_carea' id='block_1_6' title="bbox 423 856 2001 954">
    <p class='ocr_par' dir='ltr' id='par_1_6' title="bbox 423 856 2001 954">
     <span class='ocr_line' id='line_1_6' title="bbox 423 856 2001 954; baseline -0.023 -10"><span class='ocrx_word' id='word_1_38' title='bbox 423 898 732 954; x_wconf 73' lang='lat' dir='ltr'><strong>exspectare</strong></span> <span class='ocrx_word' id='word_1_39' title='bbox 761 891 939 936; x_wconf 89' lang='lat' dir='ltr'><strong>autem</strong></span> <span class='ocrx_word' id='word_1_40' title='bbox 978 893 1099 933; x_wconf 89' lang='lat' dir='ltr'><strong>eum</strong></span> <span class='ocrx_word' id='word_1_41' title='bbox 1139 880 1352 946; x_wconf 93' lang='lat' dir='ltr'><strong>oportet</strong></span> <span class='ocrx_word' id='word_1_42' title='bbox 1378 865 1663 939; x_wconf 67' lang='lat' dir='ltr'><strong>provincire</strong></span> <span class='ocrx_word' id='word_1_43' title='bbox 1709 856 2001 929; x_wconf 88' lang='lat' dir='ltr'><strong>plcnariam</strong></span> 
     </span>
    </p>
   </div>
   <div class='ocr_carea' id='block_1_7' title="bbox 422 959 1866 1048">
    <p class='ocr_par' dir='ltr' id='par_1_7' title="bbox 422 959 1866 1048">
     <span class='ocr_line' id='line_1_7' title="bbox 422 959 1866 1048; baseline -0.019 -18"><span class='ocrx_word' id='word_1_44' title='bbox 422 977 708 1048; x_wconf 84' lang='lat' dir='ltr'><strong>synodum,</strong></span> <span class='ocrx_word' id='word_1_45' title='bbox 740 974 912 1027; x_wconf 90' lang='lat' dir='ltr'><strong>donec</strong></span> <span class='ocrx_word' id='word_1_46' title='bbox 939 971 1007 1024; x_wconf 91' lang='lat' dir='ltr'><strong>de</strong></span> <span class='ocrx_word' id='word_1_47' title='bbox 1045 983 1110 1022; x_wconf 87' lang='lat' dir='ltr'><strong>eo</strong></span> <span class='ocrx_word' id='word_1_48' title='bbox 1140 965 1278 1036; x_wconf 91' lang='lat' dir='ltr'><strong>quod</strong></span> <span class='ocrx_word' id='word_1_49' title='bbox 1312 959 1562 1029; x_wconf 88' lang='lat' dir='ltr'><strong>competit</strong></span> <span class='ocrx_word' id='word_1_50' title='bbox 1584 964 1866 1010; x_wconf 90' lang='lat' dir='ltr'><strong>statuatur.</strong></span> 
     </span>
    </p>
   </div>
   <div class='ocr_carea' id='block_1_8' title="bbox 423 1041 2006 1126">
    <p class='ocr_par' dir='ltr' id='par_1_8' title="bbox 423 1041 2006 1126">
     <span class='ocr_line' id='line_1_8' title="bbox 423 1041 2006 1126; baseline -0.021 0"><span class='ocrx_word' id='word_1_51' title='bbox 423 1041 563 1126; x_wconf 47' lang='grc' dir='ltr'><strong>ἠμῖς.</strong></span> <span class='ocrx_word' id='word_1_52' title='bbox 602 1068 721 1122; x_wconf 80' lang='lat' dir='ltr'><strong>Non</strong></span> <span class='ocrx_word' id='word_1_53' title='bbox 764 1065 914 1120; x_wconf 86' lang='lat' dir='ltr'><strong>licere</strong></span> <span class='ocrx_word' id='word_1_54' title='bbox 955 1063 1063 1116; x_wconf 84' lang='lat' dir='ltr'><strong>sine</strong></span> <span class='ocrx_word' id='word_1_55' title='bbox 1104 1057 1317 1113; x_wconf 84' lang='lat' dir='ltr'><strong>consilio</strong></span> <span class='ocrx_word' id='word_1_56' title='bbox 1357 1046 1737 1118; x_wconf 76' lang='lat' dir='ltr'><strong>metropolitani</strong></span> <span class='ocrx_word' id='word_1_57' title='bbox 1783 1041 2006 1113; x_wconf 78' lang='lat' dir='ltr'><strong>episcopi</strong></span> 
     </span>
    </p>
   </div>
   <div class='ocr_carea' id='block_1_9' title="bbox 919 1127 1504 1203">
    <p class='ocr_par' dir='ltr' id='par_1_9' title="bbox 919 1127 1504 1203">
     <span class='ocr_line' id='line_1_9' title="bbox 919 1127 1504 1203; baseline -0.019 -17"><span class='ocrx_word' id='word_1_58' title='bbox 919 1133 1213 1203; x_wconf 81' lang='lat' dir='ltr'><strong>episcopum</strong></span> <span class='ocrx_word' id='word_1_59' title='bbox 1243 1127 1504 1180; x_wconf 84' lang='lat' dir='ltr'><strong>ordinare.</strong></span> 
     </span>
    </p>
   </div>
   <div class='ocr_carea' id='block_1_10' title="bbox 497 1207 2008 1296">
    <p class='ocr_par' dir='ltr' id='par_1_10' title="bbox 497 1207 2008 1296">
     <span class='ocr_line' id='line_1_10' title="bbox 497 1207 2008 1296; baseline -0.017 -12"><span class='ocrx_word' id='word_1_60' title='bbox 497 1229 813 1296; x_wconf 78' lang='lat' dir='ltr'><strong>Episcopum</strong></span> <span class='ocrx_word' id='word_1_61' title='bbox 841 1238 944 1279; x_wconf 92' lang='lat' dir='ltr'><strong>non</strong></span> <span class='ocrx_word' id='word_1_62' title='bbox 991 1219 1350 1276; x_wconf 81' lang='lat' dir='ltr'><strong>ordinandum</strong></span> <span class='ocrx_word' id='word_1_63' title='bbox 1397 1224 1592 1285; x_wconf 67' lang='lat' dir='ltr'><strong>praeter</strong></span> <span class='ocrx_word' id='word_1_64' title='bbox 1635 1207 1919 1265; x_wconf 82' lang='lat' dir='ltr'><strong>consilium</strong></span> <span class='ocrx_word' id='word_1_65' title='bbox 1953 1212 2008 1260; x_wconf 89' lang='lat' dir='ltr'><strong>et</strong></span> 
     </span>
    </p>
   </div>
   <div class='ocr_carea' id='block_1_11' title="bbox 426 1299 2010 1394">
    <p class='ocr_par' dir='ltr' id='par_1_11' title="bbox 426 1299 2010 1394">
     <span class='ocr_line' id='line_1_11' title="bbox 426 1299 2010 1394; baseline -0.016 -17"><span class='ocrx_word' id='word_1_66' title='bbox 426 1322 761 1394; x_wconf 62' lang='lat' dir='ltr'><strong>przesentiam</strong></span> <span class='ocrx_word' id='word_1_67' title='bbox 815 1313 1211 1386; x_wconf 83' lang='lat' dir='ltr'><strong>metropolitani</strong></span> <span class='ocrx_word' id='word_1_68' title='bbox 1259 1306 1518 1380; x_wconf 83' lang='lat' dir='ltr'><strong>episcopi,</strong></span> <span class='ocrx_word' id='word_1_69' title='bbox 1551 1306 1634 1361; x_wconf 91' lang='lat' dir='ltr'><strong>cui</strong></span> <span class='ocrx_word' id='word_1_70' title='bbox 1687 1301 1877 1357; x_wconf 90' lang='lat' dir='ltr'><strong>melius</strong></span> <span class='ocrx_word' id='word_1_71' title='bbox 1906 1299 2010 1352; x_wconf 91' lang='lat' dir='ltr'><strong>erit</strong></span> 
     </span>
    </p>
   </div>
   <div class='ocr_carea' id='block_1_12' title="bbox 425 1386 2008 1478">
    <p class='ocr_par' dir='ltr' id='par_1_12' title="bbox 425 1386 2008 1478">
     <span class='ocr_line' id='line_1_12' title="bbox 425 1386 2008 1478; baseline -0.019 -8"><span class='ocrx_word' id='word_1_72' title='bbox 425 1386 469 1470; x_wconf 76' lang='lat' dir='ltr'><strong>si</strong></span> <span class='ocrx_word' id='word_1_73' title='bbox 503 1429 565 1469; x_wconf 77' lang='lat' dir='ltr'><strong>ex</strong></span> <span class='ocrx_word' id='word_1_74' title='bbox 593 1413 733 1466; x_wconf 89' lang='lat' dir='ltr'><strong>omni</strong></span> <span class='ocrx_word' id='word_1_75' title='bbox 789 1408 1066 1478; x_wconf 84' lang='lat' dir='ltr'><strong>provincia</strong></span> <span class='ocrx_word' id='word_1_76' title='bbox 1110 1408 1501 1472; x_wconf 76' lang='lat' dir='ltr'><strong>congregemur</strong></span> <span class='ocrx_word' id='word_1_77' title='bbox 1548 1393 1831 1464; x_wconf 74' lang='lat' dir='ltr'><strong>episcopi:</strong></span> <span class='ocrx_word' id='word_1_78' title='bbox 1869 1386 2008 1459; x_wconf 88' lang='lat' dir='ltr'><strong>quod</strong></span> 
     </span>
    </p>
   </div>
   <div class='ocr_carea' id='block_1_13' title="bbox 424 1481 2010 1570">
    <p class='ocr_par' dir='ltr' id='par_1_13' title="bbox 424 1481 2010 1570">
     <span class='ocr_line' id='line_1_13' title="bbox 424 1481 2010 1570; baseline -0.018 -9"><span class='ocrx_word' id='word_1_79' title='bbox 424 1509 471 1561; x_wconf 81' lang='lat' dir='ltr'><strong>si</strong></span> <span class='ocrx_word' id='word_1_80' title='bbox 501 1506 613 1558; x_wconf 79' lang='lat' dir='ltr'><strong>ﬁeri</strong></span> <span class='ocrx_word' id='word_1_81' title='bbox 641 1517 744 1556; x_wconf 88' lang='lat' dir='ltr'><strong>nco</strong></span> <span class='ocrx_word' id='word_1_82' title='bbox 771 1507 965 1570; x_wconf 88' lang='lat' dir='ltr'><strong>potest,</strong></span> <span class='ocrx_word' id='word_1_83' title='bbox 991 1498 1044 1552; x_wconf 87' lang='lat' dir='ltr'><strong>bi</strong></span> <span class='ocrx_word' id='word_1_84' title='bbox 1073 1496 1159 1565; x_wconf 89' lang='lat' dir='ltr'><strong>qui</strong></span> <span class='ocrx_word' id='word_1_85' title='bbox 1185 1493 1376 1550; x_wconf 80' lang='lat' dir='ltr'><strong>adesse</strong></span> <span class='ocrx_word' id='word_1_86' title='bbox 1403 1503 1507 1546; x_wconf 93' lang='lat' dir='ltr'><strong>non</strong></span> <span class='ocrx_word' id='word_1_87' title='bbox 1530 1495 1754 1559; x_wconf 81' lang='lat' dir='ltr'><strong>possunt</strong></span> <span class='ocrx_word' id='word_1_88' title='bbox 1786 1481 2010 1552; x_wconf 82' lang='lat' dir='ltr'><strong>propriis</strong></span> 
     </span>
    </p>
   </div>
   <div class='ocr_carea' id='block_1_14' title="bbox 427 1582 2013 1654">
    <p class='ocr_par' dir='ltr' id='par_1_14' title="bbox 427 1582 2013 1654">
     <span class='ocr_line' id='line_1_14' title="bbox 427 1582 2013 1654; baseline -0.016 -2"><span class='ocrx_word' id='word_1_89' title='bbox 427 1596 614 1652; x_wconf 86' lang='lat' dir='ltr'><strong>litteris</strong></span> <span class='ocrx_word' id='word_1_90' title='bbox 642 1605 960 1650; x_wconf 79' lang='lat' dir='ltr'><strong>causensum</strong></span> <span class='ocrx_word' id='word_1_91' title='bbox 990 1604 1144 1643; x_wconf 84' lang='lat' dir='ltr'><strong>suum</strong></span> <span class='ocrx_word' id='word_1_92' title='bbox 1171 1586 1243 1642; x_wconf 80' lang='lat' dir='ltr'><strong>de&#39;</strong></span> <span class='ocrx_word' id='word_1_93' title='bbox 1291 1586 1408 1654; x_wconf 88' lang='lat' dir='ltr'><strong>ipso</strong></span> <span class='ocrx_word' id='word_1_94' title='bbox 1436 1582 1757 1650; x_wconf 84' lang='lat' dir='ltr'><strong>designent,</strong></span> <span class='ocrx_word' id='word_1_95' title='bbox 1786 1586 1838 1632; x_wconf 92' lang='lat' dir='ltr'><strong>et</strong></span> <span class='ocrx_word' id='word_1_96' title='bbox 1885 1585 2013 1628; x_wconf 91' lang='lat' dir='ltr'><strong>tunc</strong></span> 
     </span>
    </p>
   </div>
   <div class='ocr_carea' id='block_1_15' title="bbox 429 1666 2014 1753">
    <p class='ocr_par' dir='ltr' id='par_1_15' title="bbox 429 1666 2014 1753">
     <span class='ocr_line' id='line_1_15' title="bbox 429 1666 2014 1753; baseline -0.016 -10"><span class='ocrx_word' id='word_1_97' title='bbox 429 1689 642 1743; x_wconf 83' lang='lat' dir='ltr'><strong>domum</strong></span> <span class='ocrx_word' id='word_1_98' title='bbox 675 1692 795 1753; x_wconf 89' lang='lat' dir='ltr'><strong>post</strong></span> <span class='ocrx_word' id='word_1_99' title='bbox 844 1682 1194 1751; x_wconf 83' lang='lat' dir='ltr'><strong>plurimorum</strong></span> <span class='ocrx_word' id='word_1_100' title='bbox 1239 1677 1355 1732; x_wconf 89' lang='lat' dir='ltr'><strong>sive</strong></span> <span class='ocrx_word' id='word_1_101' title='bbox 1399 1671 1734 1744; x_wconf 62' lang='lat' dir='ltr'><strong>presentiam</strong></span> <span class='ocrx_word' id='word_1_102' title='bbox 1781 1666 1896 1721; x_wconf 89' lang='lat' dir='ltr'><strong>sive</strong></span> <span class='ocrx_word' id='word_1_103' title='bbox 1919 1679 2014 1732; x_wconf 87' lang='lat' dir='ltr'><strong>per</strong></span> 
     </span>
    </p>
   </div>
   <div class='ocr_carea' id='block_1_16' title="bbox 431 1759 2011 1836">
    <p class='ocr_par' dir='ltr' id='par_1_16' title="bbox 431 1759 2011 1836">
     <span class='ocr_line' id='line_1_16' title="bbox 431 1759 2011 1836; baseline -0.015 -2"><span class='ocrx_word' id='word_1_104' title='bbox 431 1782 639 1836; x_wconf 81' lang='lat' dir='ltr'><strong>litteras</strong></span> <span class='ocrx_word' id='word_1_105' title='bbox 686 1777 1006 1834; x_wconf 87' lang='lat' dir='ltr'><strong>sententiam</strong></span> <span class='ocrx_word' id='word_1_106' title='bbox 1061 1786 1350 1828; x_wconf 88' lang='lat' dir='ltr'><strong>consonam</strong></span> <span class='ocrx_word' id='word_1_107' title='bbox 1402 1769 1727 1822; x_wconf 86' lang='lat' dir='ltr'><strong>ordinetur:</strong></span> <span class='ocrx_word' id='word_1_108' title='bbox 1779 1760 1920 1832; x_wconf 84' lang='lat' dir='ltr'><strong>quod</strong></span> <span class='ocrx_word' id='word_1_109' title='bbox 1968 1759 2011 1813; x_wconf 87' lang='lat' dir='ltr'><strong>si</strong></span> 
     </span>
    </p>
   </div>
   <div class='ocr_carea' id='block_1_17' title="bbox 429 1856 1845 1942">
    <p class='ocr_par' dir='ltr' id='par_1_17' title="bbox 429 1856 1845 1942">
     <span class='ocr_line' id='line_1_17' title="bbox 429 1856 1845 1942; baseline -0.018 -13"><span class='ocrx_word' id='word_1_110' title='bbox 429 1877 588 1929; x_wconf 80' lang='lat' dir='ltr'><strong>aliter</strong></span> <span class='ocrx_word' id='word_1_111' title='bbox 609 1888 763 1942; x_wconf 89' lang='lat' dir='ltr'><strong>quam</strong></span> <span class='ocrx_word' id='word_1_112' title='bbox 786 1878 980 1924; x_wconf 87' lang='lat' dir='ltr'><strong>statuta</strong></span> <span class='ocrx_word' id='word_1_113' title='bbox 1021 1878 1140 1923; x_wconf 92' lang='lat' dir='ltr'><strong>sunt</strong></span> <span class='ocrx_word' id='word_1_114' title='bbox 1169 1863 1288 1938; x_wconf 80' lang='lat' dir='ltr'><strong>[U..</strong></span> <span class='ocrx_word' id='word_1_115' title='bbox 1314 1869 1572 1917; x_wconf 89' lang='lat' dir='ltr'><strong>statutum</strong></span> <span class='ocrx_word' id='word_1_116' title='bbox 1602 1857 1704 1934; x_wconf 80' lang='lat' dir='ltr'><strong>est]</strong></span> <span class='ocrx_word' id='word_1_117' title='bbox 1737 1856 1845 1919; x_wconf 81' lang='lat' dir='ltr'><strong>liat,</strong></span> 
     </span>
    </p>
   </div>
   <div class='ocr_carea' id='block_1_18' title="bbox 429 1951 2014 2032">
    <p class='ocr_par' dir='ltr' id='par_1_18' title="bbox 429 1951 2014 2032">
     <span class='ocr_line' id='line_1_18' title="bbox 429 1951 2014 2032; baseline -0.014 -15"><span class='ocrx_word' id='word_1_118' title='bbox 429 1965 612 2018; x_wconf 79' lang='lat' dir='ltr'><strong>valere</strong></span> <span class='ocrx_word' id='word_1_119' title='bbox 634 1961 933 2032; x_wconf 70' lang='lat' dir='ltr'><strong>huiusmodi</strong></span> <span class='ocrx_word' id='word_1_120' title='bbox 958 1959 1376 2013; x_wconf 77' lang='lat' dir='ltr'><strong>ordinationem.</strong></span> <span class='ocrx_word' id='word_1_121' title='bbox 1398 1955 1451 2008; x_wconf 84' lang='lat' dir='ltr'><strong>Si</strong></span> <span class='ocrx_word' id='word_1_122' title='bbox 1474 1966 1602 2008; x_wconf 89' lang='lat' dir='ltr'><strong>vero</strong></span> <span class='ocrx_word' id='word_1_123' title='bbox 1631 1951 1790 2005; x_wconf 90' lang='lat' dir='ltr'><strong>etiam</strong></span> <span class='ocrx_word' id='word_1_124' title='bbox 1823 1960 2014 2001; x_wconf 87' lang='lat' dir='ltr'><strong>secun-</strong></span> 
     </span>
    </p>
   </div>
   <div class='ocr_carea' id='block_1_19' title="bbox 431 2038 2016 2122">
    <p class='ocr_par' dir='ltr' id='par_1_19' title="bbox 431 2038 2016 2122">
     <span class='ocr_line' id='line_1_19' title="bbox 431 2038 2016 2122; baseline -0.013 -11"><span class='ocrx_word' id='word_1_125' title='bbox 431 2058 558 2111; x_wconf 89' lang='lat' dir='ltr'><strong>dum</strong></span> <span class='ocrx_word' id='word_1_126' title='bbox 589 2054 832 2110; x_wconf 88' lang='lat' dir='ltr'><strong>delinitas</strong></span> <span class='ocrx_word' id='word_1_127' title='bbox 863 2053 1073 2122; x_wconf 79' lang='lat' dir='ltr'><strong>regulas</strong></span> <span class='ocrx_word' id='word_1_128' title='bbox 1098 2050 1364 2104; x_wconf 84' lang='lat' dir='ltr'><strong>ordinatio</strong></span> <span class='ocrx_word' id='word_1_129' title='bbox 1387 2047 1708 2107; x_wconf 82' lang='lat' dir='ltr'><strong>celebretur,</strong></span> <span class='ocrx_word' id='word_1_130' title='bbox 1742 2038 2016 2094; x_wconf 85' lang='lat' dir='ltr'><strong>contradi-</strong></span> 
     </span>
    </p>
   </div>
   <div class='ocr_carea' id='block_1_20' title="bbox 432 2131 2016 2214">
    <p class='ocr_par' dir='ltr' id='par_1_20' title="bbox 432 2131 2016 2214">
     <span class='ocr_line' id='line_1_20' title="bbox 432 2131 2016 2214; baseline -0.013 -11"><span class='ocrx_word' id='word_1_131' title='bbox 432 2157 556 2204; x_wconf 79' lang='lat' dir='ltr'><strong>cant</strong></span> <span class='ocrx_word' id='word_1_132' title='bbox 581 2159 756 2201; x_wconf 89' lang='lat' dir='ltr'><strong>autem</strong></span> <span class='ocrx_word' id='word_1_133' title='bbox 782 2145 941 2214; x_wconf 82' lang='lat' dir='ltr'><strong>aliqui</strong></span> <span class='ocrx_word' id='word_1_134' title='bbox 971 2151 1191 2212; x_wconf 88' lang='lat' dir='ltr'><strong>propter</strong></span> <span class='ocrx_word' id='word_1_135' title='bbox 1222 2139 1465 2208; x_wconf 87' lang='lat' dir='ltr'><strong>pr0prias</strong></span> <span class='ocrx_word' id='word_1_136' title='bbox 1509 2144 1563 2190; x_wconf 83' lang='lat' dir='ltr'><strong>et</strong></span> <span class='ocrx_word' id='word_1_137' title='bbox 1596 2133 1919 2189; x_wconf 89' lang='lat' dir='ltr'><strong>domesticas</strong></span> <span class='ocrx_word' id='word_1_138' title='bbox 1943 2131 2016 2184; x_wconf 91' lang='lat' dir='ltr'><strong>si-</strong></span> 
     </span>
    </p>
   </div>
   <div class='ocr_carea' id='block_1_21' title="bbox 431 2223 2019 2304">
    <p class='ocr_par' dir='ltr' id='par_1_21' title="bbox 431 2223 2019 2304">
     <span class='ocr_line' id='line_1_21' title="bbox 431 2223 2019 2304; baseline -0.013 -8"><span class='ocrx_word' id='word_1_139' title='bbox 431 2240 721 2304; x_wconf 55' lang='lat' dir='ltr'><strong>multates;</strong></span> <span class='ocrx_word' id='word_1_140' title='bbox 753 2238 836 2292; x_wconf 90' lang='lat' dir='ltr'><strong>his</strong></span> <span class='ocrx_word' id='word_1_141' title='bbox 883 2233 1226 2304; x_wconf 82' lang='lat' dir='ltr'><strong>contemptis,</strong></span> <span class='ocrx_word' id='word_1_142' title='bbox 1259 2228 1530 2286; x_wconf 82' lang='lat' dir='ltr'><strong>sententia</strong></span> <span class='ocrx_word' id='word_1_143' title='bbox 1572 2226 1640 2281; x_wconf 87' lang='lat' dir='ltr'><strong>de</strong></span> <span class='ocrx_word' id='word_1_144' title='bbox 1681 2239 1745 2278; x_wconf 90' lang='lat' dir='ltr'><strong>eo</strong></span> <span class='ocrx_word' id='word_1_145' title='bbox 1782 2223 2019 2277; x_wconf 85' lang='lat' dir='ltr'><strong>obtineat</strong></span> 
     </span>
    </p>
   </div>
   <div class='ocr_carea' id='block_1_22' title="bbox 432 2334 808 2405">
    <p class='ocr_par' dir='ltr' id='par_1_22' title="bbox 432 2334 808 2405">
     <span class='ocr_line' id='line_1_22' title="bbox 432 2334 808 2405; baseline -0.003 -21"><span class='ocrx_word' id='word_1_146' title='bbox 432 2334 808 2405; x_wconf 85' lang='lat' dir='ltr'><strong>plurimorum.</strong></span> 
     </span>
    </p>
   </div>
   <div class='ocr_carea' id='block_1_23' title="bbox 653 2411 1794 2487">
    <p class='ocr_par' dir='ltr' id='par_1_23' title="bbox 653 2411 1794 2487">
     <span class='ocr_line' id='line_1_23' title="bbox 653 2411 1794 2487; baseline -0.018 -10"><span class='ocrx_word' id='word_1_147' title='bbox 653 2422 771 2478; x_wconf 75' lang='lat' dir='ltr'><strong>XX.</strong></span> <span class='ocrx_word' id='word_1_148' title='bbox 804 2420 872 2476; x_wconf 87' lang='lat' dir='ltr'><strong>Ut</strong></span> <span class='ocrx_word' id='word_1_149' title='bbox 899 2421 972 2473; x_wconf 83' lang='lat' dir='ltr'><strong>bis</strong></span> <span class='ocrx_word' id='word_1_150' title='bbox 1002 2421 1052 2472; x_wconf 86' lang='lat' dir='ltr'><strong>in</strong></span> <span class='ocrx_word' id='word_1_151' title='bbox 1078 2433 1213 2472; x_wconf 86' lang='lat' dir='ltr'><strong>anno</strong></span> <span class='ocrx_word' id='word_1_152' title='bbox 1241 2414 1470 2487; x_wconf 78' lang='lat' dir='ltr'><strong>synodus</strong></span> <span class='ocrx_word' id='word_1_153' title='bbox 1502 2411 1794 2466; x_wconf 75' lang='lat' dir='ltr'><strong>celebretur.</strong></span> 
     </span>
    </p>
   </div>
   <div class='ocr_carea' id='block_1_24' title="bbox 507 2502 2018 2583">
    <p class='ocr_par' dir='ltr' id='par_1_24' title="bbox 507 2502 2018 2583">
     <span class='ocr_line' id='line_1_24' title="bbox 507 2502 2018 2583; baseline -0.014 -13"><span class='ocrx_word' id='word_1_154' title='bbox 507 2515 732 2583; x_wconf 85' lang='lat' dir='ltr'><strong>Propter</strong></span> <span class='ocrx_word' id='word_1_155' title='bbox 753 2509 1140 2567; x_wconf 78' lang='lat' dir='ltr'><strong>ecclesiasticas</strong></span> <span class='ocrx_word' id='word_1_156' title='bbox 1164 2522 1348 2562; x_wconf 82' lang='lat' dir='ltr'><strong>causas</strong></span> <span class='ocrx_word' id='word_1_157' title='bbox 1392 2513 1445 2558; x_wconf 92' lang='lat' dir='ltr'><strong>et</strong></span> <span class='ocrx_word' id='word_1_158' title='bbox 1476 2519 1592 2573; x_wconf 76' lang='lat' dir='ltr'><strong>qua:</strong></span> <span class='ocrx_word' id='word_1_159' title='bbox 1633 2502 1861 2554; x_wconf 79' lang='lat' dir='ltr'><strong>existunt</strong></span> <span class='ocrx_word' id='word_1_160' title='bbox 1893 2511 2018 2552; x_wconf 87' lang='lat' dir='ltr'><strong>eon-</strong></span> 
     </span>
    </p>
   </div>
   <div class='ocr_carea' id='block_1_25' title="bbox 436 2591 2021 2664">
    <p class='ocr_par' dir='ltr' id='par_1_25' title="bbox 436 2591 2021 2664">
     <span class='ocr_line' id='line_1_25' title="bbox 436 2591 2021 2664; baseline -0.014 0"><span class='ocrx_word' id='word_1_161' title='bbox 436 2607 721 2664; x_wconf 81' lang='lat' dir='ltr'><strong>troversias</strong></span> <span class='ocrx_word' id='word_1_162' title='bbox 771 2602 1160 2664; x_wconf 82' lang='lat' dir='ltr'><strong>dissolvendas,</strong></span> <span class='ocrx_word' id='word_1_163' title='bbox 1207 2600 1458 2655; x_wconf 77' lang='lat' dir='ltr'><strong>sufﬁcere</strong></span> <span class='ocrx_word' id='word_1_164' title='bbox 1495 2598 1665 2650; x_wconf 84' lang='lat' dir='ltr'><strong>visum</strong></span> <span class='ocrx_word' id='word_1_165' title='bbox 1716 2603 1797 2649; x_wconf 88' lang='lat' dir='ltr'><strong>est</strong></span> <span class='ocrx_word' id='word_1_166' title='bbox 1843 2591 1923 2646; x_wconf 90' lang='lat' dir='ltr'><strong>bis</strong></span> <span class='ocrx_word' id='word_1_167' title='bbox 1966 2591 2021 2643; x_wconf 93' lang='lat' dir='ltr'><strong>in</strong></span> 
     </span>
    </p>
   </div>
   <div class='ocr_carea' id='block_1_26' title="bbox 433 2686 2020 2767">
    <p class='ocr_par' dir='ltr' id='par_1_26' title="bbox 433 2686 2020 2767">
     <span class='ocr_line' id='line_1_26' title="bbox 433 2686 2020 2767; baseline -0.009 -15"><span class='ocrx_word' id='word_1_168' title='bbox 433 2713 575 2757; x_wconf 72' lang='lat' dir='ltr'><strong>armo</strong></span> <span class='ocrx_word' id='word_1_169' title='bbox 598 2712 693 2767; x_wconf 87' lang='lat' dir='ltr'><strong>per</strong></span> <span class='ocrx_word' id='word_1_170' title='bbox 721 2694 955 2765; x_wconf 85' lang='lat' dir='ltr'><strong>singulas</strong></span> <span class='ocrx_word' id='word_1_171' title='bbox 982 2691 1284 2763; x_wconf 78' lang='lat' dir='ltr'><strong>provincias</strong></span> <span class='ocrx_word' id='word_1_172' title='bbox 1318 2692 1691 2758; x_wconf 85' lang='lat' dir='ltr'><strong>episcoporum</strong></span> <span class='ocrx_word' id='word_1_173' title='bbox 1731 2686 2020 2742; x_wconf 88' lang='lat' dir='ltr'><strong>concilium</strong></span> 
     </span>
    </p>
   </div>
   <div class='ocr_carea' id='block_1_27' title="bbox 437 2779 2024 2854">
    <p class='ocr_par' dir='ltr' id='par_1_27' title="bbox 437 2779 2024 2854">
     <span class='ocr_line' id='line_1_27' title="bbox 437 2779 2024 2854; baseline -0.009 -10"><span class='ocrx_word' id='word_1_174' title='bbox 437 2790 548 2844; x_wconf 81' lang='lat' dir='ltr'><strong>fieri</strong></span> <span class='ocrx_word' id='word_1_175' title='bbox 585 2807 598 2842; x_wconf 90' lang='lat'><strong>:</strong></span> <span class='ocrx_word' id='word_1_176' title='bbox 643 2787 807 2841; x_wconf 85' lang='lat' dir='ltr'><strong>semel</strong></span> <span class='ocrx_word' id='word_1_177' title='bbox 836 2787 1052 2854; x_wconf 85' lang='lat' dir='ltr'><strong>quidem</strong></span> <span class='ocrx_word' id='word_1_178' title='bbox 1086 2793 1205 2852; x_wconf 89' lang='lat' dir='ltr'><strong>post</strong></span> <span class='ocrx_word' id='word_1_179' title='bbox 1248 2784 1460 2837; x_wconf 75' lang='lat' dir='ltr'><strong>tertiam</strong></span> <span class='ocrx_word' id='word_1_180' title='bbox 1507 2779 1896 2834; x_wconf 75' lang='lat' dir='ltr'><strong>hebdomadam</strong></span> <span class='ocrx_word' id='word_1_181' title='bbox 1932 2791 2024 2845; x_wconf 81' lang='lat' dir='ltr'><strong>pa-</strong></span> 
     </span>
    </p>
   </div>
   <div class='ocr_carea' id='block_1_28' title="bbox 437 2869 2024 2942">
    <p class='ocr_par' dir='ltr' id='par_1_28' title="bbox 437 2869 2024 2942">
     <span class='ocr_line' id='line_1_28' title="bbox 437 2869 2024 2942; baseline -0.009 -6"><span class='ocrx_word' id='word_1_182' title='bbox 437 2881 638 2935; x_wconf 76' lang='lat' dir='ltr'><strong>8Cll3lls</strong></span> <span class='ocrx_word' id='word_1_183' title='bbox 687 2877 1014 2940; x_wconf 75' lang='lat' dir='ltr'><strong>festivitatis,</strong></span> <span class='ocrx_word' id='word_1_184' title='bbox 1044 2876 1114 2927; x_wconf 91' lang='lat' dir='ltr'><strong>ita</strong></span> <span class='ocrx_word' id='word_1_185' title='bbox 1145 2874 1277 2928; x_wconf 90' lang='lat' dir='ltr'><strong>utin</strong></span> <span class='ocrx_word' id='word_1_186' title='bbox 1311 2880 1506 2942; x_wconf 79' lang='lat' dir='ltr'><strong>quarta</strong></span> <span class='ocrx_word' id='word_1_187' title='bbox 1543 2869 1877 2926; x_wconf 87' lang='lat' dir='ltr'><strong>hebdomada</strong></span> <span class='ocrx_word' id='word_1_188' title='bbox 1907 2883 2024 2938; x_wconf 67' lang='lat' dir='ltr'><strong>quae</strong></span> 
     </span>
    </p>
   </div>
   <div class='ocr_carea' id='block_1_29' title="bbox 437 2963 2024 3040">
    <p class='ocr_par' dir='ltr' id='par_1_29' title="bbox 437 2963 2024 3040">
     <span class='ocr_line' id='line_1_29' title="bbox 437 2963 2024 3040; baseline -0.008 -13"><span class='ocrx_word' id='word_1_189' title='bbox 437 2973 806 3040; x_wconf 78' lang='lat' dir='ltr'><strong>Consequitur,</strong></span> <span class='ocrx_word' id='word_1_190' title='bbox 831 2970 880 3022; x_wconf 90' lang='lat' dir='ltr'><strong>id</strong></span> <span class='ocrx_word' id='word_1_191' title='bbox 905 2979 985 3022; x_wconf 88' lang='lat' dir='ltr'><strong>est</strong></span> <span class='ocrx_word' id='word_1_192' title='bbox 1010 2967 1182 3023; x_wconf 88' lang='lat' dir='ltr'><strong>media</strong></span> <span class='ocrx_word' id='word_1_193' title='bbox 1210 2967 1546 3028; x_wconf 87' lang='lat' dir='ltr'><strong>Pentecoste,</strong></span> <span class='ocrx_word' id='word_1_194' title='bbox 1572 2963 1853 3016; x_wconf 82' lang='lat' dir='ltr'><strong>ceucilium</strong></span> <span class='ocrx_word' id='word_1_195' title='bbox 1879 2976 2024 3014; x_wconf 89' lang='lat' dir='ltr'><strong>com-</strong></span> 
     </span>
    </p>
   </div>
   <div class='ocr_carea' id='block_1_30' title="bbox 439 3051 2024 3137">
    <p class='ocr_par' dir='ltr' id='par_1_30' title="bbox 439 3051 2024 3137">
     <span class='ocr_line' id='line_1_30' title="bbox 439 3051 2024 3137; baseline -0.009 -18"><span class='ocrx_word' id='word_1_196' title='bbox 439 3067 678 3137; x_wconf 83' lang='lat' dir='ltr'><strong>pleatur;</strong></span> <span class='ocrx_word' id='word_1_197' title='bbox 731 3064 1055 3116; x_wconf 88' lang='lat' dir='ltr'><strong>admoneant</strong></span> <span class='ocrx_word' id='word_1_198' title='bbox 1100 3067 1278 3111; x_wconf 87' lang='lat' dir='ltr'><strong>autem</strong></span> <span class='ocrx_word' id='word_1_199' title='bbox 1328 3054 1806 3123; x_wconf 84' lang='lat' dir='ltr'><strong>comprovinciales</strong></span> <span class='ocrx_word' id='word_1_200' title='bbox 1835 3051 1862 3091; x_wconf 73' lang='grc' dir='ltr'><strong>ι’</strong></span> <span class='ocrx_word' id='word_1_201' title='bbox 1911 3051 2024 3120; x_wconf 88' lang='lat' dir='ltr'><strong>cpi-</strong></span> 
     </span>
    </p>
   </div>
   <div class='ocr_carea' id='block_1_31' title="bbox 438 3146 2062 3223">
    <p class='ocr_par' dir='ltr' id='par_1_31' title="bbox 438 3146 2062 3223">
     <span class='ocr_line' id='line_1_31' title="bbox 438 3146 2062 3223; baseline -0.009 -11"><span class='ocrx_word' id='word_1_202' title='bbox 438 3172 628 3223; x_wconf 86' lang='lat' dir='ltr'><strong>scopos</strong></span> <span class='ocrx_word' id='word_1_203' title='bbox 675 3156 726 3209; x_wconf 79' lang='lat' dir='ltr'><strong>lii</strong></span> <span class='ocrx_word' id='word_1_204' title='bbox 761 3155 848 3222; x_wconf 86' lang='lat' dir='ltr'><strong>qui</strong></span> <span class='ocrx_word' id='word_1_205' title='bbox 880 3155 930 3206; x_wconf 91' lang='lat' dir='ltr'><strong>in</strong></span> <span class='ocrx_word' id='word_1_206' title='bbox 959 3150 1328 3217; x_wconf 81' lang='lat' dir='ltr'><strong>amplioribus,</strong></span> <span class='ocrx_word' id='word_1_207' title='bbox 1360 3148 1411 3202; x_wconf 88' lang='lat' dir='ltr'><strong>id</strong></span> <span class='ocrx_word' id='word_1_208' title='bbox 1456 3147 1565 3218; x_wconf 66' lang='grc' dir='ltr'><strong>[σε</strong></span> <span class='ocrx_word' id='word_1_209' title='bbox 1591 3157 1671 3200; x_wconf 89' lang='lat' dir='ltr'><strong>est</strong></span> <span class='ocrx_word' id='word_1_210' title='bbox 1703 3147 1789 3214; x_wconf 89' lang='lat' dir='ltr'><strong>qui</strong></span> <span class='ocrx_word' id='word_1_211' title='bbox 1821 3146 1870 3198; x_wconf 90' lang='lat' dir='ltr'><strong>iu</strong></span> <span class='ocrx_word' id='word_1_212' title='bbox 1911 3159 2025 3198; x_wconf 79' lang='lat' dir='ltr'><strong>mc-</strong></span> <span class='ocrx_word' id='word_1_213' title='bbox 2057 3180 2062 3223; x_wconf 33' lang='grc' dir='ltr'>ξ</span> 
     </span>
    </p>
   </div>
   <div class='ocr_carea' id='block_1_32' title="bbox 2057 3192 3742 3284">
    <p class='ocr_par' dir='ltr' id='par_1_32' title="bbox 2057 3192 3742 3284">
     <span class='ocr_line' id='line_1_32' title="bbox 2057 3192 3742 3284; baseline -0.009 -12"><span class='ocrx_word' id='word_1_214' title='bbox 2057 3192 2104 3255; x_wconf 79' lang='lat' dir='ltr'>c</span> <span class='ocrx_word' id='word_1_215' title='bbox 2136 3232 2221 3271; x_wconf 87' lang='lat' dir='ltr'><strong>res</strong></span> <span class='ocrx_word' id='word_1_216' title='bbox 2255 3218 2484 3284; x_wconf 63' lang='lat' dir='ltr'><strong>propriae</strong></span> <span class='ocrx_word' id='word_1_217' title='bbox 2514 3212 2752 3283; x_wconf 85' lang='lat' dir='ltr'><strong>episcopi</strong></span> <span class='ocrx_word' id='word_1_218' title='bbox 2801 3221 3050 3279; x_wconf 83' lang='lat' dir='ltr'><strong>tanquam</strong></span> <span class='ocrx_word' id='word_1_219' title='bbox 3094 3207 3362 3272; x_wconf 80' lang='lat' dir='ltr'><strong>obnoxiae,</strong></span> <span class='ocrx_word' id='word_1_220' title='bbox 3414 3222 3599 3260; x_wconf 89' lang='lat' dir='ltr'><strong>rerum</strong></span> <span class='ocrx_word' id='word_1_221' title='bbox 3652 3217 3742 3258; x_wconf 79' lang='lat' dir='ltr'><strong>cc-</strong></span> 
     </span>
    </p>
   </div>
   <div class='ocr_carea' id='block_1_33' title="bbox 441 3238 2027 3318">
    <p class='ocr_par' dir='ltr' id='par_1_33' title="bbox 441 3238 2027 3318">
     <span class='ocr_line' id='line_1_33' title="bbox 441 3238 2027 3318; baseline -0.01 -12"><span class='ocrx_word' id='word_1_222' title='bbox 441 3247 777 3318; x_wconf 88' lang='lat' dir='ltr'><strong>tr0politanis</strong></span> <span class='ocrx_word' id='word_1_223' title='bbox 830 3245 1136 3298; x_wconf 88' lang='lat' dir='ltr'><strong>civitatibus</strong></span> <span class='ocrx_word' id='word_1_224' title='bbox 1190 3242 1388 3311; x_wconf 83' lang='lat' dir='ltr'><strong>degunt</strong></span> <span class='ocrx_word' id='word_1_225' title='bbox 1435 3256 1447 3291; x_wconf 92' lang='lat'><strong>:</strong></span> <span class='ocrx_word' id='word_1_226' title='bbox 1497 3238 1790 3294; x_wconf 85' lang='lat' dir='ltr'><strong>secundum</strong></span> <span class='ocrx_word' id='word_1_227' title='bbox 1841 3251 2027 3290; x_wconf 81' lang='lat' dir='ltr'><strong>verum</strong></span> 
     </span>
    </p>
   </div>
   <div class='ocr_carea' id='block_1_34' title="bbox 441 3330 2023 3398">
    <p class='ocr_par' dir='ltr' id='par_1_34' title="bbox 441 3330 2023 3398">
     <span class='ocr_line' id='line_1_34' title="bbox 441 3330 2023 3398; baseline -0.01 0"><span class='ocrx_word' id='word_1_228' title='bbox 441 3342 725 3398; x_wconf 90' lang='lat' dir='ltr'><strong>concilium</strong></span> <span class='ocrx_word' id='word_1_229' title='bbox 759 3337 936 3392; x_wconf 88' lang='lat' dir='ltr'><strong>Idibus</strong></span> <span class='ocrx_word' id='word_1_230' title='bbox 966 3335 1288 3390; x_wconf 81' lang='lat' dir='ltr'><strong>Octobribus</strong></span> <span class='ocrx_word' id='word_1_231' title='bbox 1320 3334 1597 3394; x_wconf 86' lang='lat' dir='ltr'><strong>habeatur,</strong></span> <span class='ocrx_word' id='word_1_232' title='bbox 1629 3331 1717 3398; x_wconf 89' lang='lat' dir='ltr'><strong>qui</strong></span> <span class='ocrx_word' id='word_1_233' title='bbox 1744 3330 1860 3383; x_wconf 92' lang='lat' dir='ltr'><strong>dies</strong></span> <span class='ocrx_word' id='word_1_234' title='bbox 1883 3331 2023 3396; x_wconf 90' lang='lat' dir='ltr'><strong>apud</strong></span> 
     </span>
    </p>
   </div>
   <div class='ocr_carea' id='block_1_35' title="bbox 443 3419 2028 3500">
    <p class='ocr_par' dir='ltr' id='par_1_35' title="bbox 443 3419 2028 3500">
     <span class='ocr_line' id='line_1_35' title="bbox 443 3419 2028 3500; baseline -0.011 -12"><span class='ocrx_word' id='word_1_235' title='bbox 443 3433 658 3489; x_wconf 60' lang='lat' dir='ltr'><strong>Graecos</strong></span> <span class='ocrx_word' id='word_1_236' title='bbox 687 3426 1087 3500; x_wconf 66' lang='lat' dir='ltr'><strong>Hyperboreum</strong></span> <span class='ocrx_word' id='word_1_237' title='bbox 1145 3424 1346 3476; x_wconf 85' lang='lat' dir='ltr'><strong>mensis</strong></span> <span class='ocrx_word' id='word_1_238' title='bbox 1371 3422 1609 3475; x_wconf 86' lang='lat' dir='ltr'><strong>decimus</strong></span> <span class='ocrx_word' id='word_1_239' title='bbox 1644 3421 1930 3472; x_wconf 83' lang='lat' dir='ltr'><strong>invenitur.</strong></span> <span class='ocrx_word' id='word_1_240' title='bbox 1975 3419 2028 3472; x_wconf 90' lang='lat' dir='ltr'><strong>In</strong></span> 
     </span>
    </p>
   </div>
   <div class='ocr_carea' id='block_1_36' title="bbox 446 3512 2033 3594">
    <p class='ocr_par' dir='ltr' id='par_1_36' title="bbox 446 3512 2033 3594">
     <span class='ocr_line' id='line_1_36' title="bbox 446 3512 2033 3594; baseline -0.011 -14"><span class='ocrx_word' id='word_1_241' title='bbox 446 3526 576 3594; x_wconf 90' lang='lat' dir='ltr'><strong>ipsis</strong></span> <span class='ocrx_word' id='word_1_242' title='bbox 606 3531 780 3577; x_wconf 89' lang='lat' dir='ltr'><strong>autem</strong></span> <span class='ocrx_word' id='word_1_243' title='bbox 814 3518 1051 3572; x_wconf 89' lang='lat' dir='ltr'><strong>conciliis</strong></span> <span class='ocrx_word' id='word_1_244' title='bbox 1079 3524 1132 3570; x_wconf 91' lang='lat' dir='ltr'><strong>et</strong></span> <span class='ocrx_word' id='word_1_245' title='bbox 1157 3515 1501 3586; x_wconf 80' lang='lat' dir='ltr'><strong>presbyteros</strong></span> <span class='ocrx_word' id='word_1_246' title='bbox 1530 3521 1584 3567; x_wconf 89' lang='lat' dir='ltr'><strong>et</strong></span> <span class='ocrx_word' id='word_1_247' title='bbox 1610 3512 1868 3565; x_wconf 82' lang='lat' dir='ltr'><strong>diaconos</strong></span> <span class='ocrx_word' id='word_1_248' title='bbox 1897 3526 2033 3577; x_wconf 80' lang='lat' dir='ltr'><strong>prae-</strong></span> 
     </span>
    </p>
   </div>
   <div class='ocr_carea' id='block_1_37' title="bbox 445 3602 2034 3680">
    <p class='ocr_par' dir='ltr' id='par_1_37' title="bbox 445 3602 2034 3680">
     <span class='ocr_line' id='line_1_37' title="bbox 445 3602 2034 3680; baseline -0.013 -7"><span class='ocrx_word' id='word_1_249' title='bbox 445 3626 625 3675; x_wconf 89' lang='lat' dir='ltr'><strong>sentes</strong></span> <span class='ocrx_word' id='word_1_250' title='bbox 650 3629 770 3670; x_wconf 88' lang='lat' dir='ltr'><strong>esse</strong></span> <span class='ocrx_word' id='word_1_251' title='bbox 796 3619 1030 3680; x_wconf 87' lang='lat' dir='ltr'><strong>oportet,</strong></span> <span class='ocrx_word' id='word_1_252' title='bbox 1063 3618 1116 3663; x_wconf 92' lang='lat' dir='ltr'><strong>et</strong></span> <span class='ocrx_word' id='word_1_253' title='bbox 1137 3622 1322 3664; x_wconf 89' lang='lat' dir='ltr'><strong>omnes</strong></span> <span class='ocrx_word' id='word_1_254' title='bbox 1349 3614 1606 3675; x_wconf 85' lang='lat' dir='ltr'><strong>quotquot</strong></span> <span class='ocrx_word' id='word_1_255' title='bbox 1631 3618 1688 3658; x_wconf 87' lang='lat' dir='ltr'><strong>se</strong></span> <span class='ocrx_word' id='word_1_256' title='bbox 1711 3605 1866 3656; x_wconf 79' lang='lat' dir='ltr'><strong>hesos</strong></span> <span class='ocrx_word' id='word_1_257' title='bbox 1889 3602 2034 3655; x_wconf 79' lang='lat' dir='ltr'><strong>aesti-</strong></span> 
     </span>
    </p>
   </div>
   <div class='ocr_carea' id='block_1_38' title="bbox 449 3695 2034 3773">
    <p class='ocr_par' dir='ltr' id='par_1_38' title="bbox 449 3695 2034 3773">
     <span class='ocr_line' id='line_1_38' title="bbox 449 3695 2034 3773; baseline -0.01 -12"><span class='ocrx_word' id='word_1_258' title='bbox 449 3713 614 3771; x_wconf 87' lang='lat' dir='ltr'><strong>mant,</strong></span> <span class='ocrx_word' id='word_1_259' title='bbox 643 3715 695 3760; x_wconf 92' lang='lat' dir='ltr'><strong>et</strong></span> <span class='ocrx_word' id='word_1_260' title='bbox 723 3702 1030 3773; x_wconf 87' lang='lat' dir='ltr'><strong>synodieam</strong></span> <span class='ocrx_word' id='word_1_261' title='bbox 1064 3707 1380 3767; x_wconf 82' lang='lat' dir='ltr'><strong>exspectare</strong></span> <span class='ocrx_word' id='word_1_262' title='bbox 1423 3698 1742 3750; x_wconf 86' lang='lat' dir='ltr'><strong>sententiam</strong></span> <span class='ocrx_word' id='word_1_263' title='bbox 1779 3711 1791 3747; x_wconf 91' lang='lat'><strong>:</strong></span> <span class='ocrx_word' id='word_1_264' title='bbox 1841 3708 1941 3747; x_wconf 90' lang='lat' dir='ltr'><strong>nec</strong></span> <span class='ocrx_word' id='word_1_265' title='bbox 1969 3695 2034 3746; x_wconf 78' lang='lat' dir='ltr'><strong>li-</strong></span> 
     </span>
    </p>
   </div>
   <div class='ocr_carea' id='block_1_39' title="bbox 446 3789 2036 3864">
    <p class='ocr_par' dir='ltr' id='par_1_39' title="bbox 446 3789 2036 3864">
     <span class='ocr_line' id='line_1_39' title="bbox 446 3789 2036 3864; baseline -0.008 -12"><span class='ocrx_word' id='word_1_266' title='bbox 446 3808 566 3854; x_wconf 82' lang='lat' dir='ltr'><strong>ceat</strong></span> <span class='ocrx_word' id='word_1_267' title='bbox 595 3795 859 3864; x_wconf 87' lang='lat' dir='ltr'><strong>aliquibus</strong></span> <span class='ocrx_word' id='word_1_268' title='bbox 889 3792 1027 3862; x_wconf 87' lang='lat' dir='ltr'><strong>apud</strong></span> <span class='ocrx_word' id='word_1_269' title='bbox 1071 3789 1393 3858; x_wconf 88' lang='lat' dir='ltr'><strong>semetipsos</strong></span> <span class='ocrx_word' id='word_1_270' title='bbox 1425 3789 1647 3842; x_wconf 85' lang='lat' dir='ltr'><strong>concilia</strong></span> <span class='ocrx_word' id='word_1_271' title='bbox 1679 3789 1794 3840; x_wconf 87' lang='lat' dir='ltr'><strong>sine</strong></span> <span class='ocrx_word' id='word_1_272' title='bbox 1836 3795 2036 3840; x_wconf 88' lang='lat' dir='ltr'><strong>metro-</strong></span> 
     </span>
    </p>
   </div>
   <div class='ocr_carea' id='block_1_40' title="bbox 448 3878 2035 3960">
    <p class='ocr_par' dir='ltr' id='par_1_40' title="bbox 448 3878 2035 3960">
     <span class='ocr_line' id='line_1_40' title="bbox 448 3878 2035 3960; baseline -0.008 -19"><span class='ocrx_word' id='word_1_273' title='bbox 448 3891 804 3960; x_wconf 87' lang='lat' dir='ltr'><strong>politanorum</strong></span> <span class='ocrx_word' id='word_1_274' title='bbox 838 3887 1206 3954; x_wconf 80' lang='lat' dir='ltr'><strong>episcOpnrum</strong></span> <span class='ocrx_word' id='word_1_275' title='bbox 1236 3881 1566 3935; x_wconf 84' lang='lat' dir='ltr'><strong>conscientia</strong></span> <span class='ocrx_word' id='word_1_276' title='bbox 1600 3878 1777 3933; x_wconf 89' lang='lat' dir='ltr'><strong>lacere</strong></span> <span class='ocrx_word' id='word_1_277' title='bbox 1799 3918 1812 3942; x_wconf 95' lang='lat'><strong>,</strong></span> <span class='ocrx_word' id='word_1_278' title='bbox 1840 3879 2035 3946; x_wconf 89' lang='lat' dir='ltr'><strong>quibus</strong></span> 
     </span>
    </p>
   </div>
   <div class='ocr_carea' id='block_1_41' title="bbox 451 3966 2032 4040">
    <p class='ocr_par' dir='ltr' id='par_1_41' title="bbox 451 3966 2032 4040">
     <span class='ocr_line' id='line_1_41' title="bbox 451 3966 2032 4040; baseline -0.009 -6"><span class='ocrx_word' id='word_1_279' title='bbox 451 3981 516 4034; x_wconf 84' lang='lat' dir='ltr'><strong>de</strong></span> <span class='ocrx_word' id='word_1_280' title='bbox 544 3978 793 4032; x_wconf 92' lang='lat' dir='ltr'><strong>omnibus</strong></span> <span class='ocrx_word' id='word_1_281' title='bbox 830 3977 998 4029; x_wconf 89' lang='lat' dir='ltr'><strong>cautis</strong></span> <span class='ocrx_word' id='word_1_282' title='bbox 1029 3983 1237 4028; x_wconf 77' lang='lat' dir='ltr'><strong>conSIat</strong></span> <span class='ocrx_word' id='word_1_283' title='bbox 1269 3974 1586 4040; x_wconf 87' lang='lat' dir='ltr'><strong>permissum</strong></span> <span class='ocrx_word' id='word_1_284' title='bbox 1611 3985 1730 4023; x_wconf 87' lang='lat' dir='ltr'><strong>esse</strong></span> <span class='ocrx_word' id='word_1_285' title='bbox 1755 3966 2032 4036; x_wconf 87' lang='lat' dir='ltr'><strong>judicium.</strong></span> 
     </span>
    </p>
   </div>
   <div class='ocr_carea' id='block_1_42' title="bbox 385 4059 2039 4144">
    <p class='ocr_par' dir='ltr' id='par_1_42' title="bbox 385 4059 2039 4144">
     <span class='ocr_line' id='line_1_42' title="bbox 385 4059 2039 4144; baseline -0.011 -17"><span class='ocrx_word' id='word_1_286' title='bbox 385 4085 392 4090; x_wconf 89' lang='lat'>&#39;</span> <span class='ocrx_word' id='word_1_287' title='bbox 451 4069 595 4126; x_wconf 69' lang='lat' dir='ltr'><strong>XXI.</strong></span> <span class='ocrx_word' id='word_1_288' title='bbox 634 4067 944 4138; x_wconf 81' lang='lat' dir='ltr'><strong>Episcopum</strong></span> <span class='ocrx_word' id='word_1_289' title='bbox 987 4067 1050 4118; x_wconf 86' lang='lat' dir='ltr'><strong>de</strong></span> <span class='ocrx_word' id='word_1_290' title='bbox 1095 4064 1295 4144; x_wconf 70' lang='lat' dir='ltr'><strong>dioecesi</strong></span> <span class='ocrx_word' id='word_1_291' title='bbox 1324 4063 1389 4115; x_wconf 89' lang='lat' dir='ltr'><strong>ad</strong></span> <span class='ocrx_word' id='word_1_292' title='bbox 1438 4061 1696 4118; x_wconf 77' lang='lat' dir='ltr'><strong>(liwcesern</strong></span> <span class='ocrx_word' id='word_1_293' title='bbox 1723 4075 1823 4111; x_wconf 84' lang='lat' dir='ltr'><strong>non</strong></span> <span class='ocrx_word' id='word_1_294' title='bbox 1865 4059 2039 4110; x_wconf 85' lang='lat' dir='ltr'><strong>debere</strong></span> 
     </span>
    </p>
   </div>
   <div class='ocr_carea' id='block_1_43' title="bbox 1118 4145 1354 4188">
    <p class='ocr_par' dir='ltr' id='par_1_43' title="bbox 1118 4145 1354 4188">
     <span class='ocr_line' id='line_1_43' title="bbox 1118 4145 1354 4188; baseline 0.013 -3"><span class='ocrx_word' id='word_1_295' title='bbox 1118 4145 1354 4188; x_wconf 71' lang='grc' dir='ltr'><strong>ιῖαηεινσ.</strong></span> 
     </span>
    </p>
   </div>
   <div class='ocr_carea' id='block_1_44' title="bbox 528 4220 2038 4299">
    <p class='ocr_par' dir='ltr' id='par_1_44' title="bbox 528 4220 2038 4299">
     <span class='ocr_line' id='line_1_44' title="bbox 528 4220 2038 4299; baseline -0.011 -12"><span class='ocrx_word' id='word_1_296' title='bbox 528 4232 847 4299; x_wconf 79' lang='lat' dir='ltr'><strong>Episcopum</strong></span> <span class='ocrx_word' id='word_1_297' title='bbox 875 4228 941 4280; x_wconf 91' lang='lat' dir='ltr'><strong>de</strong></span> <span class='ocrx_word' id='word_1_298' title='bbox 977 4226 1193 4279; x_wconf 72' lang='lat' dir='ltr'><strong>dimcesi</strong></span> <span class='ocrx_word' id='word_1_299' title='bbox 1225 4225 1289 4275; x_wconf 88' lang='lat' dir='ltr'><strong>ad</strong></span> <span class='ocrx_word' id='word_1_300' title='bbox 1333 4222 1624 4275; x_wconf 69' lang='lat' dir='ltr'><strong>dimcesem</strong></span> <span class='ocrx_word' id='word_1_301' title='bbox 1676 4220 1896 4273; x_wconf 82' lang='lat' dir='ltr'><strong>alteram</strong></span> <span class='ocrx_word' id='word_1_302' title='bbox 1937 4233 2038 4272; x_wconf 93' lang='lat' dir='ltr'><strong>non</strong></span> 
     </span>
    </p>
   </div>
   <div class='ocr_carea' id='block_1_45' title="bbox 453 4305 2042 4382">
    <p class='ocr_par' dir='ltr' id='par_1_45' title="bbox 453 4305 2042 4382">
     <span class='ocr_line' id='line_1_45' title="bbox 453 4305 2042 4382; baseline -0.009 -4"><span class='ocrx_word' id='word_1_303' title='bbox 453 4305 925 4382; x_wconf 81' lang='lat' dir='ltr'><strong>deberetransire,</strong></span> <span class='ocrx_word' id='word_1_304' title='bbox 961 4330 1134 4382; x_wconf 88' lang='lat' dir='ltr'><strong>neque</strong></span> <span class='ocrx_word' id='word_1_305' title='bbox 1164 4315 1207 4366; x_wconf 89' lang='lat' dir='ltr'><strong>si</strong></span> <span class='ocrx_word' id='word_1_306' title='bbox 1241 4327 1299 4366; x_wconf 89' lang='lat' dir='ltr'><strong>se</strong></span> <span class='ocrx_word' id='word_1_307' title='bbox 1323 4311 1494 4380; x_wconf 90' lang='lat' dir='ltr'><strong>ipsum</strong></span> <span class='ocrx_word' id='word_1_308' title='bbox 1526 4313 1832 4377; x_wconf 53' lang='lat' dir='ltr'><strong>ingeseet-it,</strong></span> <span class='ocrx_word' id='word_1_309' title='bbox 1869 4324 2042 4379; x_wconf 85' lang='lat' dir='ltr'><strong>neque</strong></span> 
     </span>
    </p>
   </div>
   <div class='ocr_carea' id='block_1_46' title="bbox 453 4405 2038 4480">
    <p class='ocr_par' dir='ltr' id='par_1_46' title="bbox 453 4405 2038 4480">
     <span class='ocr_line' id='line_1_46' title="bbox 453 4405 2038 4480; baseline -0.008 -11"><span class='ocrx_word' id='word_1_310' title='bbox 453 4417 497 4470; x_wconf 93' lang='lat' dir='ltr'><strong>si</strong></span> <span class='ocrx_word' id='word_1_311' title='bbox 533 4430 559 4466; x_wconf 87' lang='lat' dir='ltr'><strong>a</strong></span> <span class='ocrx_word' id='word_1_312' title='bbox 590 4411 792 4480; x_wconf 87' lang='lat' dir='ltr'><strong>populis</strong></span> <span class='ocrx_word' id='word_1_313' title='bbox 823 4410 977 4462; x_wconf 79' lang='lat' dir='ltr'><strong>fuerit</strong></span> <span class='ocrx_word' id='word_1_314' title='bbox 1001 4408 1265 4460; x_wconf 86' lang='lat' dir='ltr'><strong>violenter</strong></span> <span class='ocrx_word' id='word_1_315' title='bbox 1294 4415 1572 4469; x_wconf 82' lang='lat' dir='ltr'><strong>attractus,</strong></span> <span class='ocrx_word' id='word_1_316' title='bbox 1603 4416 1777 4471; x_wconf 87' lang='lat' dir='ltr'><strong>neque</strong></span> <span class='ocrx_word' id='word_1_317' title='bbox 1810 4405 1852 4456; x_wconf 89' lang='lat' dir='ltr'><strong>si</strong></span> <span class='ocrx_word' id='word_1_318' title='bbox 1880 4405 2038 4457; x_wconf 88' lang='lat' dir='ltr'><strong>etiam</strong></span> 
     </span>
    </p>
   </div>
   <div class='ocr_carea' id='block_1_47' title="bbox 412 4488 2036 4567">
    <p class='ocr_par' dir='ltr' id='par_1_47' title="bbox 412 4488 2036 4567">
     <span class='ocr_line' id='line_1_47' title="bbox 412 4488 2036 4567; baseline -0.009 -8"><span class='ocrx_word' id='word_1_319' title='bbox 412 4488 560 4559; x_wconf 77' lang='lat' dir='ltr'><strong>&quot;hoc</strong></span> <span class='ocrx_word' id='word_1_320' title='bbox 591 4503 637 4555; x_wconf 89' lang='lat' dir='ltr'><strong>ei</strong></span> <span class='ocrx_word' id='word_1_321' title='bbox 668 4505 732 4555; x_wconf 90' lang='lat' dir='ltr'><strong>ab</strong></span> <span class='ocrx_word' id='word_1_322' title='bbox 773 4499 1038 4567; x_wconf 90' lang='lat' dir='ltr'><strong>episcopis</strong></span> <span class='ocrx_word' id='word_1_323' title='bbox 1089 4496 1374 4550; x_wconf 88' lang='lat' dir='ltr'><strong>suadeatur</strong></span> <span class='ocrx_word' id='word_1_324' title='bbox 1409 4513 1420 4544; x_wconf 92' lang='lat'><strong>:</strong></span> <span class='ocrx_word' id='word_1_325' title='bbox 1467 4508 1683 4548; x_wconf 88' lang='lat' dir='ltr'><strong>manere</strong></span> <span class='ocrx_word' id='word_1_326' title='bbox 1711 4503 1884 4547; x_wconf 88' lang='lat' dir='ltr'><strong>autem</strong></span> <span class='ocrx_word' id='word_1_327' title='bbox 1919 4510 2036 4548; x_wconf 90' lang='lat' dir='ltr'><strong>eum</strong></span> 
     </span>
    </p>
   </div>
   <div class='ocr_carea' id='block_1_48' title="bbox 461 4585 2043 4655">
    <p class='ocr_par' dir='ltr' id='par_1_48' title="bbox 461 4585 2043 4655">
     <span class='ocr_line' id='line_1_48' title="bbox 461 4585 2043 4655; baseline -0.008 -4"><span class='ocrx_word' id='word_1_328' title='bbox 461 4597 658 4652; x_wconf 84' lang='lat' dir='ltr'><strong>debere</strong></span> <span class='ocrx_word' id='word_1_329' title='bbox 683 4596 732 4646; x_wconf 91' lang='lat' dir='ltr'><strong>in</strong></span> <span class='ocrx_word' id='word_1_330' title='bbox 760 4591 996 4646; x_wconf 79' lang='lat' dir='ltr'><strong>Ecclesia</strong></span> <span class='ocrx_word' id='word_1_331' title='bbox 1026 4590 1114 4642; x_wconf 82' lang='lat' dir='ltr'><strong>Dei</strong></span> <span class='ocrx_word' id='word_1_332' title='bbox 1148 4603 1304 4655; x_wconf 88' lang='lat' dir='ltr'><strong>quam</strong></span> <span class='ocrx_word' id='word_1_333' title='bbox 1337 4591 1403 4639; x_wconf 89' lang='lat' dir='ltr'><strong>ab</strong></span> <span class='ocrx_word' id='word_1_334' title='bbox 1435 4588 1585 4638; x_wconf 88' lang='lat' dir='ltr'><strong>initio</strong></span> <span class='ocrx_word' id='word_1_335' title='bbox 1609 4585 1829 4638; x_wconf 83' lang='lat' dir='ltr'><strong>sortitus</strong></span> <span class='ocrx_word' id='word_1_336' title='bbox 1861 4596 1961 4648; x_wconf 88' lang='lat' dir='ltr'><strong>est,</strong></span> <span class='ocrx_word' id='word_1_337' title='bbox 1991 4597 2043 4639; x_wconf 92' lang='lat' dir='ltr'><strong>et</strong></span> 
     </span>
    </p>
   </div>
   <div class='ocr_carea' id='block_1_49' title="bbox 460 4677 2045 4748">
    <p class='ocr_par' dir='ltr' id='par_1_49' title="bbox 460 4677 2045 4748">
     <span class='ocr_line' id='line_1_49' title="bbox 460 4677 2045 4748; baseline -0.006 -7"><span class='ocrx_word' id='word_1_338' title='bbox 460 4702 564 4741; x_wconf 90' lang='lat' dir='ltr'><strong>non</strong></span> <span class='ocrx_word' id='word_1_339' title='bbox 597 4685 664 4737; x_wconf 89' lang='lat' dir='ltr'><strong>ab</strong></span> <span class='ocrx_word' id='word_1_340' title='bbox 693 4698 753 4734; x_wconf 87' lang='lat' dir='ltr'><strong>ea</strong></span> <span class='ocrx_word' id='word_1_341' title='bbox 782 4681 904 4734; x_wconf 87' lang='lat' dir='ltr'><strong>alibi</strong></span> <span class='ocrx_word' id='word_1_342' title='bbox 933 4682 1228 4748; x_wconf 78' lang='lat' dir='ltr'><strong>demigrare</strong></span> <span class='ocrx_word' id='word_1_343' title='bbox 1261 4678 1555 4734; x_wconf 87' lang='lat' dir='ltr'><strong>secundum</strong></span> <span class='ocrx_word' id='word_1_344' title='bbox 1601 4677 1838 4744; x_wconf 80' lang='lat' dir='ltr'><strong>regulam</strong></span> <span class='ocrx_word' id='word_1_345' title='bbox 1888 4695 1916 4730; x_wconf 87' lang='lat' dir='ltr'><strong>a</strong></span> <span class='ocrx_word' id='word_1_346' title='bbox 1949 4680 2045 4732; x_wconf 82' lang='lat' dir='ltr'><strong>I’a-</strong></span> 
     </span>
    </p>
   </div>
   <div class='ocr_carea' id='block_1_50' title="bbox 465 4773 1080 4831">
    <p class='ocr_par' dir='ltr' id='par_1_50' title="bbox 465 4773 1080 4831">
     <span class='ocr_line' id='line_1_50' title="bbox 465 4773 1080 4831; baseline -0.015 0"><span class='ocrx_word' id='word_1_347' title='bbox 465 4779 631 4831; x_wconf 86' lang='lat' dir='ltr'><strong>tribus</strong></span> <span class='ocrx_word' id='word_1_348' title='bbox 665 4773 1006 4827; x_wconf 87' lang='lat' dir='ltr'><strong>constitutam</strong></span> <span class='ocrx_word' id='word_1_349' title='bbox 1035 4781 1080 4822; x_wconf 75' lang='grc' dir='ltr'><strong>ε.</strong></span> 
     </span>
    </p>
   </div>
   <div class='ocr_carea' id='block_1_51' title="bbox 467 4879 2045 4954">
    <p class='ocr_par' dir='ltr' id='par_1_51' title="bbox 467 4879 2045 4954">
     <span class='ocr_line' id='line_1_51' title="bbox 467 4879 2045 4954; baseline -0.008 -11"><span class='ocrx_word' id='word_1_350' title='bbox 467 4888 626 4944; x_wconf 72' lang='lat' dir='ltr'><strong>X.\l|.</strong></span> <span class='ocrx_word' id='word_1_351' title='bbox 665 4885 974 4954; x_wconf 80' lang='lat' dir='ltr'><strong>Episcopum</strong></span> <span class='ocrx_word' id='word_1_352' title='bbox 1004 4895 1103 4933; x_wconf 83' lang='lat' dir='ltr'><strong>non</strong></span> <span class='ocrx_word' id='word_1_353' title='bbox 1145 4879 1322 4931; x_wconf 81' lang='lat' dir='ltr'><strong>debere</strong></span> <span class='ocrx_word' id='word_1_354' title='bbox 1357 4879 1406 4930; x_wconf 89' lang='lat' dir='ltr'><strong>in</strong></span> <span class='ocrx_word' id='word_1_355' title='bbox 1447 4880 1664 4932; x_wconf 86' lang='lat' dir='ltr'><strong>alienam</strong></span> <span class='ocrx_word' id='word_1_356' title='bbox 1707 4879 1899 4931; x_wconf 78' lang='lat' dir='ltr'><strong>irruere</strong></span> <span class='ocrx_word' id='word_1_357' title='bbox 1929 4880 2045 4931; x_wconf 83' lang='lat' dir='ltr'><strong>ciri-</strong></span> 
     </span>
    </p>
   </div>
   <div class='ocr_carea' id='block_1_52' title="bbox 1167 4961 1339 5006">
    <p class='ocr_par' dir='ltr' id='par_1_52' title="bbox 1167 4961 1339 5006">
     <span class='ocr_line' id='line_1_52' title="bbox 1167 4961 1339 5006; baseline -0.012 -4"><span class='ocrx_word' id='word_1_358' title='bbox 1167 4961 1339 5006; x_wconf 83' lang='lat' dir='ltr'><strong>tatem.</strong></span> 
     </span>
    </p>
   </div>
   <div class='ocr_carea' id='block_1_53' title="bbox 544 5043 2048 5114">
    <p class='ocr_par' dir='ltr' id='par_1_53' title="bbox 544 5043 2048 5114">
     <span class='ocr_line' id='line_1_53' title="bbox 544 5043 2048 5114; baseline -0.003 -13"><span class='ocrx_word' id='word_1_359' title='bbox 544 5048 859 5114; x_wconf 81' lang='lat' dir='ltr'><strong>Episc0pum</strong></span> <span class='ocrx_word' id='word_1_360' title='bbox 893 5059 993 5097; x_wconf 90' lang='lat' dir='ltr'><strong>non</strong></span> <span class='ocrx_word' id='word_1_361' title='bbox 1027 5043 1224 5098; x_wconf 89' lang='lat' dir='ltr'><strong>debere</strong></span> <span class='ocrx_word' id='word_1_362' title='bbox 1271 5045 1322 5097; x_wconf 90' lang='lat' dir='ltr'><strong>in</strong></span> <span class='ocrx_word' id='word_1_363' title='bbox 1355 5045 1584 5098; x_wconf 89' lang='lat' dir='ltr'><strong>alienam</strong></span> <span class='ocrx_word' id='word_1_364' title='bbox 1632 5045 1833 5098; x_wconf 88' lang='lat' dir='ltr'><strong>irruere</strong></span> <span class='ocrx_word' id='word_1_365' title='bbox 1864 5044 2048 5097; x_wconf 76' lang='lat' dir='ltr'><strong>civita-</strong></span> 
     </span>
    </p>
   </div>
   <div class='ocr_carea' id='block_1_54' title="bbox 471 5137 2045 5205">
    <p class='ocr_par' dir='ltr' id='par_1_54' title="bbox 471 5137 2045 5205">
     <span class='ocr_line' id='line_1_54' title="bbox 471 5137 2045 5205; baseline 0 -15"><span class='ocrx_word' id='word_1_366' title='bbox 471 5151 572 5190; x_wconf 68' lang='lat' dir='ltr'><strong>lem</strong></span> <span class='ocrx_word' id='word_1_367' title='bbox 610 5153 727 5205; x_wconf 86' lang='lat' dir='ltr'><strong>quae</strong></span> <span class='ocrx_word' id='word_1_368' title='bbox 758 5137 829 5188; x_wconf 91' lang='lat' dir='ltr'><strong>illi</strong></span> <span class='ocrx_word' id='word_1_369' title='bbox 865 5138 1114 5202; x_wconf 87' lang='lat' dir='ltr'><strong>probatur</strong></span> <span class='ocrx_word' id='word_1_370' title='bbox 1144 5151 1249 5188; x_wconf 91' lang='lat' dir='ltr'><strong>non</strong></span> <span class='ocrx_word' id='word_1_371' title='bbox 1274 5151 1394 5190; x_wconf 89' lang='lat' dir='ltr'><strong>esse</strong></span> <span class='ocrx_word' id='word_1_372' title='bbox 1424 5137 1715 5204; x_wconf 73' lang='lat' dir='ltr'><strong>subiectam</strong></span> <span class='ocrx_word' id='word_1_373' title='bbox 1741 5178 1752 5200; x_wconf 84' lang='lat'><strong>,</strong></span> <span class='ocrx_word' id='word_1_374' title='bbox 1789 5153 1961 5205; x_wconf 86' lang='lat' dir='ltr'><strong>neque</strong></span> <span class='ocrx_word' id='word_1_375' title='bbox 1994 5139 2045 5190; x_wconf 91' lang='lat' dir='ltr'><strong>in</strong></span> 
     </span>
    </p>
   </div>
   <div class='ocr_carea' id='block_1_55' title="bbox 471 5229 2054 5301">
    <p class='ocr_par' dir='ltr' id='par_1_55' title="bbox 471 5229 2054 5301">
     <span class='ocr_line' id='line_1_55' title="bbox 471 5229 2054 5301; baseline -0.003 -12"><span class='ocrx_word' id='word_1_376' title='bbox 471 5231 742 5300; x_wconf 65' lang='lat' dir='ltr'><strong>re‘giunem</strong></span> <span class='ocrx_word' id='word_1_377' title='bbox 793 5243 909 5298; x_wconf 73' lang='lat' dir='ltr'><strong>qua:</strong></span> <span class='ocrx_word' id='word_1_378' title='bbox 955 5229 1017 5278; x_wconf 83' lang='lat' dir='ltr'><strong>ad</strong></span> <span class='ocrx_word' id='word_1_379' title='bbox 1073 5229 1190 5296; x_wconf 87' lang='lat' dir='ltr'><strong>ejus</strong></span> <span class='ocrx_word' id='word_1_380' title='bbox 1238 5243 1420 5282; x_wconf 86' lang='lat' dir='ltr'><strong>curam</strong></span> <span class='ocrx_word' id='word_1_381' title='bbox 1468 5231 1684 5284; x_wconf 85' lang='lat' dir='ltr'><strong>minime</strong></span> <span class='ocrx_word' id='word_1_382' title='bbox 1722 5231 2054 5301; x_wconf 76' lang='lat' dir='ltr'><strong>dignoscitur</strong></span> 
     </span>
    </p>
   </div>
   <div class='ocr_carea' id='block_1_56' title="bbox 471 5319 2053 5394">
    <p class='ocr_par' dir='ltr' id='par_1_56' title="bbox 471 5319 2053 5394">
     <span class='ocr_line' id='line_1_56' title="bbox 471 5319 2053 5394; baseline 0 -16"><span class='ocrx_word' id='word_1_383' title='bbox 471 5328 740 5392; x_wconf 71' lang='lat' dir='ltr'><strong>pertinere</strong></span> <span class='ocrx_word' id='word_1_384' title='bbox 767 5319 815 5385; x_wconf 69' lang='grc' dir='ltr'><strong>δ,</strong></span> <span class='ocrx_word' id='word_1_385' title='bbox 860 5319 924 5373; x_wconf 86' lang='lat' dir='ltr'><strong>ad</strong></span> <span class='ocrx_word' id='word_1_386' title='bbox 958 5320 1152 5389; x_wconf 88' lang='lat' dir='ltr'><strong>aliquid</strong></span> <span class='ocrx_word' id='word_1_387' title='bbox 1201 5321 1578 5387; x_wconf 89' lang='lat' dir='ltr'><strong>ordinandum,</strong></span> <span class='ocrx_word' id='word_1_388' title='bbox 1626 5339 1799 5392; x_wconf 89' lang='lat' dir='ltr'><strong>neque</strong></span> <span class='ocrx_word' id='word_1_389' title='bbox 1833 5326 2053 5394; x_wconf 82' lang='lat' dir='ltr'><strong>presby-</strong></span> 
     </span>
    </p>
   </div>
   <div class='ocr_carea' id='block_1_57' title="bbox 546 5474 1344 5538">
    <p class='ocr_par' dir='ltr' id='par_1_57' title="bbox 546 5474 1344 5538">
     <span class='ocr_line' id='line_1_57' title="bbox 546 5474 1344 5538; baseline 0.004 -9"><span class='ocrx_word' id='word_1_390' title='bbox 546 5487 566 5512; x_wconf 78' lang='grc' dir='ltr'><strong>υ</strong></span> <span class='ocrx_word' id='word_1_391' title='bbox 601 5475 688 5536; x_wconf 89' lang='lat' dir='ltr'><strong>U..</strong></span> <span class='ocrx_word' id='word_1_392' title='bbox 724 5474 813 5538; x_wconf 66' lang='grc'><strong>0.,</strong></span> <span class='ocrx_word' id='word_1_393' title='bbox 855 5485 927 5528; x_wconf 88' lang='lat' dir='ltr'><strong>est</strong></span> <span class='ocrx_word' id='word_1_394' title='bbox 959 5491 1058 5527; x_wconf 84' lang='lat' dir='ltr'><strong>non</strong></span> <span class='ocrx_word' id='word_1_395' title='bbox 1089 5492 1180 5529; x_wconf 86' lang='lat' dir='ltr'><strong>suo</strong></span> <span class='ocrx_word' id='word_1_396' title='bbox 1209 5477 1344 5532; x_wconf 83' lang='lat' dir='ltr'><strong>vitio.</strong></span> 
     </span>
    </p>
   </div>
   <div class='ocr_carea' id='block_1_58' title="bbox 546 5545 1476 5624">
    <p class='ocr_par' dir='ltr' id='par_1_58' title="bbox 546 5545 1476 5624">
     <span class='ocr_line' id='line_1_58' title="bbox 546 5545 1476 5624; baseline 0.004 -26"><span class='ocrx_word' id='word_1_397' title='bbox 546 5548 567 5582; x_wconf 64' lang='grc' dir='ltr'><strong>ί)</strong></span> <span class='ocrx_word' id='word_1_398' title='bbox 751 5546 807 5598; x_wconf 84' lang='grc' dir='ltr'><strong>Β.</strong></span> <span class='ocrx_word' id='word_1_399' title='bbox 836 5545 921 5624; x_wconf 70' lang='lat' dir='ltr'><strong>ll.,</strong></span> <span class='ocrx_word' id='word_1_400' title='bbox 949 5545 1010 5597; x_wconf 88' lang='lat' dir='ltr'><strong>E.</strong></span> <span class='ocrx_word' id='word_1_401' title='bbox 1044 5546 1095 5606; x_wconf 83' lang='grc'><strong>5,</strong></span> <span class='ocrx_word' id='word_1_402' title='bbox 1129 5549 1476 5624; x_wconf 69' lang='lat' dir='ltr'><strong>provinciales.</strong></span> 
     </span>
    </p>
   </div>
   <div class='ocr_carea' id='block_1_59' title="bbox 550 5615 2054 5697">
    <p class='ocr_par' dir='ltr' id='par_1_59' title="bbox 550 5615 2054 5697">
     <span class='ocr_line' id='line_1_59' title="bbox 550 5615 2054 5697; baseline 0.005 -28"><span class='ocrx_word' id='word_1_403' title='bbox 550 5627 568 5652; x_wconf 75' lang='grc' dir='ltr'><em>ε</em></span> <span class='ocrx_word' id='word_1_404' title='bbox 610 5615 1003 5697; x_wconf 13' lang='grc' dir='ltr'><strong>ιοῖ.,ᾐδεειιηάιιηι</strong></span> <span class='ocrx_word' id='word_1_405' title='bbox 1033 5618 1257 5686; x_wconf 82' lang='lat' dir='ltr'><strong>regulam</strong></span> <span class='ocrx_word' id='word_1_406' title='bbox 1289 5635 1437 5687; x_wconf 84' lang='lat' dir='ltr'><strong>super</strong></span> <span class='ocrx_word' id='word_1_407' title='bbox 1467 5620 1563 5672; x_wconf 85' lang='lat' dir='ltr'><strong>hoc</strong></span> <span class='ocrx_word' id='word_1_408' title='bbox 1594 5619 1712 5672; x_wconf 87' lang='lat' dir='ltr'><strong>olim</strong></span> <span class='ocrx_word' id='word_1_409' title='bbox 1744 5637 1771 5674; x_wconf 80' lang='grc' dir='ltr'><em>α</em></span> <span class='ocrx_word' id='word_1_410' title='bbox 1816 5620 2054 5677; x_wconf 68' lang='lat' dir='ltr'><strong>Pali-ibus</strong></span> 
     </span>
    </p>
   </div>
   <div class='ocr_carea' id='block_1_60' title="bbox 478 5694 825 5740">
    <p class='ocr_par' dir='ltr' id='par_1_60' title="bbox 478 5694 825 5740">
     <span class='ocr_line' id='line_1_60' title="bbox 478 5694 825 5740; baseline -0.009 -3"><span class='ocrx_word' id='word_1_411' title='bbox 478 5694 825 5740; x_wconf 84' lang='lat' dir='ltr'><strong>constitutam.</strong></span> 
     </span>
    </p>
   </div>
   <div class='ocr_carea' id='block_1_61' title="bbox 548 5753 1772 5827">
    <p class='ocr_par' dir='ltr' id='par_1_61' title="bbox 548 5753 1772 5827">
     <span class='ocr_line' id='line_1_61' title="bbox 548 5753 1772 5827; baseline 0.007 -19"><span class='ocrx_word' id='word_1_412' title='bbox 548 5757 571 5790; x_wconf 71' lang='grc' dir='ltr'>ά</span> <span class='ocrx_word' id='word_1_413' title='bbox 608 5757 683 5827; x_wconf 65' lang='lat' dir='ltr'><strong>Et:</strong></span> <span class='ocrx_word' id='word_1_414' title='bbox 714 5755 930 5827; x_wconf 82' lang='lat' dir='ltr'><strong>reliquis</strong></span> <span class='ocrx_word' id='word_1_415' title='bbox 953 5753 1253 5827; x_wconf 62' lang='lat' dir='ltr'><strong>godicibtts.</strong></span> <span class='ocrx_word' id='word_1_416' title='bbox 1290 5757 1341 5808; x_wconf 91' lang='lat' dir='ltr'><strong>In</strong></span> <span class='ocrx_word' id='word_1_417' title='bbox 1374 5761 1461 5823; x_wconf 72' lang='lat'><strong>.-\.,</strong></span> <span class='ocrx_word' id='word_1_418' title='bbox 1497 5764 1772 5827; x_wconf 72' lang='lat' dir='ltr'><strong>pervenire.</strong></span> 
     </span>
    </p>
   </div>
   <div class='ocr_carea' id='block_1_62' title="bbox 555 5823 1460 5892">
    <p class='ocr_par' dir='ltr' id='par_1_62' title="bbox 555 5823 1460 5892">
     <span class='ocr_line' id='line_1_62' title="bbox 555 5823 1460 5892; baseline -0.001 -12"><span class='ocrx_word' id='word_1_419' title='bbox 555 5835 575 5859; x_wconf 76' lang='grc' dir='ltr'>ο</span> <span class='ocrx_word' id='word_1_420' title='bbox 609 5826 724 5890; x_wconf 65' lang='grc' dir='ltr'><strong>ᾸΕη</strong></span> <span class='ocrx_word' id='word_1_421' title='bbox 761 5827 817 5879; x_wconf 86' lang='grc' dir='ltr'><strong>Β.</strong></span> <span class='ocrx_word' id='word_1_422' title='bbox 844 5825 936 5892; x_wconf 64' lang='grc'><strong>3.,</strong></span> <span class='ocrx_word' id='word_1_423' title='bbox 962 5823 1022 5879; x_wconf 84' lang='grc' dir='ltr'><strong>Τ.</strong></span> <span class='ocrx_word' id='word_1_424' title='bbox 1057 5828 1101 5892; x_wconf 88' lang='lat' dir='ltr'><strong>l,</strong></span> <span class='ocrx_word' id='word_1_425' title='bbox 1132 5827 1220 5891; x_wconf 84' lang='lat' dir='ltr'><strong>L‘-.,</strong></span> <span class='ocrx_word' id='word_1_426' title='bbox 1252 5829 1460 5887; x_wconf 82' lang='lat' dir='ltr'><strong>audere.</strong></span> 
     </span>
    </p>
   </div>
   <div class='ocr_carea' id='block_1_63' title="bbox 1089 351 2950 446">
    <p class='ocr_par' dir='ltr' id='par_1_63' title="bbox 1089 351 2950 446">
     <span class='ocr_line' id='line_1_63' title="bbox 1089 351 2950 446; baseline -0.022 0"><span class='ocrx_word' id='word_1_427' title='bbox 1089 381 1467 446; x_wconf 79' lang='lat' dir='ltr'><strong>COLLEC’I‘IO</strong></span> <span class='ocrx_word' id='word_1_428' title='bbox 1504 373 1828 437; x_wconf 60' lang='lat' dir='ltr'><strong>CAl&#39;JilNUbI</strong></span> <span class='ocrx_word' id='word_1_429' title='bbox 1871 369 1930 430; x_wconf 87' lang='lat' dir='ltr'><strong>S.</strong></span> <span class='ocrx_word' id='word_1_430' title='bbox 1974 360 2248 426; x_wconf 79' lang='lat' dir='ltr'><strong>ISIDORO</strong></span> <span class='ocrx_word' id='word_1_431' title='bbox 2284 355 2554 417; x_wconf 82' lang='lat' dir='ltr'><strong>IIlSPAL.</strong></span> <span class='ocrx_word' id='word_1_432' title='bbox 2595 351 2950 413; x_wconf 70' lang='lat' dir='ltr'><strong>ASCRIPTA.</strong></span> 
     </span>
    </p>
   </div>
   <div class='ocr_carea' id='block_1_64' title="bbox 2026 452 3691 542">
    <p class='ocr_par' dir='ltr' id='par_1_64' title="bbox 2026 452 3691 542">
     <span class='ocr_line' id='line_1_64' title="bbox 2026 452 3691 542; baseline -0.019 -9"><span class='ocrx_word' id='word_1_433' title='bbox 2026 482 2079 542; x_wconf 78' lang='grc' dir='ltr'><strong>Α</strong></span> <span class='ocrx_word' id='word_1_434' title='bbox 2105 485 2248 531; x_wconf 83' lang='lat' dir='ltr'><strong>teres</strong></span> <span class='ocrx_word' id='word_1_435' title='bbox 2275 482 2367 527; x_wconf 91' lang='lat' dir='ltr'><strong>aut</strong></span> <span class='ocrx_word' id='word_1_436' title='bbox 2387 472 2646 527; x_wconf 84' lang='lat' dir='ltr'><strong>diaconos</strong></span> <span class='ocrx_word' id='word_1_437' title='bbox 2663 463 2988 522; x_wconf 86' lang='lat' dir='ltr'><strong>constituere</strong></span> <span class='ocrx_word' id='word_1_438' title='bbox 3009 457 3073 514; x_wconf 81' lang='lat' dir='ltr'><strong>ad</strong></span> <span class='ocrx_word' id='word_1_439' title='bbox 3100 455 3238 512; x_wconf 88' lang='lat' dir='ltr'><strong>alios</strong></span> <span class='ocrx_word' id='word_1_440' title='bbox 3259 452 3542 521; x_wconf 85' lang='lat' dir='ltr'><strong>episcopos</strong></span> <span class='ocrx_word' id='word_1_441' title='bbox 3567 462 3691 517; x_wconf 87' lang='lat' dir='ltr'><strong>pcr-</strong></span> 
     </span>
    </p>
   </div>
   <div class='ocr_carea' id='block_1_65' title="bbox 3585 329 3692 391">
    <p class='ocr_par' dir='ltr' id='par_1_65' title="bbox 3585 329 3692 391">
     <span class='ocr_line' id='line_1_65' title="bbox 3585 329 3692 391; baseline -0.065 0"><span class='ocrx_word' id='word_1_442' title='bbox 3585 329 3692 391; x_wconf 71' lang='grc' dir='ltr'><strong><em>ηε</em></strong></span> 
     </span>
    </p>
   </div>
   <div class='ocr_carea' id='block_1_66' title="bbox 2105 541 3690 632">
    <p class='ocr_par' dir='ltr' id='par_1_66' title="bbox 2105 541 3690 632">
     <span class='ocr_line' id='line_1_66' title="bbox 2105 541 3690 632; baseline -0.021 -6"><span class='ocrx_word' id='word_1_443' title='bbox 2105 571 2366 632; x_wconf 87' lang='lat' dir='ltr'><strong>tinentes,</strong></span> <span class='ocrx_word' id='word_1_444' title='bbox 2416 566 2515 620; x_wconf 92' lang='lat' dir='ltr'><strong>nisi</strong></span> <span class='ocrx_word' id='word_1_445' title='bbox 2562 564 2698 618; x_wconf 79' lang='lat' dir='ltr'><strong>forte</strong></span> <span class='ocrx_word' id='word_1_446' title='bbox 2735 573 2857 614; x_wconf 87' lang='lat' dir='ltr'><strong>cum</strong></span> <span class='ocrx_word' id='word_1_447' title='bbox 2897 554 3125 612; x_wconf 77' lang='lat' dir='ltr'><strong>consilio</strong></span> <span class='ocrx_word' id='word_1_448' title='bbox 3170 546 3401 620; x_wconf 78' lang='lat' dir='ltr'><strong>propria:</strong></span> <span class='ocrx_word' id='word_1_449' title='bbox 3451 541 3690 632; x_wconf 73' lang='lat' dir='ltr'><strong>regionis</strong></span> 
     </span>
    </p>
   </div>
   <div class='ocr_carea' id='block_1_67' title="bbox 2103 625 3690 730">
    <p class='ocr_par' dir='ltr' id='par_1_67' title="bbox 2103 625 3690 730">
     <span class='ocr_line' id='line_1_67' title="bbox 2103 625 3690 730; baseline -0.02 -12"><span class='ocrx_word' id='word_1_450' title='bbox 2103 660 2338 730; x_wconf 89' lang='lat' dir='ltr'><strong>episcopi</strong></span> <span class='ocrx_word' id='word_1_451' title='bbox 2354 625 2378 711; x_wconf 43' lang='grc' dir='ltr'><strong>’ς</strong></span> <span class='ocrx_word' id='word_1_452' title='bbox 2409 655 2550 727; x_wconf 91' lang='lat' dir='ltr'><strong>quod</strong></span> <span class='ocrx_word' id='word_1_453' title='bbox 2568 657 2610 708; x_wconf 90' lang='lat' dir='ltr'><strong>si</strong></span> <span class='ocrx_word' id='word_1_454' title='bbox 2636 651 2898 722; x_wconf 87' lang='lat' dir='ltr'><strong>quispiam</strong></span> <span class='ocrx_word' id='word_1_455' title='bbox 2918 647 3108 700; x_wconf 86' lang='lat' dir='ltr'><strong>horum</strong></span> <span class='ocrx_word' id='word_1_456' title='bbox 3132 641 3237 695; x_wconf 88' lang='lat' dir='ltr'><strong>tale</strong></span> <span class='ocrx_word' id='word_1_457' title='bbox 3264 635 3462 730; x_wconf 88' lang='lat' dir='ltr'><strong>aliquid</strong></span> <span class='ocrx_word' id='word_1_458' title='bbox 3485 635 3637 730; x_wconf 76' lang='lat' dir='ltr'><strong>adire</strong></span> <span class='ocrx_word' id='word_1_459' title='bbox 3665 625 3690 668; x_wconf 79' lang='grc' dir='ltr'><strong>δ</strong></span> 
     </span>
    </p>
   </div>
   <div class='ocr_carea' id='block_1_68' title="bbox 2105 725 3700 818">
    <p class='ocr_par' dir='ltr' id='par_1_68' title="bbox 2105 725 3700 818">
     <span class='ocr_line' id='line_1_68' title="bbox 2105 725 3700 818; baseline -0.021 -12"><span class='ocrx_word' id='word_1_460' title='bbox 2105 725 2356 815; x_wconf 77' lang='lat' dir='ltr'><strong>voluerit,</strong></span> <span class='ocrx_word' id='word_1_461' title='bbox 2389 725 2539 804; x_wconf 73' lang='lat' dir='ltr'><strong>irrita</strong></span> <span class='ocrx_word' id='word_1_462' title='bbox 2587 744 2703 818; x_wconf 77' lang='lat' dir='ltr'><strong>[E.,</strong></span> <span class='ocrx_word' id='word_1_463' title='bbox 2745 735 3071 810; x_wconf 73' lang='lat' dir='ltr'><strong>abiicienda]</strong></span> <span class='ocrx_word' id='word_1_464' title='bbox 3098 733 3316 804; x_wconf 89' lang='lat' dir='ltr'><strong>quidem</strong></span> <span class='ocrx_word' id='word_1_465' title='bbox 3364 729 3462 783; x_wconf 90' lang='lat' dir='ltr'><strong>erit</strong></span> <span class='ocrx_word' id='word_1_466' title='bbox 3511 725 3700 818; x_wconf 75' lang='lat' dir='ltr'><strong>hujus-</strong></span> 
     </span>
    </p>
   </div>
   <div class='ocr_carea' id='block_1_69' title="bbox 2108 817 3701 904">
    <p class='ocr_par' dir='ltr' id='par_1_69' title="bbox 2108 817 3701 904">
     <span class='ocr_line' id='line_1_69' title="bbox 2108 817 3701 904; baseline -0.018 -6"><span class='ocrx_word' id='word_1_467' title='bbox 2108 843 2251 898; x_wconf 90' lang='lat' dir='ltr'><strong>modi</strong></span> <span class='ocrx_word' id='word_1_468' title='bbox 2280 838 2566 900; x_wconf 86' lang='lat' dir='ltr'><strong>ordinatio,</strong></span> <span class='ocrx_word' id='word_1_469' title='bbox 2591 817 2653 891; x_wconf 87' lang='lat' dir='ltr'><strong>et</strong></span> <span class='ocrx_word' id='word_1_470' title='bbox 2680 835 2723 888; x_wconf 89' lang='lat' dir='ltr'><strong>is</strong></span> <span class='ocrx_word' id='word_1_471' title='bbox 2752 833 2843 904; x_wconf 80' lang='lat' dir='ltr'><strong>qui</strong></span> <span class='ocrx_word' id='word_1_472' title='bbox 2874 830 3013 886; x_wconf 89' lang='lat' dir='ltr'><strong>male</strong></span> <span class='ocrx_word' id='word_1_473' title='bbox 3045 821 3385 893; x_wconf 85' lang='lat' dir='ltr'><strong>usurpaverit</strong></span> <span class='ocrx_word' id='word_1_474' title='bbox 3429 835 3457 872; x_wconf 88' lang='lat' dir='ltr'><strong>a</strong></span> <span class='ocrx_word' id='word_1_475' title='bbox 3488 817 3701 890; x_wconf 57' lang='lat' dir='ltr'><strong>synodo</strong></span> 
     </span>
    </p>
   </div>
   <div class='ocr_carea' id='block_1_70' title="bbox 2107 942 2385 1004">
    <p class='ocr_par' dir='ltr' id='par_1_70' title="bbox 2107 942 2385 1004">
     <span class='ocr_line' id='line_1_70' title="bbox 2107 942 2385 1004; baseline -0.007 -16"><span class='ocrx_word' id='word_1_476' title='bbox 2107 942 2385 1004; x_wconf 79' lang='lat' dir='ltr'><strong>arguatur.</strong></span> 
     </span>
    </p>
   </div>
   <div class='ocr_carea' id='block_1_71' title="bbox 2110 1000 3700 1095">
    <p class='ocr_par' dir='ltr' id='par_1_71' title="bbox 2110 1000 3700 1095">
     <span class='ocr_line' id='line_1_71' title="bbox 2110 1000 3700 1095; baseline -0.021 -12"><span class='ocrx_word' id='word_1_477' title='bbox 2110 1000 2297 1083; x_wconf 69' lang='lat' dir='ltr'><strong>Xlllll.</strong></span> <span class='ocrx_word' id='word_1_478' title='bbox 2361 1022 2612 1095; x_wconf 77' lang='lat' dir='ltr'><strong>Episcopo</strong></span> <span class='ocrx_word' id='word_1_479' title='bbox 2662 1033 2764 1073; x_wconf 79' lang='lat' dir='ltr'><strong>non</strong></span> <span class='ocrx_word' id='word_1_480' title='bbox 2811 1015 2959 1070; x_wconf 82' lang='lat' dir='ltr'><strong>licere</strong></span> <span class='ocrx_word' id='word_1_481' title='bbox 2998 1021 3338 1068; x_wconf 76' lang='lat' dir='ltr'><strong>successorem</strong></span> <span class='ocrx_word' id='word_1_482' title='bbox 3379 1003 3472 1057; x_wconf 84' lang='lat' dir='ltr'><strong>sibi</strong></span> <span class='ocrx_word' id='word_1_483' title='bbox 3515 1000 3700 1054; x_wconf 82' lang='lat' dir='ltr'><strong>consti-</strong></span> 
     </span>
    </p>
   </div>
   <div class='ocr_carea' id='block_1_72' title="bbox 2823 1097 2981 1140">
    <p class='ocr_par' dir='ltr' id='par_1_72' title="bbox 2823 1097 2981 1140">
     <span class='ocr_line' id='line_1_72' title="bbox 2823 1097 2981 1140; baseline 0 -1"><span class='ocrx_word' id='word_1_484' title='bbox 2823 1097 2981 1140; x_wconf 81' lang='lat' dir='ltr'><strong>tuere.</strong></span> 
     </span>
    </p>
   </div>
   <div class='ocr_carea' id='block_1_73' title="bbox 2182 1158 3709 1256">
    <p class='ocr_par' dir='ltr' id='par_1_73' title="bbox 2182 1158 3709 1256">
     <span class='ocr_line' id='line_1_73' title="bbox 2182 1158 3709 1256; baseline -0.019 -15"><span class='ocrx_word' id='word_1_485' title='bbox 2182 1187 2508 1256; x_wconf 86' lang='lat' dir='ltr'><strong>Episcopum</strong></span> <span class='ocrx_word' id='word_1_486' title='bbox 2557 1196 2663 1236; x_wconf 91' lang='lat' dir='ltr'><strong>non</strong></span> <span class='ocrx_word' id='word_1_487' title='bbox 2709 1180 2871 1234; x_wconf 89' lang='lat' dir='ltr'><strong>licere</strong></span> <span class='ocrx_word' id='word_1_488' title='bbox 2913 1185 3164 1242; x_wconf 89' lang='lat' dir='ltr'><strong>tanquam</strong></span> <span class='ocrx_word' id='word_1_489' title='bbox 3191 1177 3561 1225; x_wconf 84' lang='lat' dir='ltr'><strong>successorem</strong></span> <span class='ocrx_word' id='word_1_490' title='bbox 3601 1158 3709 1214; x_wconf 86' lang='lat' dir='ltr'><strong>sibi</strong></span> 
     </span>
    </p>
   </div>
   <div class='ocr_carea' id='block_1_74' title="bbox 2113 1251 3709 1336">
    <p class='ocr_par' dir='ltr' id='par_1_74' title="bbox 2113 1251 3709 1336">
     <span class='ocr_line' id='line_1_74' title="bbox 2113 1251 3709 1336; baseline -0.017 -2"><span class='ocrx_word' id='word_1_491' title='bbox 2113 1278 2347 1334; x_wconf 80' lang='lat' dir='ltr'><strong>futurum</strong></span> <span class='ocrx_word' id='word_1_492' title='bbox 2381 1273 2708 1330; x_wconf 74' lang='lat' dir='ltr'><strong>consuluere</strong></span> <span class='ocrx_word' id='word_1_493' title='bbox 2739 1271 2992 1331; x_wconf 86' lang='lat' dir='ltr'><strong>alterum,</strong></span> <span class='ocrx_word' id='word_1_494' title='bbox 3026 1262 3272 1336; x_wconf 70' lang='lat' dir='ltr'><strong>quamvis</strong></span> <span class='ocrx_word' id='word_1_495' title='bbox 3322 1259 3466 1313; x_wconf 86' lang='lat' dir='ltr'><strong>circa</strong></span> <span class='ocrx_word' id='word_1_496' title='bbox 3509 1251 3709 1308; x_wconf 77' lang='lat' dir='ltr'><strong>vicinia</strong></span> 
     </span>
    </p>
   </div>
   <div class='ocr_carea' id='block_1_75' title="bbox 2112 1348 3710 1433">
    <p class='ocr_par' dir='ltr' id='par_1_75' title="bbox 2112 1348 3710 1433">
     <span class='ocr_line' id='line_1_75' title="bbox 2112 1348 3710 1433; baseline -0.018 -7"><span class='ocrx_word' id='word_1_497' title='bbox 2112 1373 2302 1426; x_wconf 90' lang='lat' dir='ltr'><strong>mortis</strong></span> <span class='ocrx_word' id='word_1_498' title='bbox 2336 1369 2594 1422; x_wconf 88' lang='lat' dir='ltr'><strong>habeatur</strong></span> <span class='ocrx_word' id='word_1_499' title='bbox 2628 1383 2640 1417; x_wconf 94' lang='lat'><strong>:</strong></span> <span class='ocrx_word' id='word_1_500' title='bbox 2669 1362 2810 1433; x_wconf 90' lang='lat' dir='ltr'><strong>quod</strong></span> <span class='ocrx_word' id='word_1_501' title='bbox 2841 1362 2884 1416; x_wconf 92' lang='lat' dir='ltr'><strong>si</strong></span> <span class='ocrx_word' id='word_1_502' title='bbox 2917 1361 3022 1414; x_wconf 89' lang='lat' dir='ltr'><strong>tale</strong></span> <span class='ocrx_word' id='word_1_503' title='bbox 3053 1354 3251 1426; x_wconf 82' lang='lat' dir='ltr'><strong>aliquid</strong></span> <span class='ocrx_word' id='word_1_504' title='bbox 3295 1356 3490 1406; x_wconf 80' lang='lat' dir='ltr'><strong>factum</strong></span> <span class='ocrx_word' id='word_1_505' title='bbox 3521 1348 3710 1413; x_wconf 82' lang='lat' dir='ltr'><strong>luerit,</strong></span> 
     </span>
    </p>
   </div>
   <div class='ocr_carea' id='block_1_76' title="bbox 2113 1439 3714 1528">
    <p class='ocr_par' dir='ltr' id='par_1_76' title="bbox 2113 1439 3714 1528">
     <span class='ocr_line' id='line_1_76' title="bbox 2113 1439 3714 1528; baseline -0.016 -11"><span class='ocrx_word' id='word_1_506' title='bbox 2113 1462 2260 1517; x_wconf 67' lang='lat' dir='ltr'><strong>irrita</strong></span> <span class='ocrx_word' id='word_1_507' title='bbox 2282 1461 2350 1514; x_wconf 88' lang='lat' dir='ltr'><strong>sit</strong></span> <span class='ocrx_word' id='word_1_508' title='bbox 2379 1455 2688 1528; x_wconf 86' lang='lat' dir='ltr'><strong>bujusmodi</strong></span> <span class='ocrx_word' id='word_1_509' title='bbox 2711 1452 2996 1509; x_wconf 88' lang='lat' dir='ltr'><strong>ordinatio.</strong></span> <span class='ocrx_word' id='word_1_510' title='bbox 3027 1447 3313 1504; x_wconf 88' lang='lat' dir='ltr'><strong>Custodire</strong></span> <span class='ocrx_word' id='word_1_511' title='bbox 3346 1442 3363 1480; x_wconf 71' lang='grc' dir='ltr'>ί</span> <span class='ocrx_word' id='word_1_512' title='bbox 3398 1450 3578 1496; x_wconf 75' lang='lat' dir='ltr'><strong>autem</strong></span> <span class='ocrx_word' id='word_1_513' title='bbox 3612 1439 3714 1494; x_wconf 87' lang='lat' dir='ltr'><strong>de-</strong></span> 
     </span>
    </p>
   </div>
   <div class='ocr_carea' id='block_1_77' title="bbox 2115 1537 3711 1615">
    <p class='ocr_par' dir='ltr' id='par_1_77' title="bbox 2115 1537 3711 1615">
     <span class='ocr_line' id='line_1_77' title="bbox 2115 1537 3711 1615; baseline -0.013 -6"><span class='ocrx_word' id='word_1_514' title='bbox 2115 1554 2206 1609; x_wconf 90' lang='lat' dir='ltr'><strong>bet</strong></span> <span class='ocrx_word' id='word_1_515' title='bbox 2235 1551 2600 1609; x_wconf 54' lang='lat' dir='ltr'><strong>eccles&#39;astica</strong></span> <span class='ocrx_word' id='word_1_516' title='bbox 2643 1549 2957 1612; x_wconf 85' lang='lat' dir='ltr'><strong>constituta,</strong></span> <span class='ocrx_word' id='word_1_517' title='bbox 2991 1559 3108 1615; x_wconf 71' lang='lat' dir='ltr'><strong>qua:</strong></span> <span class='ocrx_word' id='word_1_518' title='bbox 3161 1543 3230 1597; x_wconf 85' lang='lat' dir='ltr'><strong>ita</strong></span> <span class='ocrx_word' id='word_1_519' title='bbox 3273 1554 3331 1595; x_wconf 89' lang='lat' dir='ltr'><strong>se</strong></span> <span class='ocrx_word' id='word_1_520' title='bbox 3380 1537 3711 1592; x_wconf 87' lang='lat' dir='ltr'><strong>continent:</strong></span> 
     </span>
    </p>
   </div>
   <div class='ocr_carea' id='block_1_78' title="bbox 2115 1629 3716 1719">
    <p class='ocr_par' dir='ltr' id='par_1_78' title="bbox 2115 1629 3716 1719">
     <span class='ocr_line' id='line_1_78' title="bbox 2115 1629 3716 1719; baseline -0.015 -16"><span class='ocrx_word' id='word_1_521' title='bbox 2115 1664 2220 1704; x_wconf 90' lang='lat' dir='ltr'><strong>non</strong></span> <span class='ocrx_word' id='word_1_522' title='bbox 2249 1663 2408 1719; x_wconf 89' lang='lat' dir='ltr'><strong>posse</strong></span> <span class='ocrx_word' id='word_1_523' title='bbox 2441 1645 2598 1699; x_wconf 90' lang='lat' dir='ltr'><strong>aliter</strong></span> <span class='ocrx_word' id='word_1_524' title='bbox 2630 1641 2940 1712; x_wconf 80' lang='lat' dir='ltr'><strong>episcnpum</strong></span> <span class='ocrx_word' id='word_1_525' title='bbox 2986 1637 3101 1692; x_wconf 89' lang='lat' dir='ltr'><strong>lieri</strong></span> <span class='ocrx_word' id='word_1_526' title='bbox 3123 1676 3139 1702; x_wconf 90' lang='lat'><strong>,</strong></span> <span class='ocrx_word' id='word_1_527' title='bbox 3166 1634 3266 1689; x_wconf 86' lang='lat' dir='ltr'><strong>nisi</strong></span> <span class='ocrx_word' id='word_1_528' title='bbox 3311 1634 3364 1687; x_wconf 90' lang='lat' dir='ltr'><strong>in</strong></span> <span class='ocrx_word' id='word_1_529' title='bbox 3395 1629 3628 1686; x_wconf 91' lang='lat' dir='ltr'><strong>concilio</strong></span> <span class='ocrx_word' id='word_1_530' title='bbox 3660 1635 3716 1681; x_wconf 87' lang='lat' dir='ltr'><strong>ct</strong></span> 
     </span>
    </p>
   </div>
   <div class='ocr_carea' id='block_1_79' title="bbox 2116 1717 3716 1804">
    <p class='ocr_par' dir='ltr' id='par_1_79' title="bbox 2116 1717 3716 1804">
     <span class='ocr_line' id='line_1_79' title="bbox 2116 1717 3716 1804; baseline -0.014 -9"><span class='ocrx_word' id='word_1_531' title='bbox 2116 1756 2235 1795; x_wconf 90' lang='lat' dir='ltr'><strong>cum</strong></span> <span class='ocrx_word' id='word_1_532' title='bbox 2286 1752 2556 1793; x_wconf 88' lang='lat' dir='ltr'><strong>consensu</strong></span> <span class='ocrx_word' id='word_1_533' title='bbox 2608 1736 3008 1804; x_wconf 86' lang='lat' dir='ltr'><strong>episcoporum,</strong></span> <span class='ocrx_word' id='word_1_534' title='bbox 3061 1742 3247 1783; x_wconf 91' lang='lat' dir='ltr'><strong>eorum</strong></span> <span class='ocrx_word' id='word_1_535' title='bbox 3297 1725 3576 1785; x_wconf 77' lang='lat' dir='ltr'><strong>duntaxat,</strong></span> <span class='ocrx_word' id='word_1_536' title='bbox 3625 1717 3716 1788; x_wconf 89' lang='lat' dir='ltr'><strong>qui</strong></span> 
     </span>
    </p>
   </div>
   <div class='ocr_carea' id='block_1_80' title="bbox 1881 1817 3718 1906">
    <p class='ocr_par' dir='ltr' id='par_1_80' title="bbox 1881 1817 3718 1906">
     <span class='ocr_line' id='line_1_80' title="bbox 1881 1817 3718 1906; baseline -0.013 -16"><span class='ocrx_word' id='word_1_537' title='bbox 1881 1851 2011 1906; x_wconf 71' lang='lat' dir='ltr'><strong>nihil</strong></span> <span class='ocrx_word' id='word_1_538' title='bbox 2050 1843 2091 1902; x_wconf 77' lang='grc' dir='ltr'><strong><em>Β</em></strong></span> <span class='ocrx_word' id='word_1_539' title='bbox 2119 1842 2238 1904; x_wconf 90' lang='lat' dir='ltr'><strong>post</strong></span> <span class='ocrx_word' id='word_1_540' title='bbox 2267 1833 2467 1886; x_wconf 90' lang='lat' dir='ltr'><strong>obitum</strong></span> <span class='ocrx_word' id='word_1_541' title='bbox 2499 1829 2638 1882; x_wconf 87' lang='lat' dir='ltr'><strong>illius</strong></span> <span class='ocrx_word' id='word_1_542' title='bbox 2668 1827 2756 1897; x_wconf 92' lang='lat' dir='ltr'><strong>qui</strong></span> <span class='ocrx_word' id='word_1_543' title='bbox 2791 1834 2816 1872; x_wconf 76' lang='grc' dir='ltr'><strong><em>ε</em></strong></span> <span class='ocrx_word' id='word_1_544' title='bbox 2845 1823 3115 1894; x_wconf 65' lang='lat' dir='ltr'><strong>praecessit</strong></span> <span class='ocrx_word' id='word_1_545' title='bbox 3149 1817 3434 1874; x_wconf 84' lang='lat' dir='ltr'><strong>habuerint</strong></span> <span class='ocrx_word' id='word_1_546' title='bbox 3479 1820 3718 1884; x_wconf 69' lang='lat' dir='ltr'><strong>potesta-</strong></span> 
     </span>
    </p>
   </div>
   <div class='ocr_carea' id='block_1_81' title="bbox 2119 1911 3289 1992">
    <p class='ocr_par' dir='ltr' id='par_1_81' title="bbox 2119 1911 3289 1992">
     <span class='ocr_line' id='line_1_81' title="bbox 2119 1911 3289 1992; baseline -0.011 -14"><span class='ocrx_word' id='word_1_547' title='bbox 2119 1936 2224 1980; x_wconf 91' lang='lat' dir='ltr'><strong>tem</strong></span> <span class='ocrx_word' id='word_1_548' title='bbox 2248 1938 2367 1978; x_wconf 89' lang='lat' dir='ltr'><strong>eum</strong></span> <span class='ocrx_word' id='word_1_549' title='bbox 2397 1921 2487 1992; x_wconf 90' lang='lat' dir='ltr'><strong>qui</strong></span> <span class='ocrx_word' id='word_1_550' title='bbox 2517 1921 2710 1990; x_wconf 81' lang='lat' dir='ltr'><strong>dignus</strong></span> <span class='ocrx_word' id='word_1_551' title='bbox 2738 1915 2897 1971; x_wconf 77' lang='lat' dir='ltr'><strong>fuerit</strong></span> <span class='ocrx_word' id='word_1_552' title='bbox 2931 1911 3289 1985; x_wconf 83' lang='lat' dir='ltr'><strong>provehendi.</strong></span> 
     </span>
    </p>
   </div>
   <div class='ocr_carea' id='block_1_82' title="bbox 2227 1997 3608 2072">
    <p class='ocr_par' dir='ltr' id='par_1_82' title="bbox 2227 1997 3608 2072">
     <span class='ocr_line' id='line_1_82' title="bbox 2227 1997 3608 2072; baseline -0.017 -1"><span class='ocrx_word' id='word_1_553' title='bbox 2227 2014 2418 2070; x_wconf 75' lang='lat' dir='ltr'><strong>XXIV.</strong></span> <span class='ocrx_word' id='word_1_554' title='bbox 2450 2013 2526 2068; x_wconf 86' lang='lat' dir='ltr'><strong>De</strong></span> <span class='ocrx_word' id='word_1_555' title='bbox 2555 2012 2703 2066; x_wconf 80' lang='lat' dir='ltr'><strong>rebus</strong></span> <span class='ocrx_word' id='word_1_556' title='bbox 2746 2006 3102 2064; x_wconf 78' lang='lat' dir='ltr'><strong>ecclesiasticis</strong></span> <span class='ocrx_word' id='word_1_557' title='bbox 3133 2013 3182 2060; x_wconf 86' lang='lat' dir='ltr'><strong>et</strong></span> <span class='ocrx_word' id='word_1_558' title='bbox 3210 1997 3608 2072; x_wconf 73' lang='lat' dir='ltr'><strong>episcopalibus.</strong></span> 
     </span>
    </p>
   </div>
   <div class='ocr_carea' id='block_1_83' title="bbox 2193 2086 3720 2176">
    <p class='ocr_par' dir='ltr' id='par_1_83' title="bbox 2193 2086 3720 2176">
     <span class='ocr_line' id='line_1_83' title="bbox 2193 2086 3720 2176; baseline -0.014 -14"><span class='ocrx_word' id='word_1_559' title='bbox 2193 2108 2539 2176; x_wconf 72' lang='lat' dir='ltr'><strong>Qumcunquc</strong></span> <span class='ocrx_word' id='word_1_560' title='bbox 2584 2117 2672 2158; x_wconf 88' lang='lat' dir='ltr'><strong>res</strong></span> <span class='ocrx_word' id='word_1_561' title='bbox 2701 2101 2955 2156; x_wconf 75' lang='lat' dir='ltr'><strong>Ecclesia:</strong></span> <span class='ocrx_word' id='word_1_562' title='bbox 2983 2108 3106 2153; x_wconf 90' lang='lat' dir='ltr'><strong>sunt</strong></span> <span class='ocrx_word' id='word_1_563' title='bbox 3148 2093 3399 2152; x_wconf 89' lang='lat' dir='ltr'><strong>convenit</strong></span> <span class='ocrx_word' id='word_1_564' title='bbox 3424 2106 3544 2146; x_wconf 87' lang='lat' dir='ltr'><strong>cum</strong></span> <span class='ocrx_word' id='word_1_565' title='bbox 3571 2086 3720 2142; x_wconf 91' lang='lat' dir='ltr'><strong>omni</strong></span> 
     </span>
    </p>
   </div>
   <div class='ocr_carea' id='block_1_84' title="bbox 2121 2179 3725 2268">
    <p class='ocr_par' dir='ltr' id='par_1_84' title="bbox 2121 2179 3725 2268">
     <span class='ocr_line' id='line_1_84' title="bbox 2121 2179 3725 2268; baseline -0.013 -13"><span class='ocrx_word' id='word_1_566' title='bbox 2121 2199 2400 2268; x_wconf 83' lang='lat' dir='ltr'><strong>diligentia</strong></span> <span class='ocrx_word' id='word_1_567' title='bbox 2431 2210 2480 2251; x_wconf 88' lang='lat' dir='ltr'><strong>et</strong></span> <span class='ocrx_word' id='word_1_568' title='bbox 2527 2195 2665 2250; x_wconf 89' lang='lat' dir='ltr'><strong>bona</strong></span> <span class='ocrx_word' id='word_1_569' title='bbox 2697 2194 2800 2248; x_wconf 87' lang='lat' dir='ltr'><strong>lide</strong></span> <span class='ocrx_word' id='word_1_570' title='bbox 2845 2188 3214 2267; x_wconf 37' lang='lat' dir='ltr'><strong>servarihﬁs</strong></span> <span class='ocrx_word' id='word_1_571' title='bbox 3244 2185 3331 2239; x_wconf 90' lang='lat' dir='ltr'><strong>illa</strong></span> <span class='ocrx_word' id='word_1_572' title='bbox 3372 2184 3581 2239; x_wconf 88' lang='lat' dir='ltr'><strong>scilicet</strong></span> <span class='ocrx_word' id='word_1_573' title='bbox 3617 2179 3725 2234; x_wconf 76' lang='lat' dir='ltr'><strong>lida</strong></span> 
     </span>
    </p>
   </div>
   <div class='ocr_carea' id='block_1_85' title="bbox 2123 2273 3721 2363">
    <p class='ocr_par' dir='ltr' id='par_1_85' title="bbox 2123 2273 3721 2363">
     <span class='ocr_line' id='line_1_85' title="bbox 2123 2273 3721 2363; baseline -0.014 -15"><span class='ocrx_word' id='word_1_574' title='bbox 2123 2309 2241 2363; x_wconf 67' lang='lat' dir='ltr'><strong>quae</strong></span> <span class='ocrx_word' id='word_1_575' title='bbox 2271 2293 2381 2348; x_wconf 90' lang='lat' dir='ltr'><strong>Deo</strong></span> <span class='ocrx_word' id='word_1_576' title='bbox 2406 2290 2636 2346; x_wconf 86' lang='lat' dir='ltr'><strong>debetur</strong></span> <span class='ocrx_word' id='word_1_577' title='bbox 2659 2287 2838 2340; x_wconf 90' lang='lat' dir='ltr'><strong>omnia</strong></span> <span class='ocrx_word' id='word_1_578' title='bbox 2872 2283 3189 2355; x_wconf 69' lang='lat' dir='ltr'><strong>praevidenti</strong></span> <span class='ocrx_word' id='word_1_579' title='bbox 3219 2289 3382 2349; x_wconf 87' lang='lat' dir='ltr'><strong>atque</strong></span> <span class='ocrx_word' id='word_1_580' title='bbox 3422 2273 3721 2344; x_wconf 73' lang='lat' dir='ltr'><strong>iudicanti;</strong></span> 
     </span>
    </p>
   </div>
   <div class='ocr_carea' id='block_1_86' title="bbox 2123 2368 3726 2456">
    <p class='ocr_par' dir='ltr' id='par_1_86' title="bbox 2123 2368 3726 2456">
     <span class='ocr_line' id='line_1_86' title="bbox 2123 2368 3726 2456; baseline -0.013 -15"><span class='ocrx_word' id='word_1_581' title='bbox 2123 2401 2350 2456; x_wconf 65' lang='lat' dir='ltr'><strong>quicque</strong></span> <span class='ocrx_word' id='word_1_582' title='bbox 2381 2384 2667 2454; x_wconf 78' lang='lat' dir='ltr'><strong>gubernari</strong></span> <span class='ocrx_word' id='word_1_583' title='bbox 2691 2389 2905 2448; x_wconf 89' lang='lat' dir='ltr'><strong>oportet</strong></span> <span class='ocrx_word' id='word_1_584' title='bbox 2932 2387 2987 2433; x_wconf 89' lang='lat' dir='ltr'><strong>et</strong></span> <span class='ocrx_word' id='word_1_585' title='bbox 3015 2374 3318 2446; x_wconf 89' lang='lat' dir='ltr'><strong>dispensari</strong></span> <span class='ocrx_word' id='word_1_586' title='bbox 3351 2387 3472 2427; x_wconf 91' lang='lat' dir='ltr'><strong>cum</strong></span> <span class='ocrx_word' id='word_1_587' title='bbox 3513 2368 3726 2438; x_wconf 88' lang='lat' dir='ltr'><strong>judicio</strong></span> 
     </span>
    </p>
   </div>
   <div class='ocr_carea' id='block_1_87' title="bbox 2123 2467 3711 2548">
    <p class='ocr_par' dir='ltr' id='par_1_87' title="bbox 2123 2467 3711 2548">
     <span class='ocr_line' id='line_1_87' title="bbox 2123 2467 3711 2548; baseline -0.014 -13"><span class='ocrx_word' id='word_1_588' title='bbox 2123 2489 2178 2535; x_wconf 90' lang='lat' dir='ltr'><strong>et</strong></span> <span class='ocrx_word' id='word_1_589' title='bbox 2203 2487 2463 2548; x_wconf 81' lang='lat' dir='ltr'><strong>potestate</strong></span> <span class='ocrx_word' id='word_1_590' title='bbox 2492 2476 2746 2545; x_wconf 90' lang='lat' dir='ltr'><strong>episcopi,</strong></span> <span class='ocrx_word' id='word_1_591' title='bbox 2778 2477 2860 2530; x_wconf 92' lang='lat' dir='ltr'><strong>cui</strong></span> <span class='ocrx_word' id='word_1_592' title='bbox 2888 2474 3048 2528; x_wconf 86' lang='lat' dir='ltr'><strong>totius</strong></span> <span class='ocrx_word' id='word_1_593' title='bbox 3076 2471 3246 2542; x_wconf 88' lang='lat' dir='ltr'><strong>plebis</strong></span> <span class='ocrx_word' id='word_1_594' title='bbox 3275 2470 3468 2522; x_wconf 70' lang='lat' dir='ltr'><strong>anima:</strong></span> <span class='ocrx_word' id='word_1_595' title='bbox 3510 2467 3711 2518; x_wconf 75' lang='lat' dir='ltr'><strong>viden-</strong></span> 
     </span>
    </p>
   </div>
   <div class='ocr_carea' id='block_1_88' title="bbox 2126 2563 3725 2627">
    <p class='ocr_par' dir='ltr' id='par_1_88' title="bbox 2126 2563 3725 2627">
     <span class='ocr_line' id='line_1_88' title="bbox 2126 2563 3725 2627; baseline -0.013 0"><span class='ocrx_word' id='word_1_596' title='bbox 2126 2582 2210 2627; x_wconf 89' lang='lat' dir='ltr'><strong>tur</strong></span> <span class='ocrx_word' id='word_1_597' title='bbox 2235 2587 2354 2626; x_wconf 89' lang='lat' dir='ltr'><strong>esse</strong></span> <span class='ocrx_word' id='word_1_598' title='bbox 2405 2569 2727 2623; x_wconf 68' lang='lat' dir='ltr'><strong>commissae.</strong></span> <span class='ocrx_word' id='word_1_599' title='bbox 2779 2565 3056 2621; x_wconf 80' lang='lat' dir='ltr'><strong>Manifesta</strong></span> <span class='ocrx_word' id='word_1_600' title='bbox 3106 2573 3281 2617; x_wconf 87' lang='lat' dir='ltr'><strong>autem</strong></span> <span class='ocrx_word' id='word_1_601' title='bbox 3334 2573 3456 2613; x_wconf 84' lang='lat' dir='ltr'><strong>esse</strong></span> <span class='ocrx_word' id='word_1_602' title='bbox 3502 2563 3725 2623; x_wconf 89' lang='lat' dir='ltr'><strong>oportet</strong></span> 
     </span>
    </p>
   </div>
   <div class='ocr_carea' id='block_1_89' title="bbox 2127 2652 3734 2734">
    <p class='ocr_par' dir='ltr' id='par_1_89' title="bbox 2127 2652 3734 2734">
     <span class='ocr_line' id='line_1_89' title="bbox 2127 2652 3734 2734; baseline -0.012 -15"><span class='ocrx_word' id='word_1_603' title='bbox 2127 2679 2247 2734; x_wconf 69' lang='lat' dir='ltr'><strong>quae</strong></span> <span class='ocrx_word' id='word_1_604' title='bbox 2297 2663 2556 2717; x_wconf 63' lang='lat' dir='ltr'><strong>Ecclesiae</strong></span> <span class='ocrx_word' id='word_1_605' title='bbox 2600 2667 2909 2728; x_wconf 87' lang='lat' dir='ltr'><strong>competunt</strong></span> <span class='ocrx_word' id='word_1_606' title='bbox 2949 2671 3134 2712; x_wconf 89' lang='lat' dir='ltr'><strong>eorum</strong></span> <span class='ocrx_word' id='word_1_607' title='bbox 3182 2652 3625 2721; x_wconf 85' lang='lat' dir='ltr'><strong>presbyterorum</strong></span> <span class='ocrx_word' id='word_1_608' title='bbox 3679 2656 3734 2700; x_wconf 94' lang='lat' dir='ltr'><strong>et</strong></span> 
     </span>
    </p>
   </div>
   <div class='ocr_carea' id='block_1_90' title="bbox 2128 2741 3734 2819">
    <p class='ocr_par' dir='ltr' id='par_1_90' title="bbox 2128 2741 3734 2819">
     <span class='ocr_line' id='line_1_90' title="bbox 2128 2741 3734 2819; baseline -0.009 -8"><span class='ocrx_word' id='word_1_609' title='bbox 2128 2757 2473 2811; x_wconf 89' lang='lat' dir='ltr'><strong>diaconorum</strong></span> <span class='ocrx_word' id='word_1_610' title='bbox 2508 2752 2555 2818; x_wconf 74' lang='lat'><strong>&quot;,</strong></span> <span class='ocrx_word' id='word_1_611' title='bbox 2589 2753 2639 2806; x_wconf 91' lang='lat' dir='ltr'><strong>id</strong></span> <span class='ocrx_word' id='word_1_612' title='bbox 2665 2761 2749 2806; x_wconf 82' lang='lat' dir='ltr'><strong>est</strong></span> <span class='ocrx_word' id='word_1_613' title='bbox 2787 2753 2876 2819; x_wconf 92' lang='lat' dir='ltr'><strong>qui</strong></span> <span class='ocrx_word' id='word_1_614' title='bbox 2923 2751 3059 2804; x_wconf 89' lang='lat' dir='ltr'><strong>circa</strong></span> <span class='ocrx_word' id='word_1_615' title='bbox 3100 2749 3272 2817; x_wconf 90' lang='lat' dir='ltr'><strong>ipsum</strong></span> <span class='ocrx_word' id='word_1_616' title='bbox 3324 2753 3471 2806; x_wconf 86' lang='lat' dir='ltr'><strong>sunt,</strong></span> <span class='ocrx_word' id='word_1_617' title='bbox 3519 2751 3578 2795; x_wconf 91' lang='lat' dir='ltr'><strong>ut</strong></span> <span class='ocrx_word' id='word_1_618' title='bbox 3631 2741 3734 2809; x_wconf 90' lang='lat' dir='ltr'><strong>ipsi</strong></span> 
     </span>
    </p>
   </div>
   <div class='ocr_carea' id='block_1_91' title="bbox 2130 2840 3737 2917">
    <p class='ocr_par' dir='ltr' id='par_1_91' title="bbox 2130 2840 3737 2917">
     <span class='ocr_line' id='line_1_91' title="bbox 2130 2840 3737 2917; baseline -0.009 -15"><span class='ocrx_word' id='word_1_619' title='bbox 2130 2863 2232 2902; x_wconf 92' lang='lat' dir='ltr'><strong>non</strong></span> <span class='ocrx_word' id='word_1_620' title='bbox 2265 2848 2512 2917; x_wconf 82' lang='lat' dir='ltr'><strong>ignorent</strong></span> <span class='ocrx_word' id='word_1_621' title='bbox 2543 2859 2642 2902; x_wconf 91' lang='lat' dir='ltr'><strong>nec</strong></span> <span class='ocrx_word' id='word_1_622' title='bbox 2683 2858 2780 2899; x_wconf 90' lang='lat' dir='ltr'><strong>eos</strong></span> <span class='ocrx_word' id='word_1_623' title='bbox 2804 2842 3007 2912; x_wconf 86' lang='lat' dir='ltr'><strong>aliquid</strong></span> <span class='ocrx_word' id='word_1_624' title='bbox 3038 2844 3197 2894; x_wconf 85' lang='lat' dir='ltr'><strong>lateat</strong></span> <span class='ocrx_word' id='word_1_625' title='bbox 3227 2853 3414 2894; x_wconf 89' lang='lat' dir='ltr'><strong>eorum</strong></span> <span class='ocrx_word' id='word_1_626' title='bbox 3447 2849 3566 2904; x_wconf 63' lang='lat' dir='ltr'><strong>qua</strong></span> <span class='ocrx_word' id='word_1_627' title='bbox 3603 2840 3737 2887; x_wconf 88' lang='lat' dir='ltr'><strong>sunt</strong></span> 
     </span>
    </p>
   </div>
   <div class='ocr_carea' id='block_1_92' title="bbox 2131 2928 3738 3011">
    <p class='ocr_par' dir='ltr' id='par_1_92' title="bbox 2131 2928 3738 3011">
     <span class='ocr_line' id='line_1_92' title="bbox 2131 2928 3738 3011; baseline -0.007 -17"><span class='ocrx_word' id='word_1_628' title='bbox 2131 2939 2358 3011; x_wconf 71' lang='lat' dir='ltr'><strong>propriae</strong></span> <span class='ocrx_word' id='word_1_629' title='bbox 2385 2938 2662 3001; x_wconf 66' lang='lat' dir='ltr'><strong>Ecclesiae,</strong></span> <span class='ocrx_word' id='word_1_630' title='bbox 2692 2945 2749 2990; x_wconf 91' lang='lat' dir='ltr'><strong>ut</strong></span> <span class='ocrx_word' id='word_1_631' title='bbox 2777 2938 2822 2990; x_wconf 88' lang='lat' dir='ltr'><strong>si</strong></span> <span class='ocrx_word' id='word_1_632' title='bbox 2853 2935 3140 3002; x_wconf 64' lang='lat' dir='ltr'><strong>contigerit</strong></span> <span class='ocrx_word' id='word_1_633' title='bbox 3171 2933 3486 3001; x_wconf 89' lang='lat' dir='ltr'><strong>episcopum</strong></span> <span class='ocrx_word' id='word_1_634' title='bbox 3519 2928 3591 2983; x_wconf 89' lang='lat' dir='ltr'><strong>de</strong></span> <span class='ocrx_word' id='word_1_635' title='bbox 3634 2931 3738 2982; x_wconf 90' lang='lat' dir='ltr'><strong>hac</strong></span> 
     </span>
    </p>
   </div>
   <div class='ocr_carea' id='block_1_93' title="bbox 2132 3021 3740 3101">
    <p class='ocr_par' dir='ltr' id='par_1_93' title="bbox 2132 3021 3740 3101">
     <span class='ocr_line' id='line_1_93' title="bbox 2132 3021 3740 3101; baseline -0.009 -14"><span class='ocrx_word' id='word_1_636' title='bbox 2132 3033 2235 3087; x_wconf 86' lang='lat' dir='ltr'><strong>vita</strong></span> <span class='ocrx_word' id='word_1_637' title='bbox 2266 3033 2519 3101; x_wconf 82' lang='lat' dir='ltr'><strong>migrare,</strong></span> <span class='ocrx_word' id='word_1_638' title='bbox 2542 3046 2662 3084; x_wconf 76' lang='lat' dir='ltr'><strong>cum</strong></span> <span class='ocrx_word' id='word_1_639' title='bbox 2695 3029 2992 3082; x_wconf 73' lang='lat' dir='ltr'><strong>manifesta:</strong></span> <span class='ocrx_word' id='word_1_640' title='bbox 3013 3036 3136 3080; x_wconf 87' lang='lat' dir='ltr'><strong>sunt</strong></span> <span class='ocrx_word' id='word_1_641' title='bbox 3165 3034 3215 3078; x_wconf 88' lang='lat' dir='ltr'><strong>et</strong></span> <span class='ocrx_word' id='word_1_642' title='bbox 3257 3032 3396 3077; x_wconf 77' lang='lat' dir='ltr'><strong>notm</strong></span> <span class='ocrx_word' id='word_1_643' title='bbox 3440 3036 3530 3076; x_wconf 86' lang='lat' dir='ltr'><strong>res</strong></span> <span class='ocrx_word' id='word_1_644' title='bbox 3555 3021 3740 3075; x_wconf 80' lang='lat' dir='ltr'><strong>eccle-</strong></span> 
     </span>
    </p>
   </div>
   <div class='ocr_carea' id='block_1_94' title="bbox 2133 3113 3742 3188">
    <p class='ocr_par' dir='ltr' id='par_1_94' title="bbox 2133 3113 3742 3188">
     <span class='ocr_line' id='line_1_94' title="bbox 2133 3113 3742 3188; baseline -0.007 -11"><span class='ocrx_word' id='word_1_645' title='bbox 2133 3124 2387 3186; x_wconf 68' lang='lat' dir='ltr'><strong>siasllcae,</strong></span> <span class='ocrx_word' id='word_1_646' title='bbox 2427 3139 2529 3176; x_wconf 91' lang='lat' dir='ltr'><strong>non</strong></span> <span class='ocrx_word' id='word_1_647' title='bbox 2565 3119 2887 3176; x_wconf 89' lang='lat' dir='ltr'><strong>intercidant</strong></span> <span class='ocrx_word' id='word_1_648' title='bbox 2929 3129 3087 3188; x_wconf 88' lang='lat' dir='ltr'><strong>atque</strong></span> <span class='ocrx_word' id='word_1_649' title='bbox 3125 3116 3444 3186; x_wconf 88' lang='lat' dir='ltr'><strong>depereant.</strong></span> <span class='ocrx_word' id='word_1_650' title='bbox 3490 3113 3605 3168; x_wconf 86' lang='lat' dir='ltr'><strong>Sed</strong></span> <span class='ocrx_word' id='word_1_651' title='bbox 3641 3125 3742 3166; x_wconf 90' lang='lat' dir='ltr'><strong>nec</strong></span> 
     </span>
    </p>
   </div>
   <div class='ocr_carea' id='block_1_95' title="bbox 2131 3298 3740 3371">
    <p class='ocr_par' dir='ltr' id='par_1_95' title="bbox 2131 3298 3740 3371">
     <span class='ocr_line' id='line_1_95' title="bbox 2131 3298 3740 3371; baseline -0.007 -7"><span class='ocrx_word' id='word_1_652' title='bbox 2131 3309 2551 3364; x_wconf 82' lang='lat' dir='ltr'><strong>clesiasticarum</strong></span> <span class='ocrx_word' id='word_1_653' title='bbox 2592 3306 2606 3344; x_wconf 83' lang='grc' dir='ltr'>ί</span> <span class='ocrx_word' id='word_1_654' title='bbox 2638 3305 2944 3370; x_wconf 81' lang='lat' dir='ltr'><strong>occasione,</strong></span> <span class='ocrx_word' id='word_1_655' title='bbox 2975 3305 3116 3358; x_wconf 88' lang='lat' dir='ltr'><strong>illius</strong></span> <span class='ocrx_word' id='word_1_656' title='bbox 3143 3306 3155 3351; x_wconf 85' lang='lat' dir='ltr'><strong>l</strong></span> <span class='ocrx_word' id='word_1_657' title='bbox 3191 3303 3474 3371; x_wconf 86' lang='lat' dir='ltr'><strong>pulsentur</strong></span> <span class='ocrx_word' id='word_1_658' title='bbox 3498 3298 3740 3368; x_wconf 70' lang='lat' dir='ltr'><strong>injuzim;</strong></span> 
     </span>
    </p>
   </div>
   <div class='ocr_carea' id='block_1_96' title="bbox 2133 3393 3742 3471">
    <p class='ocr_par' dir='ltr' id='par_1_96' title="bbox 2133 3393 3742 3471">
     <span class='ocr_line' id='line_1_96' title="bbox 2133 3393 3742 3471; baseline -0.004 -18"><span class='ocrx_word' id='word_1_659' title='bbox 2133 3403 2250 3471; x_wconf 88' lang='lat' dir='ltr'><strong>quia</strong></span> <span class='ocrx_word' id='word_1_660' title='bbox 2271 3403 2470 3470; x_wconf 79' lang='lat' dir='ltr'><strong>justum</strong></span> <span class='ocrx_word' id='word_1_661' title='bbox 2490 3411 2541 3455; x_wconf 87' lang='lat' dir='ltr'><strong>et</strong></span> <span class='ocrx_word' id='word_1_662' title='bbox 2564 3399 2790 3454; x_wconf 69' lang='lat' dir='ltr'><strong>ilecibile</strong></span> <span class='ocrx_word' id='word_1_663' title='bbox 2811 3410 2888 3454; x_wconf 88' lang='lat' dir='ltr'><strong>est</strong></span> <span class='ocrx_word' id='word_1_664' title='bbox 2913 3400 3050 3465; x_wconf 86' lang='lat' dir='ltr'><strong>apud</strong></span> <span class='ocrx_word' id='word_1_665' title='bbox 3070 3399 3349 3450; x_wconf 88' lang='lat' dir='ltr'><strong>Dominum</strong></span> <span class='ocrx_word' id='word_1_666' title='bbox 3369 3393 3514 3468; x_wconf 57' lang='grc' dir='ltr'><strong>[λιΕη</strong></span> <span class='ocrx_word' id='word_1_667' title='bbox 3545 3393 3742 3461; x_wconf 77' lang='lat' dir='ltr'><strong>Deum]</strong></span> 
     </span>
    </p>
   </div>
   <div class='ocr_carea' id='block_1_97' title="bbox 2134 3486 3746 3562">
    <p class='ocr_par' dir='ltr' id='par_1_97' title="bbox 2134 3486 3746 3562">
     <span class='ocr_line' id='line_1_97' title="bbox 2134 3486 3746 3562; baseline -0.005 -13"><span class='ocrx_word' id='word_1_668' title='bbox 2134 3496 2180 3549; x_wconf 89' lang='lat' dir='ltr'><strong>ei</strong></span> <span class='ocrx_word' id='word_1_669' title='bbox 2211 3494 2477 3557; x_wconf 82' lang='lat' dir='ltr'><strong>homines,</strong></span> <span class='ocrx_word' id='word_1_670' title='bbox 2512 3506 2631 3562; x_wconf 76' lang='lat' dir='ltr'><strong>quae</strong></span> <span class='ocrx_word' id='word_1_671' title='bbox 2679 3491 2891 3560; x_wconf 90' lang='lat' dir='ltr'><strong>propria</strong></span> <span class='ocrx_word' id='word_1_672' title='bbox 2931 3500 3054 3544; x_wconf 87' lang='lat' dir='ltr'><strong>sunt</strong></span> <span class='ocrx_word' id='word_1_673' title='bbox 3097 3487 3337 3556; x_wconf 89' lang='lat' dir='ltr'><strong>episcopi</strong></span> <span class='ocrx_word' id='word_1_674' title='bbox 3382 3487 3584 3555; x_wconf 82' lang='lat' dir='ltr'><strong>quibus</strong></span> <span class='ocrx_word' id='word_1_675' title='bbox 3626 3486 3746 3554; x_wconf 81' lang='lat' dir='ltr'><strong>ipso</strong></span> 
     </span>
    </p>
   </div>
   <div class='ocr_carea' id='block_1_98' title="bbox 2131 3579 3748 3652">
    <p class='ocr_par' dir='ltr' id='par_1_98' title="bbox 2131 3579 3748 3652">
     <span class='ocr_line' id='line_1_98' title="bbox 2131 3579 3748 3652; baseline -0.004 -17"><span class='ocrx_word' id='word_1_676' title='bbox 2131 3584 2453 3652; x_wconf 86' lang='lat' dir='ltr'><strong>judicaverit</strong></span> <span class='ocrx_word' id='word_1_677' title='bbox 2483 3584 2804 3652; x_wconf 84' lang='lat' dir='ltr'><strong>derelinqui,</strong></span> <span class='ocrx_word' id='word_1_678' title='bbox 2831 3591 2885 3637; x_wconf 79' lang='lat' dir='ltr'><strong>et</strong></span> <span class='ocrx_word' id='word_1_679' title='bbox 2914 3596 3032 3649; x_wconf 63' lang='lat' dir='ltr'><strong>quae</strong></span> <span class='ocrx_word' id='word_1_680' title='bbox 3059 3580 3307 3634; x_wconf 61' lang='lat' dir='ltr'><strong>ecclesiae</strong></span> <span class='ocrx_word' id='word_1_681' title='bbox 3330 3589 3455 3632; x_wconf 88' lang='lat' dir='ltr'><strong>sunt</strong></span> <span class='ocrx_word' id='word_1_682' title='bbox 3487 3579 3594 3644; x_wconf 85' lang='lat' dir='ltr'><strong>ipsi</strong></span> <span class='ocrx_word' id='word_1_683' title='bbox 3628 3593 3748 3632; x_wconf 86' lang='lat' dir='ltr'><strong>scr-</strong></span> 
     </span>
    </p>
   </div>
   <div class='ocr_carea' id='block_1_99' title="bbox 2138 3667 3749 3736">
    <p class='ocr_par' dir='ltr' id='par_1_99' title="bbox 2138 3667 3749 3736">
     <span class='ocr_line' id='line_1_99' title="bbox 2138 3667 3749 3736; baseline -0.004 -9"><span class='ocrx_word' id='word_1_684' title='bbox 2138 3678 2249 3729; x_wconf 84' lang='lat' dir='ltr'><strong>vari</strong></span> <span class='ocrx_word' id='word_1_685' title='bbox 2284 3694 2294 3728; x_wconf 95' lang='lat'><strong>:</strong></span> <span class='ocrx_word' id='word_1_686' title='bbox 2329 3676 2398 3728; x_wconf 91' lang='lat' dir='ltr'><strong>ita</strong></span> <span class='ocrx_word' id='word_1_687' title='bbox 2433 3675 2572 3728; x_wconf 91' lang='lat' dir='ltr'><strong>enim</strong></span> <span class='ocrx_word' id='word_1_688' title='bbox 2608 3675 2664 3727; x_wconf 86' lang='lat' dir='ltr'><strong>lit</strong></span> <span class='ocrx_word' id='word_1_689' title='bbox 2710 3684 2770 3726; x_wconf 90' lang='lat' dir='ltr'><strong>ut</strong></span> <span class='ocrx_word' id='word_1_690' title='bbox 2799 3688 2897 3727; x_wconf 90' lang='lat' dir='ltr'><strong>nec</strong></span> <span class='ocrx_word' id='word_1_691' title='bbox 2939 3672 3174 3726; x_wconf 84' lang='lat' dir='ltr'><strong>Ecclesia</strong></span> <span class='ocrx_word' id='word_1_692' title='bbox 3216 3672 3413 3723; x_wconf 80' lang='lat' dir='ltr'><strong>damno</strong></span> <span class='ocrx_word' id='word_1_693' title='bbox 3447 3669 3638 3736; x_wconf 87' lang='lat' dir='ltr'><strong>aliquo</strong></span> <span class='ocrx_word' id='word_1_694' title='bbox 3668 3667 3749 3721; x_wconf 84' lang='lat' dir='ltr'><strong>al-</strong></span> 
     </span>
    </p>
   </div>
   <div class='ocr_carea' id='block_1_100' title="bbox 2138 3761 3750 3835">
    <p class='ocr_par' dir='ltr' id='par_1_100' title="bbox 2138 3761 3750 3835">
     <span class='ocr_line' id='line_1_100' title="bbox 2138 3761 3750 3835; baseline -0.005 -15"><span class='ocrx_word' id='word_1_695' title='bbox 2138 3768 2368 3835; x_wconf 83' lang='lat' dir='ltr'><strong>lligatur,</strong></span> <span class='ocrx_word' id='word_1_696' title='bbox 2399 3781 2497 3820; x_wconf 90' lang='lat' dir='ltr'><strong>nec</strong></span> <span class='ocrx_word' id='word_1_697' title='bbox 2529 3767 2812 3832; x_wconf 83' lang='lat' dir='ltr'><strong>episcOpns</strong></span> <span class='ocrx_word' id='word_1_698' title='bbox 2853 3764 3138 3817; x_wconf 88' lang='lat' dir='ltr'><strong>occasione</strong></span> <span class='ocrx_word' id='word_1_699' title='bbox 3181 3776 3361 3815; x_wconf 91' lang='lat' dir='ltr'><strong>rerum</strong></span> <span class='ocrx_word' id='word_1_700' title='bbox 3409 3761 3750 3814; x_wconf 84' lang='lat' dir='ltr'><strong>ecclesiasti-</strong></span> 
     </span>
    </p>
   </div>
   <div class='ocr_carea' id='block_1_101' title="bbox 2137 3854 3750 3926">
    <p class='ocr_par' dir='ltr' id='par_1_101' title="bbox 2137 3854 3750 3926">
     <span class='ocr_line' id='line_1_101' title="bbox 2137 3854 3750 3926; baseline -0.003 -13"><span class='ocrx_word' id='word_1_701' title='bbox 2137 3874 2318 3914; x_wconf 89' lang='lat' dir='ltr'><strong>carum</strong></span> <span class='ocrx_word' id='word_1_702' title='bbox 2370 3858 2769 3926; x_wconf 72' lang='lat' dir='ltr'><strong>prmscribatur,</strong></span> <span class='ocrx_word' id='word_1_703' title='bbox 2819 3871 2991 3926; x_wconf 90' lang='lat' dir='ltr'><strong>neque</strong></span> <span class='ocrx_word' id='word_1_704' title='bbox 3023 3855 3354 3923; x_wconf 87' lang='lat' dir='ltr'><strong>pertinentes</strong></span> <span class='ocrx_word' id='word_1_705' title='bbox 3395 3854 3462 3907; x_wconf 86' lang='lat' dir='ltr'><strong>ad</strong></span> <span class='ocrx_word' id='word_1_706' title='bbox 3515 3870 3646 3908; x_wconf 90' lang='lat' dir='ltr'><strong>eum</strong></span> <span class='ocrx_word' id='word_1_707' title='bbox 3697 3855 3750 3908; x_wconf 90' lang='lat' dir='ltr'><strong>in</strong></span> 
     </span>
    </p>
   </div>
   <div class='ocr_carea' id='block_1_102' title="bbox 2140 3949 3751 4019">
    <p class='ocr_par' dir='ltr' id='par_1_102' title="bbox 2140 3949 3751 4019">
     <span class='ocr_line' id='line_1_102' title="bbox 2140 3949 3751 4019; baseline -0.002 -13"><span class='ocrx_word' id='word_1_708' title='bbox 2140 3967 2326 4007; x_wconf 86' lang='lat' dir='ltr'><strong>causas</strong></span> <span class='ocrx_word' id='word_1_709' title='bbox 2358 3953 2666 4014; x_wconf 85' lang='lat' dir='ltr'><strong>incurrant,</strong></span> <span class='ocrx_word' id='word_1_710' title='bbox 2720 3966 2825 4019; x_wconf 84' lang='lat' dir='ltr'><strong>quo</strong></span> <span class='ocrx_word' id='word_1_711' title='bbox 2864 3959 2986 4017; x_wconf 77' lang='lat' dir='ltr'><strong>post</strong></span> <span class='ocrx_word' id='word_1_712' title='bbox 3029 3959 3260 4002; x_wconf 88' lang='lat' dir='ltr'><strong>mortem</strong></span> <span class='ocrx_word' id='word_1_713' title='bbox 3315 3952 3586 4001; x_wconf 81' lang='lat' dir='ltr'><strong>memoria</strong></span> <span class='ocrx_word' id='word_1_714' title='bbox 3634 3949 3751 4016; x_wconf 84' lang='lat' dir='ltr'><strong>ejus</strong></span> 
     </span>
    </p>
   </div>
   <div class='ocr_carea' id='block_1_103' title="bbox 2141 4040 3638 4113">
    <p class='ocr_par' dir='ltr' id='par_1_103' title="bbox 2141 4040 3638 4113">
     <span class='ocr_line' id='line_1_103' title="bbox 2141 4040 3638 4113; baseline -0.004 -14"><span class='ocrx_word' id='word_1_715' title='bbox 2141 4045 2436 4099; x_wconf 84' lang='lat' dir='ltr'><strong>maledictis</strong></span> <span class='ocrx_word' id='word_1_716' title='bbox 2461 4044 2727 4113; x_wconf 88' lang='lat' dir='ltr'><strong>aliquibus</strong></span> <span class='ocrx_word' id='word_1_717' title='bbox 2756 4052 3009 4098; x_wconf 90' lang='lat' dir='ltr'><strong>oneretur</strong></span> <span class='ocrx_word' id='word_1_718' title='bbox 3039 4041 3161 4112; x_wconf 75' lang='lat' dir='ltr'><strong>[U.,</strong></span> <span class='ocrx_word' id='word_1_719' title='bbox 3193 4040 3638 4112; x_wconf 71' lang='lat' dir='ltr'><strong>dehonestetur].</strong></span> 
     </span>
    </p>
   </div>
   <div class='ocr_carea' id='block_1_104' title="bbox 2143 4154 3754 4227">
    <p class='ocr_par' dir='ltr' id='par_1_104' title="bbox 2143 4154 3754 4227">
     <span class='ocr_line' id='line_1_104' title="bbox 2143 4154 3754 4227; baseline 0.001 -19"><span class='ocrx_word' id='word_1_720' title='bbox 2143 4154 2306 4209; x_wconf 78' lang='lat' dir='ltr'><strong>XXV.</strong></span> <span class='ocrx_word' id='word_1_721' title='bbox 2357 4154 2662 4227; x_wconf 79' lang='lat' dir='ltr'><strong>Epismpnnt</strong></span> <span class='ocrx_word' id='word_1_722' title='bbox 2704 4157 2884 4208; x_wconf 81' lang='lat' dir='ltr'><strong>habere</strong></span> <span class='ocrx_word' id='word_1_723' title='bbox 2931 4165 3230 4221; x_wconf 83' lang='lat' dir='ltr'><strong>polestalent</strong></span> <span class='ocrx_word' id='word_1_724' title='bbox 3280 4156 3335 4209; x_wconf 87' lang='lat' dir='ltr'><strong>in</strong></span> <span class='ocrx_word' id='word_1_725' title='bbox 3378 4157 3536 4210; x_wconf 85' lang='lat' dir='ltr'><strong>rebus</strong></span> <span class='ocrx_word' id='word_1_726' title='bbox 3590 4157 3754 4211; x_wconf 83' lang='lat' dir='ltr'><strong>eccle-</strong></span> 
     </span>
    </p>
   </div>
   <div class='ocr_carea' id='block_1_105' title="bbox 2634 4227 3243 4293">
    <p class='ocr_par' dir='ltr' id='par_1_105' title="bbox 2634 4227 3243 4293">
     <span class='ocr_line' id='line_1_105' title="bbox 2634 4227 3243 4293; baseline 0 -14"><span class='ocrx_word' id='word_1_727' title='bbox 2634 4227 2854 4280; x_wconf 85' lang='lat' dir='ltr'><strong>siasticis</strong></span> <span class='ocrx_word' id='word_1_728' title='bbox 2883 4228 3243 4293; x_wconf 78' lang='lat' dir='ltr'><strong>disponendis.</strong></span> 
     </span>
    </p>
   </div>
   <div class='ocr_carea' id='block_1_106' title="bbox 2218 4315 3758 4388">
    <p class='ocr_par' dir='ltr' id='par_1_106' title="bbox 2218 4315 3758 4388">
     <span class='ocr_line' id='line_1_106' title="bbox 2218 4315 3758 4388; baseline 0.003 -19"><span class='ocrx_word' id='word_1_729' title='bbox 2218 4316 2536 4385; x_wconf 87' lang='lat' dir='ltr'><strong>Episcopum</strong></span> <span class='ocrx_word' id='word_1_730' title='bbox 2559 4315 2759 4370; x_wconf 88' lang='lat' dir='ltr'><strong>habere</strong></span> <span class='ocrx_word' id='word_1_731' title='bbox 2781 4317 3266 4371; x_wconf 88' lang='lat' dir='ltr'><strong>ecclesiasticarum</strong></span> <span class='ocrx_word' id='word_1_732' title='bbox 3296 4332 3478 4373; x_wconf 86' lang='lat' dir='ltr'><strong>rerum</strong></span> <span class='ocrx_word' id='word_1_733' title='bbox 3518 4329 3758 4388; x_wconf 84' lang='lat' dir='ltr'><strong>potesta-</strong></span> 
     </span>
    </p>
   </div>
   <div class='ocr_carea' id='block_1_107' title="bbox 2147 4409 3758 4480">
    <p class='ocr_par' dir='ltr' id='par_1_107' title="bbox 2147 4409 3758 4480">
     <span class='ocr_line' id='line_1_107' title="bbox 2147 4409 3758 4480; baseline 0.002 -18"><span class='ocrx_word' id='word_1_734' title='bbox 2147 4419 2251 4463; x_wconf 91' lang='lat' dir='ltr'><strong>tem</strong></span> <span class='ocrx_word' id='word_1_735' title='bbox 2304 4409 2366 4462; x_wconf 92' lang='lat' dir='ltr'><strong>ad</strong></span> <span class='ocrx_word' id='word_1_736' title='bbox 2425 4410 2839 4476; x_wconf 80' lang='lat' dir='ltr'><strong>dispensandum</strong></span> <span class='ocrx_word' id='word_1_737' title='bbox 2896 4410 3144 4464; x_wconf 89' lang='lat' dir='ltr'><strong>omnibus</strong></span> <span class='ocrx_word' id='word_1_738' title='bbox 3202 4411 3579 4480; x_wconf 72' lang='lat' dir='ltr'><strong>indigentibus</strong></span> <span class='ocrx_word' id='word_1_739' title='bbox 3637 4429 3758 4466; x_wconf 85' lang='lat' dir='ltr'><strong>cum</strong></span> 
     </span>
    </p>
   </div>
   <div class='ocr_carea' id='block_1_108' title="bbox 2146 4501 3759 4573">
    <p class='ocr_par' dir='ltr' id='par_1_108' title="bbox 2146 4501 3759 4573">
     <span class='ocr_line' id='line_1_108' title="bbox 2146 4501 3759 4573; baseline 0.003 -18"><span class='ocrx_word' id='word_1_740' title='bbox 2146 4501 2290 4555; x_wconf 93' lang='lat' dir='ltr'><strong>omni</strong></span> <span class='ocrx_word' id='word_1_741' title='bbox 2324 4504 2513 4553; x_wconf 90' lang='lat' dir='ltr'><strong>timore</strong></span> <span class='ocrx_word' id='word_1_742' title='bbox 2546 4511 2599 4554; x_wconf 89' lang='lat' dir='ltr'><strong>et</strong></span> <span class='ocrx_word' id='word_1_743' title='bbox 2627 4502 2923 4556; x_wconf 89' lang='lat' dir='ltr'><strong>reverentia</strong></span> <span class='ocrx_word' id='word_1_744' title='bbox 2957 4503 3049 4556; x_wconf 83' lang='lat' dir='ltr'><strong>Dei</strong></span> <span class='ocrx_word' id='word_1_745' title='bbox 3077 4521 3089 4566; x_wconf 84' lang='lat'>;</span> <span class='ocrx_word' id='word_1_746' title='bbox 3123 4506 3295 4571; x_wconf 89' lang='lat' dir='ltr'><strong>ipsum</strong></span> <span class='ocrx_word' id='word_1_747' title='bbox 3326 4521 3552 4573; x_wconf 85' lang='lat' dir='ltr'><strong>quoque</strong></span> <span class='ocrx_word' id='word_1_748' title='bbox 3580 4524 3645 4561; x_wconf 82' lang='lat' dir='ltr'><strong>ex</strong></span> <span class='ocrx_word' id='word_1_749' title='bbox 3682 4507 3759 4561; x_wconf 90' lang='lat' dir='ltr'><strong>eis</strong></span> 
     </span>
    </p>
   </div>
   <div class='ocr_carea' id='block_1_109' title="bbox 2153 4593 3756 4662">
    <p class='ocr_par' dir='ltr' id='par_1_109' title="bbox 2153 4593 3756 4662">
     <span class='ocr_line' id='line_1_109' title="bbox 2153 4593 3756 4662; baseline 0.004 -19"><span class='ocrx_word' id='word_1_750' title='bbox 2153 4593 2427 4661; x_wconf 78' lang='lat' dir='ltr'><strong>percipere</strong></span> <span class='ocrx_word' id='word_1_751' title='bbox 2454 4602 2612 4662; x_wconf 87' lang='lat' dir='ltr'><strong>atque</strong></span> <span class='ocrx_word' id='word_1_752' title='bbox 2643 4596 2713 4646; x_wconf 91' lang='lat' dir='ltr'><strong>uti</strong></span> <span class='ocrx_word' id='word_1_753' title='bbox 2759 4595 2957 4648; x_wconf 88' lang='lat' dir='ltr'><strong>debere</strong></span> <span class='ocrx_word' id='word_1_754' title='bbox 2999 4594 3194 4662; x_wconf 90' lang='lat' dir='ltr'><strong>quibus</strong></span> <span class='ocrx_word' id='word_1_755' title='bbox 3227 4595 3464 4662; x_wconf 80' lang='lat' dir='ltr'><strong>indiget,</strong></span> <span class='ocrx_word' id='word_1_756' title='bbox 3496 4598 3544 4652; x_wconf 79' lang='lat' dir='ltr'><strong>si</strong></span> <span class='ocrx_word' id='word_1_757' title='bbox 3580 4609 3756 4652; x_wconf 88' lang='lat' dir='ltr'><strong>tamen</strong></span> 
     </span>
    </p>
   </div>
   <div class='ocr_carea' id='block_1_110' title="bbox 2151 4685 3759 4759">
    <p class='ocr_par' dir='ltr' id='par_1_110' title="bbox 2151 4685 3759 4759">
     <span class='ocr_line' id='line_1_110' title="bbox 2151 4685 3759 4759; baseline 0.004 -22"><span class='ocrx_word' id='word_1_758' title='bbox 2151 4685 2354 4754; x_wconf 78' lang='lat' dir='ltr'><strong>indiget</strong></span> <span class='ocrx_word' id='word_1_759' title='bbox 2383 4687 2464 4738; x_wconf 85' lang='lat' dir='ltr'><strong>vel</strong></span> <span class='ocrx_word' id='word_1_760' title='bbox 2511 4687 2573 4738; x_wconf 87' lang='lat' dir='ltr'><strong>ad</strong></span> <span class='ocrx_word' id='word_1_761' title='bbox 2606 4702 2732 4739; x_wconf 72' lang='lat' dir='ltr'><strong>suas</strong></span> <span class='ocrx_word' id='word_1_762' title='bbox 2775 4687 3106 4742; x_wconf 85' lang='lat' dir='ltr'><strong>necessarias</strong></span> <span class='ocrx_word' id='word_1_763' title='bbox 3137 4688 3220 4742; x_wconf 84' lang='lat' dir='ltr'><strong>vel</strong></span> <span class='ocrx_word' id='word_1_764' title='bbox 3274 4689 3505 4742; x_wconf 74' lang='lat' dir='ltr'><strong>fratrum</strong></span> <span class='ocrx_word' id='word_1_765' title='bbox 3552 4708 3759 4759; x_wconf 82' lang='lat' dir='ltr'><strong>expen-</strong></span> 
     </span>
    </p>
   </div>
   <div class='ocr_carea' id='block_1_111' title="bbox 2152 4780 3758 4850">
    <p class='ocr_par' dir='ltr' id='par_1_111' title="bbox 2152 4780 3758 4850">
     <span class='ocr_line' id='line_1_111' title="bbox 2152 4780 3758 4850; baseline 0.005 -20"><span class='ocrx_word' id='word_1_766' title='bbox 2152 4793 2258 4840; x_wconf 86' lang='lat' dir='ltr'><strong>sas,</strong></span> <span class='ocrx_word' id='word_1_767' title='bbox 2291 4781 2377 4846; x_wconf 89' lang='lat' dir='ltr'><strong>qui</strong></span> <span class='ocrx_word' id='word_1_768' title='bbox 2427 4780 2533 4848; x_wconf 82' lang='lat'><strong>50</strong></span> <span class='ocrx_word' id='word_1_769' title='bbox 2563 4780 2698 4846; x_wconf 88' lang='lat' dir='ltr'><strong>apud</strong></span> <span class='ocrx_word' id='word_1_770' title='bbox 2725 4794 2845 4834; x_wconf 90' lang='lat' dir='ltr'><strong>eum</strong></span> <span class='ocrx_word' id='word_1_771' title='bbox 2881 4780 3261 4849; x_wconf 84' lang='lat' dir='ltr'><strong>bOSpitalitatis</strong></span> <span class='ocrx_word' id='word_1_772' title='bbox 3300 4785 3474 4850; x_wconf 84' lang='lat' dir='ltr'><strong>gratia</strong></span> <span class='ocrx_word' id='word_1_773' title='bbox 3509 4801 3758 4838; x_wconf 78' lang='lat' dir='ltr'><strong>cornum-</strong></span> 
     </span>
    </p>
   </div>
   <div class='ocr_carea' id='block_1_112' title="bbox 2151 4870 3757 4942">
    <p class='ocr_par' dir='ltr' id='par_1_112' title="bbox 2151 4870 3757 4942">
     <span class='ocr_line' id='line_1_112' title="bbox 2151 4870 3757 4942; baseline 0.007 -22"><span class='ocrx_word' id='word_1_774' title='bbox 2151 4879 2358 4934; x_wconf 87' lang='lat' dir='ltr'><strong>rantur,</strong></span> <span class='ocrx_word' id='word_1_775' title='bbox 2391 4881 2444 4922; x_wconf 91' lang='lat' dir='ltr'><strong>ut</strong></span> <span class='ocrx_word' id='word_1_776' title='bbox 2479 4870 2620 4923; x_wconf 87' lang='lat' dir='ltr'><strong>nulla</strong></span> <span class='ocrx_word' id='word_1_777' title='bbox 2661 4886 2722 4924; x_wconf 77' lang='lat' dir='ltr'><strong>ex</strong></span> <span class='ocrx_word' id='word_1_778' title='bbox 2757 4880 2906 4940; x_wconf 87' lang='lat' dir='ltr'><strong>parte</strong></span> <span class='ocrx_word' id='word_1_779' title='bbox 2948 4888 3041 4940; x_wconf 89' lang='lat' dir='ltr'><strong>per</strong></span> <span class='ocrx_word' id='word_1_780' title='bbox 3066 4873 3303 4941; x_wconf 83' lang='lat' dir='ltr'><strong>inepiam</strong></span> <span class='ocrx_word' id='word_1_781' title='bbox 3337 4876 3757 4942; x_wconf 83' lang='lat' dir='ltr'><strong>delraudentur,</strong></span> 
     </span>
    </p>
   </div>
   <div class='ocr_carea' id='block_1_113' title="bbox 2153 4963 3759 5028">
    <p class='ocr_par' dir='ltr' id='par_1_113' title="bbox 2153 4963 3759 5028">
     <span class='ocr_line' id='line_1_113' title="bbox 2153 4963 3759 5028; baseline 0.004 -15"><span class='ocrx_word' id='word_1_782' title='bbox 2153 4963 2442 5014; x_wconf 84' lang='lat' dir='ltr'><strong>secundum</strong></span> <span class='ocrx_word' id='word_1_783' title='bbox 2492 4963 2804 5028; x_wconf 88' lang='lat' dir='ltr'><strong>Apostolum</strong></span> <span class='ocrx_word' id='word_1_784' title='bbox 2857 4964 3123 5017; x_wconf 88' lang='lat' dir='ltr'><strong>dicentem</strong></span> <span class='ocrx_word' id='word_1_785' title='bbox 3171 4983 3184 5019; x_wconf 88' lang='lat'><strong>:</strong></span> <span class='ocrx_word' id='word_1_786' title='bbox 3248 4965 3514 5021; x_wconf 78' lang='lat' dir='ltr'><strong>Habentes</strong></span> <span class='ocrx_word' id='word_1_787' title='bbox 3577 4977 3759 5023; x_wconf 74' lang='lat' dir='ltr'><strong>rictum</strong></span> 
     </span>
    </p>
   </div>
   <div class='ocr_carea' id='block_1_114' title="bbox 2152 5057 3758 5128">
    <p class='ocr_par' dir='ltr' id='par_1_114' title="bbox 2152 5057 3758 5128">
     <span class='ocr_line' id='line_1_114' title="bbox 2152 5057 3758 5128; baseline 0.005 -21"><span class='ocrx_word' id='word_1_788' title='bbox 2152 5057 2503 5122; x_wconf 79' lang='lat' dir='ltr'><strong>quotidianum</strong></span> <span class='ocrx_word' id='word_1_789' title='bbox 2535 5065 2579 5108; x_wconf 89' lang='lat' dir='ltr'><strong>et</strong></span> <span class='ocrx_word' id='word_1_790' title='bbox 2627 5065 2970 5126; x_wconf 82' lang='lat' dir='ltr'><strong>tegumentum</strong></span> <span class='ocrx_word' id='word_1_791' title='bbox 3017 5061 3269 5128; x_wconf 77' lang='lat' dir='ltr'><strong>corporis,</strong></span> <span class='ocrx_word' id='word_1_792' title='bbox 3298 5060 3376 5113; x_wconf 85' lang='lat' dir='ltr'><strong>Itis</strong></span> <span class='ocrx_word' id='word_1_793' title='bbox 3411 5066 3646 5115; x_wconf 83' lang='lat' dir='ltr'><strong>contenti</strong></span> <span class='ocrx_word' id='word_1_794' title='bbox 3682 5083 3758 5116; x_wconf 82' lang='lat' dir='ltr'><strong>sn-</strong></span> 
     </span>
    </p>
   </div>
   <div class='ocr_carea' id='block_1_115' title="bbox 2157 5145 3762 5222">
    <p class='ocr_par' dir='ltr' id='par_1_115' title="bbox 2157 5145 3762 5222">
     <span class='ocr_line' id='line_1_115' title="bbox 2157 5145 3762 5222; baseline 0.007 -25"><span class='ocrx_word' id='word_1_795' title='bbox 2157 5163 2264 5198; x_wconf 81' lang='lat' dir='ltr'><strong>:nus</strong></span> <span class='ocrx_word' id='word_1_796' title='bbox 2298 5146 2407 5216; x_wconf 51' lang='grc' dir='ltr'><strong>μμ,</strong></span> <span class='ocrx_word' id='word_1_797' title='bbox 2438 5145 2635 5216; x_wconf 82' lang='lat' dir='ltr'><strong>simus].</strong></span> <span class='ocrx_word' id='word_1_798' title='bbox 2672 5147 2819 5211; x_wconf 82' lang='lat' dir='ltr'><strong>Quod</strong></span> <span class='ocrx_word' id='word_1_799' title='bbox 2847 5147 2888 5200; x_wconf 87' lang='lat' dir='ltr'><strong>si</strong></span> <span class='ocrx_word' id='word_1_800' title='bbox 2920 5146 2999 5200; x_wconf 85' lang='lat' dir='ltr'><strong>his</strong></span> <span class='ocrx_word' id='word_1_801' title='bbox 3033 5150 3255 5206; x_wconf 78' lang='lat' dir='ltr'><strong>titinime</strong></span> <span class='ocrx_word' id='word_1_802' title='bbox 3277 5163 3580 5208; x_wconf 86' lang='lat' dir='ltr'><strong>contentus</strong></span> <span class='ocrx_word' id='word_1_803' title='bbox 3607 5166 3762 5222; x_wconf 73' lang='lat' dir='ltr'><strong>atque</strong></span> 
     </span>
    </p>
   </div>
   <div class='ocr_carea' id='block_1_116' title="bbox 2157 5237 3764 5300">
    <p class='ocr_par' dir='ltr' id='par_1_116' title="bbox 2157 5237 3764 5300">
     <span class='ocr_line' id='line_1_116' title="bbox 2157 5237 3764 5300; baseline 0.007 -11"><span class='ocrx_word' id='word_1_804' title='bbox 2157 5237 2430 5291; x_wconf 61' lang='lat' dir='ltr'><strong>sollicitans</strong></span> <span class='ocrx_word' id='word_1_805' title='bbox 2473 5237 2756 5291; x_wconf 79' lang='lat' dir='ltr'><strong>transierat</strong></span> <span class='ocrx_word' id='word_1_806' title='bbox 2798 5239 2850 5292; x_wconf 89' lang='lat' dir='ltr'><strong>in</strong></span> <span class='ocrx_word' id='word_1_807' title='bbox 2895 5243 3250 5298; x_wconf 86' lang='lat' dir='ltr'><strong>necessitates</strong></span> <span class='ocrx_word' id='word_1_808' title='bbox 3305 5244 3646 5300; x_wconf 74' lang='lat' dir='ltr'><strong>domesticas</strong></span> <span class='ocrx_word' id='word_1_809' title='bbox 3682 5262 3764 5300; x_wconf 60' lang='lat' dir='ltr'><strong>ccc</strong></span> 
     </span>
    </p>
   </div>
   <div class='ocr_carea' id='block_1_117' title="bbox 2157 5328 3760 5402">
    <p class='ocr_par' dir='ltr' id='par_1_117' title="bbox 2157 5328 3760 5402">
     <span class='ocr_line' id='line_1_117' title="bbox 2157 5328 3760 5402; baseline 0.008 -22"><span class='ocrx_word' id='word_1_810' title='bbox 2157 5328 2485 5381; x_wconf 70' lang='lat' dir='ltr'><strong>ClCalﬂSllCﬂS</strong></span> <span class='ocrx_word' id='word_1_811' title='bbox 2515 5341 2600 5381; x_wconf 89' lang='lat' dir='ltr'><strong>res</strong></span> <span class='ocrx_word' id='word_1_812' title='bbox 2637 5329 2721 5382; x_wconf 74' lang='lat' dir='ltr'><strong>vel</strong></span> <span class='ocrx_word' id='word_1_813' title='bbox 2750 5331 3030 5384; x_wconf 90' lang='lat' dir='ltr'><strong>commoda</strong></span> <span class='ocrx_word' id='word_1_814' title='bbox 3059 5329 3312 5402; x_wconf 62' lang='lat' dir='ltr'><strong>quaelibet</strong></span> <span class='ocrx_word' id='word_1_815' title='bbox 3346 5335 3640 5400; x_wconf 51' lang='lat' dir='ltr'><strong>Ecclesim.</strong></span> <span class='ocrx_word' id='word_1_816' title='bbox 3678 5349 3760 5393; x_wconf 69' lang='lat' dir='ltr'><strong>aut</strong></span> 
     </span>
    </p>
   </div>
   <div class='ocr_carea' id='block_1_118' title="bbox 2234 5483 3219 5546">
    <p class='ocr_par' dir='ltr' id='par_1_118' title="bbox 2234 5483 3219 5546">
     <span class='ocr_line' id='line_1_118' title="bbox 2234 5483 3219 5546; baseline 0.006 -9"><span class='ocrx_word' id='word_1_817' title='bbox 2234 5484 2248 5522; x_wconf 70' lang='grc' dir='ltr'><strong>ί</strong></span> <span class='ocrx_word' id='word_1_818' title='bbox 2283 5484 2392 5546; x_wconf 66' lang='grc' dir='ltr'><strong>ίΕσ,</strong></span> <span class='ocrx_word' id='word_1_819' title='bbox 2429 5483 2518 5546; x_wconf 82' lang='lat' dir='ltr'><strong>U..</strong></span> <span class='ocrx_word' id='word_1_820' title='bbox 2551 5485 2793 5539; x_wconf 79' lang='lat' dir='ltr'><strong>custodiri</strong></span> <span class='ocrx_word' id='word_1_821' title='bbox 2819 5497 2984 5540; x_wconf 84' lang='lat' dir='ltr'><strong>autem</strong></span> <span class='ocrx_word' id='word_1_822' title='bbox 3016 5487 3219 5543; x_wconf 75' lang='lat' dir='ltr'><strong>debent.</strong></span> 
     </span>
    </p>
   </div>
   <div class='ocr_carea' id='block_1_119' title="bbox 2233 5555 2919 5624">
    <p class='ocr_par' dir='ltr' id='par_1_119' title="bbox 2233 5555 2919 5624">
     <span class='ocr_line' id='line_1_119' title="bbox 2233 5555 2919 5624; baseline 0.012 -23"><span class='ocrx_word' id='word_1_823' title='bbox 2233 5566 2255 5601; x_wconf 74' lang='grc' dir='ltr'>ε</span> <span class='ocrx_word' id='word_1_824' title='bbox 2288 5557 2348 5608; x_wconf 81' lang='lat' dir='ltr'><strong>&#39;I‘.</strong></span> <span class='ocrx_word' id='word_1_825' title='bbox 2382 5558 2459 5614; x_wconf 70' lang='lat'><strong>2.,</strong></span> <span class='ocrx_word' id='word_1_826' title='bbox 2491 5556 2627 5607; x_wconf 80' lang='lat' dir='ltr'><strong>illius</strong></span> <span class='ocrx_word' id='word_1_827' title='bbox 2652 5555 2782 5608; x_wconf 80' lang='lat' dir='ltr'><strong>alius</strong></span> <span class='ocrx_word' id='word_1_828' title='bbox 2815 5561 2919 5624; x_wconf 80' lang='lat' dir='ltr'><strong>qui.</strong></span> 
     </span>
    </p>
   </div>
   <div class='ocr_carea' id='block_1_120' title="bbox 2233 5627 3451 5704">
    <p class='ocr_par' dir='ltr' id='par_1_120' title="bbox 2233 5627 3451 5704">
     <span class='ocr_line' id='line_1_120' title="bbox 2233 5627 3451 5704; baseline -0.004 -25"><span class='ocrx_word' id='word_1_829' title='bbox 2233 5628 2254 5702; x_wconf 66' lang='lat' dir='ltr'><strong>lf</strong></span> <span class='ocrx_word' id='word_1_830' title='bbox 2409 5636 2693 5704; x_wconf 67' lang='lat' dir='ltr'><strong>competunt</strong></span> <span class='ocrx_word' id='word_1_831' title='bbox 2725 5628 3025 5704; x_wconf 66' lang='lat' dir='ltr'><strong>presbqieris</strong></span> <span class='ocrx_word' id='word_1_832' title='bbox 3055 5641 3099 5683; x_wconf 80' lang='lat' dir='ltr'><strong>et</strong></span> <span class='ocrx_word' id='word_1_833' title='bbox 3128 5632 3451 5690; x_wconf 61' lang='grc' dir='ltr'><strong>ἀίιιγεοηιῂυε,</strong></span> 
     </span>
    </p>
   </div>
   <div class='ocr_carea' id='block_1_121' title="bbox 2240 5696 2950 5758">
    <p class='ocr_par' dir='ltr' id='par_1_121' title="bbox 2240 5696 2950 5758">
     <span class='ocr_line' id='line_1_121' title="bbox 2240 5696 2950 5758; baseline 0.007 -10"><span class='ocrx_word' id='word_1_834' title='bbox 2240 5697 2250 5733; x_wconf 68' lang='grc' dir='ltr'><strong>ί</strong></span> <span class='ocrx_word' id='word_1_835' title='bbox 2296 5696 2380 5758; x_wconf 87' lang='lat' dir='ltr'><strong>U.,</strong></span> <span class='ocrx_word' id='word_1_836' title='bbox 2411 5697 2555 5747; x_wconf 69' lang='lat' dir='ltr'><strong>rebus</strong></span> <span class='ocrx_word' id='word_1_837' title='bbox 2585 5697 2950 5752; x_wconf 52' lang='lat' dir='ltr'><strong>ecclesiasticis.</strong></span> 
     </span>
    </p>
   </div>
   <div class='ocr_carea' id='block_1_122' title="bbox 2238 5765 3000 5834">
    <p class='ocr_par' dir='ltr' id='par_1_122' title="bbox 2238 5765 3000 5834">
     <span class='ocr_line' id='line_1_122' title="bbox 2238 5765 3000 5834; baseline 0.004 -18"><span class='ocrx_word' id='word_1_838' title='bbox 2238 5769 2249 5816; x_wconf 82' lang='lat' dir='ltr'><strong>i</strong></span> <span class='ocrx_word' id='word_1_839' title='bbox 2290 5765 2399 5834; x_wconf 54' lang='grc' dir='ltr'><strong>Αἰ,</strong></span> <span class='ocrx_word' id='word_1_840' title='bbox 2435 5766 2493 5818; x_wconf 78' lang='lat' dir='ltr'><strong>Il.</strong></span> <span class='ocrx_word' id='word_1_841' title='bbox 2531 5765 2618 5831; x_wconf 68' lang='lat' dir='ltr'><strong>IL,</strong></span> <span class='ocrx_word' id='word_1_842' title='bbox 2654 5767 2711 5818; x_wconf 88' lang='grc' dir='ltr'><strong>Τ.</strong></span> <span class='ocrx_word' id='word_1_843' title='bbox 2749 5767 2802 5832; x_wconf 75' lang='lat'><strong>‘2,</strong></span> <span class='ocrx_word' id='word_1_844' title='bbox 2830 5771 3000 5823; x_wconf 78' lang='lat' dir='ltr'><strong>ullius.</strong></span> 
     </span>
    </p>
   </div>
  </div>
