3882 6334
195 354 270 412 LO
1087 347 1490 407 GRECORUM
1532 342 1869 404 CONCILIA.
1914 374 1981 388 —
2023 341 2490 402 LAODlCENUM.

3338 342 3443 400 l30

192 480 398 538 agrorum
438 461 938 520 erilesiasticorum
973 461 1174 517 fructus
1205 463 1338 517 citra
1365 458 1750 514 conscientiam
1782 466 1830 527 Α
1856 460 2236 516 ecclesiastica:
2288 459 2480 512 rationi
2537 471 2718 512 verum
2773 454 2934 508 etiam
2986 453 3444 523 dispensator-ilius

191 560 578 632 presbyterorum
645 557 736 613 vel
807 558 1164 612 diaconorum
1230 554 1365 622 apud
1424 568 1484 607 se
1543 552 1750 622 redigat

191 650 284 720 |U.,
306 644 642 719 degentium],
674 659 733 702 et
777 645 1092 703 domeSticis
1122 648 1252 710 suis,
1280 645 1362 698 vel
1387 644 1546 698 etiam
1576 644 1746 697 altlni-

189 742 282 806 bus,
309 749 391 794 aut
413 738 686 806 fratribus,
718 750 813 792 aut
846 739 970 794 liliis
999 754 1182 794 earum
1216 751 1393 790 rerum
1431 734 1622 788 tribuat
1656 749 1749 800 po-

189 842 415 895 testatem,
447 840 501 884 ut
550 846 644 900 per
671 846 868 886 eorum
897 838 1156 885 secretam
1204 827 1533 898 diligentiam
1565 827 1744 880 caeteri

184 923 487 979 ecclesiastici
520 923 642 977 laedi
677 921 994 984 videantur;
1031 929 1236 974 reatum
1273 918 1415 972 hunc
1437 917 1526 987 qui
1559 915 1744 984 hujus-

185 1019 406 1070 mudtcst
442 1016 578 1082 apud
625 1014 1109 1083 metropolitanum
1156 1011 1442 1082 provincia:
1488 1019 1747 1078 praistare

185 1106 383 1162 debebit.
426 1107 574 1172 Quod
627 1105 674 1159 si
731 1105 912 1160 taliter
953 1105 1376 1175 reprehendatur
1406 1102 1425 1175 [
1456 1100 1520 1156 Τ.
1551 1103 1608 1166 2,
1647 1101 1748 1156 de-

184 1196 521 1268 prehendatur]
546 1198 844 1266 episcopus
872 1198 951 1251 vel
979 1197 1031 1250 lii
1062 1198 1148 1266 qui
1179 1212 1300 1251 cum
1325 1197 1441 1264 ipso
1471 1202 1597 1248 sunt
1626 1207 1747 1262 pre-

181 1290 487 1361 tbytcri,quo
509 1290 721 1343 dicatur
755 1289 869 1343 haec
887 1305 1002 1359 qua:
1030 1291 1094 1342 ad
1129 1288 1421 1343 Ecclesiam
1456 1286 1746 1356 pertinent,

181 1383 272 1434 sive
287 1381 345 1436 de
364 1383 520 1451 agris,
542 1383 657 1436 sive
685 1381 760 1436 de
789 1380 910 1435 aliis
938 1380 1345 1452 quibuscunque
1370 1376 1750 1434 ecclesiasticis

183 1475 328 1528 causis
357 1488 421 1529 eo
440 1475 657 1530 sibimet
683 1489 972 1546 usurpare,
997 1489 1257 1544 pauperes
1283 1489 1410 1529 vero
1433 1472 1750 1528 necessitate

184 1575 225 1620 et
251 1568 448 1636 penuria
495 1568 761 1637 opprimi,
804 1576 964 1639 atque
1005 1584 1068 1624 ex
1128 1568 1229 1623 hoc
1275 1569 1390 1635 ipso
1429 1582 1534 1620 non
1571 1566 1748 1620 solum

240 1684 258 1710 ε
286 1676 352 1730 Ex
367 1678 610 1734 omnibus
639 1677 957 1734 Codicibus.
983 1679 1040 1734 ln
1065 1683 1155 1747 A.,
1184 1680 1505 1734 continentur
1526 1679 1739 1746 scripta.

1856 553 1972 622 ejus
2004 553 2310 608 maledictio
2511 549 2570 604 Β.
2599 551 2686 615 Il,
2708 549 2769 605 Τ.
2805 551 2848 607 l.
2878 549 2930 608 '2,
2952 546 3258 618 maledicta]
3286 561 3337 602 ct
3363 567 3445 605 re-

1857 649 2145 717 prehensio
2169 659 2422 715 augeatur
2450 664 2461 698 :
2497 650 2592 699 IIHS
2623 643 2778 714 igitur
2807 652 3202 708 correptionem
3236 651 3448 709 cpi-irtet

1856 739 2054 796 mereri
2084 755 2202 808 qua:
2231 748 2513 802 condecet,
2543 747 2724 790 Sancta
2750 736 2955 806 synodo
2987 743 3368 803 cognoscente.

1927 833 2190 888 Eusebius
2232 834 2480 886 omnibus
2517 849 2636 900 qua:
2666 833 2952 885 constituta
3008 828 3110 899 [Β.
3146 829 3232 895 IL,
3273 827 3334 881 Ε,
3393 827 3446 894 ζ’,

1854 921 2272 993 constituerunt]
2301 934 2421 976 sunt
2457 939 2691 988 praesens
2724 922 3065 990 subscripsit.
3101 921 3445 983 Theodotus,

1851 1017 2055 1082 Niceta,
2104 1016 2460 1078 Macedonius.
2519 1017 2816 1080 Anatolius,
2869 1015 3198 1070 'l‘ltarcotlius
3247 1011 3353 1084 [Τ.
3395 1013 3441 1076 l,

1850 1110 1908 1178 2,
1954 1109 2486 1179 Tarchodimantus),
2522 1111 2759 1174 Mantus,
2794 1107 3102 1169 (Etherius,
3139 1105 3444 1168 Narcissus,

1851 1202 2078 1272 Alipius,
2119 1205 2418 1258 Archelaus
2447 1243 2461 1267 ,
2511 1203 2738 1262 Bassus,
2784 1201 3041 1271 Syricus,
3097 1197 3439 1257 Eustacltius,

1853 1295 2160 1359 Mauricius,
2211 1295 2533 1364 Hesychius,
2567 1293 2856 1359 Manicius,
2906 1289 3122 1351 Paulus,
3155 1298 3208 1342 et
3236 1283 3442 1351 caeteri,

1855 1404 2079 1458 quorum
2097 1383 2326 1443 nomina
2378 1391 2430 1442 in
2474 1386 2664 1444 Grieco
2705 1388 2816 1458 jam
2866 1383 3116 1457 superius
3165 1381 3446 1438 continen-

1857 1490 1942 1536 tur
1971 1488 2022 1549 ⁸,
2053 1480 2447 1536 consensimus.

184 1806 3437 1846 Μ

1643 1940 1968 2044 νη.

1031 2128 1698 2215 CONCILIUM
1777 2122 2593 2207 LAODICENUM.

1169 2287 1208 2325 Δ
1236 2282 1568 2325 ιΑΟυΙΟΕιΕ
1600 2283 1625 2310 ³
1658 2275 2127 2321 εΑειῖιιυυτιυυε
2160 2276 2428 2318 Βυηνιτηι.

236 2391 406 2447 Sancta
453 2388 698 2461 synodus
757 2388 1050 2444 secundum
1106 2387 1428 2443 Laodiceam
1492 2387 1739 2456 Phrygiae
1771 2395 1819 2453 Β
1845 2383 1920 2434 sis
1944 2397 2063 2434 ttutn
2095 2381 2297 2434 Judaeis
2331 2378 2526 2448 pascha
2567 2377 2864 2443 celebrant,
2892 2375 2985 2432 sed
3015 2385 3070 2432 et
3097 2355 3437 2435 catechume-

183 2483 463 2546 Pacatianar,
521 2491 824 2536 convocata
874 2497 938 2537 ex
983 2480 1210 2536 diversis
1251 2480 1537 2551 provinciis
1581 2479 1742 2544 Asiar,

185 2577 360 2645 regulas
389 2576 639 2646 espoSuit
666 2576 1100 2639 ecclesiasticas,
1134 2573 1274 2630 sicut
1312 2573 1447 2629 infra
1482 2571 1740 2640 scriptum

183 2678 264 2724 δι’
662 2739 772 2810 5]
815 2737 854 2792 l.
886 2736 965 2792 De
991 2737 1230 2807 digantis.

241 2829 303 2885 De
338 2845 399 2886 eo
427 2831 567 2901 quod
593 2839 818 2898 oportet
861 2827 1154 2883 secundum
1198 2827 1622 2884 ecclesiasticum
1654 2843 1742 2882 ca-

185 2940 368 2991 nouetn,
400 2941 492 2982 eos
522 2926 617 2997 qui
653 2924 825 2979 libere
873 2931 926 2976 et
967 2921 1205 2991 legitime
1256 2923 1506 2976 secundis
1549 2921 1744 2990 nuptiis

182 3020 412 3087 conjut.cti
444 3028 593 3084 sunt,
630 3032 736 3072 nec
780 3015 1044 3071 occultam
1095 3014 1502 3084 permixtioneni
1540 3016 1743 3084 Operati

180 3123 294 3174 sntit,
326 3128 482 3181 pauco
512 3121 765 3178 tempore
791 3117 1071 3177 exempto,
1108 3121 1296 3162 vacare
1327 3108 1663 3162 orationibus
1689 3117 1744 3162 et

177 3203 384 3271 jejuniis,
414 3217 461 3260 et
513 3205 822 3262 secundum
881 3202 1092 3258 veniam
1157 3201 1305 3257 reddi
1363 3203 1443 3256 eis
1501 3217 1743 3258 commu-

181 3307 378 3349 monent.

182 3381 233 3441 ll.
262 3386 328 3440 De
349 3387 424 3442 his
445 3389 533 3456 qui
556 3389 882 3442 diversorum
903 3397 1231 3458 peccatorum
1253 3389 1428 3458 lapsus
1451 3387 1742 3441 incurrunt.

238 3480 338 3546 llis,
377 3481 464 3550 qui
492 3481 836 3535 diversorum
869 3487 1206 3545 peccatorum
1257 3477 1437 3547 lapsus
1469 3479 1746 3532 incurrunt

179 3575 220 3619 et
247 3567 429 3622 instant
456 3571 718 3630 orationi,
750 3568 1074 3624 confessioni
1099 3583 1159 3620 ac
1193 3569 1542 3637 poenitentize,
1577 3568 1744 3622 malo-

179 3672 274 3712 rum
317 3675 532 3716 suorutn
567 3661 867 3730 perlectam
909 3662 1314 3716 conversionem
1363 3661 1742 3716 demonstran-

183 3758 267 3816 tes,
296 3769 384 3821 pro
413 3756 681 3824 qualitate
732 3755 934 3823 peccati
966 3755 1291 3823 paenitentia:
1338 3762 1545 3821 tempus
1584 3754 1738 3807 attri-
1769 3755 1815 3816 C

177 3842 415 3900 buendum
466 3856 551 3902 est
597 3856 820 3917 propter
870 3845 1290 3900 misericordiam
1350 3853 1402 3900 et
1447 3844 1738 3900 bonitatem

180 3935 290 3991 Dei:
321 3941 405 4007 qui
433 3955 564 4010 ergo
595 3937 902 4009 huiusmodi
935 3948 1083 4006 sunt,
1116 3938 1397 3994 revocandi
1425 3949 1478 3993 et
1505 3937 1571 3992 ad
1594 3953 1739 3993 com-

175 4030 454 4089 munionem
482 4043 614 4089 sunt
643 4030 966 4102 applicandi.

178 4118 249 4175 ΙΙΙ.
281 4124 345 4175 De
393 4125 671 4194 neaphytie
698 4140 801 4176 non
831 4123 1184 4192 promovendis
1224 4124 1290 4175 ad
1324 4122 1659 4176 sacerdotium
1689 4120 1736 4176 δ.

232 4217 333 4274 Non
358 4230 570 4290 oportet
597 4221 923 4291 neophytutn
950 4219 1250 4289 promoveri
1283 4219 1348 4271 ad
1379 4219 1624 4274 ordinem
1646 4233 1737 4274 sa-

177 4311 494 4367 cerdotalem.

235 4399 311 4455 IV.
348 4402 465 4457 Non
501 4405 656 4458 licere
686 4419 858 4457 coram
887 4403 1256 4456 catechumenir
1287 4403 1496 4458 clen'coe
1533 4403 1668 4472 ﬁeri.

233 4492 334 4548 Non
373 4506 588 4561 Oportet
621 4510 812 4551 manus
844 4493 1240 4562 impositionem
1279 4509 1437 4564 super
1465 4494 1740 4552 ordinatos

179 4586 505 4648 presentibus
534 4586 939 4642 catechumenis
969 4585 1247 4640 celebrari.

177 4672 231 4727 V.
259 4676 368 4731 Non
419 4683 574 4735 licere
613 4681 814 4734 clericis
847 4695 1054 4733 usuram
1095 4680 1170 4732 uel
1213 4681 1456 4748 sexcupla
1491 4681 1737 4750 accipere.

235 4767 344 4823 Non
376 4773 498 4827 licet
541 4772 776 4827 fenerari
809 4768 1066 4825 ministris
1093 4769 1274 4824 altaris
1295 4811 1308 4835 ,
1341 4770 1422 4824 vel
1464 4771 1515 4823 in
1564 4783 1741 4825 sacer-

178 4857 316 4914 dotali
362 4865 550 4916 ordtne
580 4861 884 4917 constitutis
914 4875 1104 4916 usuras
1157 4862 1238 4916 vel
1286 4862 1431 4916 lucra
1461 4876 1580 4931 qua:
1611 4878 1739 4917 sex-

178 4954 308 5022 tupla
337 4955 589 5008 dicuntur
620 4955 882 5018 accipere.

316 5045 397 5100 Vl.
435 5046 562 5099 Non
591 5045 746 5097 licere
770 5042 1031 5098 luereticos
1053 5042 1253 5114 ingredi
1281 5042 1570 5096 ecclesiam.

241 5135 341 5188 Non
406 5133 820 5192 concedendum
877 5134 1141 5190 hereticis
1194 5133 1492 5203 ingressum
1549 5133 1707 5188 domu

181 5222 258 5276 Dei
285 5228 332 5280 in
357 5227 554 5282 haeresi
578 5223 1042 5298 permanentibus.

366 5341 477 5396 \‘ll.
510 5341 588 5395 De
610 5338 918 5395 Novatianis
948 5347 993 5391 et
1029 5338 1523 5404 Quartodecimanis.

238 5429 574 5498 Novatianos,
619 5431 706 5486 vel
771 5429 940 5485 etiam
1003 5428 1544 5494 Qttartodecimanos,
1608 5441 1739 5496 quos

181 5519 329 5578 (Επιυεί
357 5521 871 5597 Τεσσαραόικατίτας
917 5518 1038 5590 [U.,
1066 5521 1320 5594 Τέσσαρις
1342 5523 1424 5574 καὶ
1455 5518 1741 5593 derat-apte]

179 5615 449 5682 appellant,
495 5614 544 5668 id
571 5623 656 5669 est
685 5613 773 5684 qui
802 5610 1201 5682 quartadecima
1244 5612 1365 5665 luna
1397 5609 1556 5680 primi
1586 5625 1740 5665 men-

241 5737 266 5763 ⁸
289 5731 339 5782 In
365 5729 656 5786 Codicibtts
681 5748 696 5785 :
725 5729 1021 5784 Laudocic.

1846 2486 1944 2525 nos
1973 2485 2158 2524 eorum
2211 2473 2293 2524 vel
2339 2470 2522 2523 lideles
2573 2484 2676 2522 non
2718 2469 2906 2537 recipi,
2956 2469 3261 2537 priusquam
3304 2484 3435 2524 con-

1844 2562 2100 2615 demncnt
2148 2575 2365 2614 omnent
2419 2559 2690 2624 haeresim,
2737 2557 3047 2628 plenissime
3088 2568 3266 2612 autem
3317 2571 3439 2614 ante

1846 2653 2048 2718 omnia,
2079 2653 2132 2706 in
2163 2668 2264 2721 qua
2312 2651 2691 2706 detinebantur
2725 2669 2737 2702 :
2789 2661 2843 2706 et
2876 2662 3002 2704 tunc
3045 2651 3134 2718 qui
3176 2654 3312 2720 apud
3344 2666 3439 2706 eos

1848 2744 2033 2800 ﬁdeles
2063 2745 2314 2798 dicuntur
2355 2745 2658 2814 symbolum
2691 2743 2809 2796 lidei
2837 2743 3153 2804 doceantur,
3187 2755 3346 2810 atque
3370 2743 3439 2796 ita

1849 2842 2034 2890 unctos
2067 2844 2254 2889 sancto
2299 2835 2459 2888 etiam
2509 2833 2838 2901 chrismate,
2871 2833 3050 2888 divino
3099 2842 3438 2887 sacramento

1847 2929 2250 2984 communicare
2275 2927 2580 2982 conveniet.
3082 2960 3090 2972 .

1849 3023 1952 3092 52
1986 3021 2110 3076 Vlll.
2160 3022 2234 3075 De
2275 3021 2619 3090 Calaphrygis
2663 3019 2728 3072 ad
2772 3017 3058 3072 Ecclesiam
3101 3014 3434 3070 renientibur.

1921 3119 2027 3170 Eos
2058 3116 2148 3185 qui
2193 3127 2580 3170 convertuntur
2620 3115 2686 3167 ab
2717 3115 2906 3170 lmresi
2954 3129 3072 3182 quze
3117 3114 3310 3169 dicitur
3342 3115 3438 3169 Se-

1847 3208 2336 3279 cundumpltrygis,
2357 3222 2520 3277 scquc
2548 3209 2596 3260 itt
2627 3209 2778 3264 clero
2803 3207 3123 3262 constitutos
3145 3209 3434 3274 assumant,

1848 3304 2089 3370 quamvis
2121 3303 2295 3373 magni
2325 3285 2594 3367 dicantur,
2640 3301 2945 3368 hujusmotli
2984 3317 3103 3355 cum
3133 3303 3277 3355 omni
3316 3302 3436 3355 dili-

1848 3396 2025 3465 gentia
2058 3394 2380 3448 catcchizari
2426 3401 2638 3462 Oportet
2676 3403 2729 3447 et
2778 3393 3032 3462 baptizari
3079 3393 3146 3446 ab
3181 3393 3439 3448 Ecclesia:

1849 3486 2123 3541 catholicae
2147 3486 2414 3556 episcopis
2443 3495 2496 3539 et
2521 3483 2872 3555 presbyteris.

1850 3583 1939 3638 lX.
1971 3584 2090 3638 Non
2123 3585 2305 3639 debere
2335 3583 2611 3636 catholicos
2643 3582 2693 3634 in
2720 3597 2778 3633 ea
2799 3597 2911 3650 qui:
2941 3577 3189 3647 martyria
3220 3594 3309 3630 sua
3332 3575 3437 3629 Ita:-

2348 3653 2491 3708 retici
2517 3654 2692 3706 dicunt
2721 3653 2930 3704 intrare.

1917 3747 2031 3802 Non
2053 3747 2454 3802 concedendum
2488 3746 2538 3798 in
2572 3742 3001 3809 etetneteria,vel
3033 3757 3151 3806 qua:
3176 3742 3430 3810 martyria

1845 3839 2115 3905 dicuntur,
2148 3837 2521 3893 haereticorum
2551 3836 2849 3892 catholicos
2897 3835 3156 3887 ora..anis
3187 3833 3353 3901 gratia
3381 3840 3436 3885 et

1846 3930 2088 3999 petendm
2108 3929 2401 3983 curationis
2433 3930 2630 3983 intrare
2665 3945 2676 3982 :
2709 3928 2802 3982 sed
2836 3937 2888 3981 et
2919 3926 3005 3994 qui
3035 3925 3213 3992 ierint,
3245 3923 3288 3976 si
3313 3929 3436 3975 sunt

1844 4024 2029 4078 lideles
2062 4065 2075 4088 ,
2135 4022 2672 4077 incttmmunicabiles
2731 4020 2900 4074 factos
2949 4017 3017 4072 ad
3067 4015 3434 4086 paenitentiam

1846 4131 2012 4186 usque
2041 4116 2105 4171 ad
2130 4116 2343 4185 aliquod
2378 4116 2634 4182 temporis
2663 4112 2832 4183 redigi
2865 4129 2878 4167 :
2911 4110 3230 4181 ptenitcntes
3258 4120 3434 4162 autem

1845 4226 1938 4265 eos
1965 4220 2018 4265 et
2048 4223 2260 4264 errasse
2287 4208 2568 4263 confessos
2602 4206 2801 4275 suscipi
2834 4215 3068 4274 oportet.

1845 4301 1915 4358 Χ.
1971 4300 2093 4356 Νοη
2140 4302 2319 4356 debere
2357 4301 2662 4353 catholicam
2713 4300 3065 4351 Iucreticorum
3113 4295 3435 4349 matrimonio

2516 4387 2670 4424 socnn
2685 4387 2723 4424 τ.

1919 4463 2022 4518 Eos
2050 4462 2140 4533 qui
2167 4464 2232 4518 ad
2266 4463 2561 4517 Ecclesiam
2596 4461 2866 4530 pertinent
2897 4460 3269 4513 indillerentcr
3300 4459 3437 4514 ﬁlios

1844 4556 2089 4626 pr0prios
2133 4556 2510 4611 haereticorum
2563 4555 2760 4623 nuptiis
2819 4554 3041 4608 minime
3093 4553 3296 4608 sociare
3343 4552 3434 4607 dc-

1913 4663 1990 4701 re.

1913 4663 1937 4701 r
1975 4686 1990 4700 .

1845 4649 1907 4702 be
1940 4663 1970 4702 θ
2258 4715 2342 4771 XI.
2374 4714 2454 4768 De
2483 4714 2742 4768 canonici;
2772 4713 3013 4767 ecclesia’.

1916 4807 2187 4870 Mulieres,
2221 4821 2336 4872 qua:
2358 4805 2498 4872 apud
2532 4805 2748 4858 Graecos
2779 4807 3115 4874 ,presbytcra:
3148 4804 3430 4871 appellas.-

1845 4909 1948 4964 tur,
1980 4899 2116 4966 apud
2149 4912 2245 4951 nos
2279 4908 2459 4950 auletn
2496 4897 2666 4950 vidtne
2699 4895 2961 4960 seniores,
2985 4897 3206 4948 univira.-
3237 4905 3291 4949 et
3320 4910 3431 4948 ina-

1845 4993 2132 5046 tricularite
2163 4990 2522 5061 appellantur,
2558 4993 2608 5045 in
2659 4992 2892 5047 ecclesia
2931 5001 3178 5058 tanquam
3216 4991 3434 5044 ordina-

1711 5149 1737 5189 s
1769 5119 1814 5180 Β
1844 5094 1923 5139 tas
1951 5085 2200 5139 constitui
2235 5099 2341 5137 non
2370 5083 2577 5138 licebit.

1847 5177 1960 5231 Xll.
1990 5175 2067 5231 De
2091 5176 2391 5230 ordinandis
2415 5176 2662 5244 episcopis
2689 5192 2803 5228 cum
2835 5177 3048 5229 consilio
3083 5175 3433 5242 metroiiolita—

2134 5263 2313 5300 norum
2341 5256 2385 5300 et
2415 5249 2754 5314 ﬁnitimorum
2779 5248 3143 5316 episcoporum.

1920 5336 2216 5406 Episcopos
2261 5351 2365 5391 non
2399 5345 2612 5404 oportet
2641 5345 2833 5406 praeter
2871 5336 3129 5404 judicium
3161 5330 3432 5403 metropo-

1849 5428 2134 5482 litanorum
2179 5437 2232 5482 et
2278 5428 2626 5482 ﬁnitimorum
2674 5430 3043 5497 episcoporum
3075 5428 3334 5494 constitui
3365 5426 3429 5477 :ttl

1850 5519 2099 5575 Ecclesiae
2131 5520 2538 5588 principatum:
2595 5534 2691 5573 nec
2733 5521 2999 5588 eligantur
3051 5521 3148 5573 nisi
3199 5521 3249 5572 hi
3301 5530 3429 5584 quos

1850 5612 2019 5665 multo
2053 5619 2178 5667 ante
2210 5611 2495 5682 probabilis
2519 5611 2627 5666 vita
2659 5612 2995 5667 commendat
3017 5657 3032 5682 ,
3065 5621 3118 5668 et
3157 5609 3429 5666 nihilomi-

238 5799 260 5836 δ
293 5800 490 5856 Desunt
521 5802 733 5872 plurimi
763 5803 954 5858 horum
985 5813 1249 5857 canonum
1280 5799 1415 5855 tituli
1443 5797 1499 5853 in
1535 5797 1596 5854 Α.
1628 5795 1765 5854 DeIu

1864 5794 1900 5852 ti
1923 5807 2044 5854 sunt
2073 5810 2139 5853 er
2181 5795 2239 5851 Β.
2274 5794 2338 5851 lt.
