3882 6352
396 406 493 465 131

1130 390 1505 453 COLLECTIO
1539 386 1869 447 CANONUM
1906 385 1969 444 S.
2007 378 2281 441 ISIDORO
2324 375 2592 435 IIISPAL.
2635 371 2996 431 ASCRIPTA.

3563 363 3671 425 £33

395 534 492 574 nus
518 517 564 573 si
607 513 660 571 in
692 525 939 570 sermone
987 508 1107 565 ﬁdei
1136 516 1189 562 et
1233 515 1378 561 recta
1429 502 1634 560 ratione
1671 515 1767 573 per
1815 514 1965 555 suam
1995 502 2045 560 Α
2072 491 2261 551 XXIII.
2295 490 2417 546 Non
2441 496 2674 562 oportere
2701 487 2909 541 lectores
2935 490 3024 538 aut
3049 480 3339 551 psalmislas
3371 480 3543 536 orario
3566 480 3666 534 uti.

396 609 855 668 conversationem
886 602 1078 657 fuerint
1106 614 1223 655 com
1234 599 1462 667 probati.

465 702 602 758 XIII.
637 701 758 753 Non
786 696 943 751 licere
970 693 1172 762 papulis
1196 692 1456 745 ministros
1485 687 1668 743 altaris
1698 688 1900 757 eligere.

2148 584 2409 653 Quoniam
2457 598 2559 636 non
2593 590 2803 650 oportet
2832 580 3063 632 lectores
3100 582 3189 629 aut
3218 574 3522 645 psalmistas
3548 584 3676 627 ora;

2077 680 2159 734 rio
2187 677 2263 732 uti
2293 686 2348 731 et
2373 676 2451 731 sic
2478 676 2654 744 legere
2684 681 2771 727 aut
2802 670 3051 740 psallere.

466 799 543 853 De
571 811 636 850 eo
657 793 798 865 quod
830 806 936 847 non
968 757 1046 845 sit.
1068 787 1277 859 populis
1315 784 1720 842 concedendum
1758 779 1975 835 elcctio-
2079 768 2269 824 XXIV.
2302 768 2380 822 De
2404 766 2675 821 lectoribus
2714 772 2760 819 et
2799 760 3095 865 pfltnistis,
3120 769 3174 814 ut
3202 759 3439 814 tabernas
3467 773 3567 812 non
3594 757 3681 811 in-

396 907 516 947 ncm
542 893 717 944 tacere
739 900 921 940 eorum
955 882 1048 953 qui
1076 882 1263 936 altaris
1305 877 1607 934 ministerio
1648 882 1771 929 sunt
1806 870 1973 941 appli-

393 983 545 1039 cauti

397 1075 534 1131 XIV.
568 1073 786 1129 Sanctus
826 1067 1103 1121 oblationes
1131 1081 1223 1135 pro
1268 1062 1478 1135 eulogiis
1506 1062 1556 1113 in
1599 1058 1868 1135 festivitate
1886 1072 1976 1135 pa-

464 1126 625 1200 schali
647 1143 712 1194 ad
735 1141 864 1192 alias
900 1126 1182 1203 provincias
1211 1151 1312 1187 non
1357 1126 1531 1186 debere
1560 1126 1691 1185 mitti
1739 1127 1850 1201 [U.,
1884 1126 1975 1192 G.,

472 1209 793 1280 transmitti].

470 1309 690 1365 Sanctas
718 1304 1017 1357 oblationes
1047 1299 1115 1354 ad
1145 1299 1315 1353 vicem
1340 1297 1672 1366 eulogiarum
1699 1309 1796 1365 per
1825 1290 1981 1348 festi-

360 1438 365 1443 ε
400 1407 623 1461 vitalem
650 1402 955 1474 paschalem
1000 1396 1065 1453 a‘d
1099 1395 1232 1450 alias
1258 1394 1538 1465 parochias
1576 1392 1713 1447 mitti
1763 1388 1984 1445 minime

400 1508 630 1570 oportet.

867 1586 970 1657 53
994 1583 1110 1639 XV.
1136 1581 1212 1637 De
1232 1580 1527 1652 psalmistis.

476 1684 592 1739 Non
621 1682 776 1735 liceat
822 1687 1017 1747 praeter
1060 1676 1345 1730 canonicos
1371 1670 1671 1741 psalmistas
1700 1666 1727 1706 ιι
1758 1668 1846 1737 qui
1874 1665 1990 1735 pul-

402 1779 576 1851 pitum
623 1773 915 1828 ascendunt
958 1778 1011 1824 et
1037 1768 1104 1822 de
1148 1765 1345 1821 Codice
1376 1765 1576 1832 legunt,
1608 1760 1766 1814 alium
1807 1771 1990 1827 quem-

405 1870 535 1922 libet
564 1869 613 1920 in
646 1864 865 1920 ecclesia
897 1860 1142 1929 psallere.

401 1957 543 2014 XVI.
578 1955 643 2010 Ut
684 1961 916 2007 sanctum
958 1946 1294 2019 Evangelium
1340 1945 1495 1999 etiam
1524 1942 1748 1997 sabbatis
1778 1939 1992 2009 legatur.

477 2048 723 2105 Sabbatis
775 2042 1059 2114 Evangelia
1110 2056 1234 2096 cum
1284 2040 1403 2095 aliis
1447 2038 1733 2108 Scripturis
1775 2034 1997 2105 legenda

403 2154 541 2195 esse.

545 2225 705 2281 XVlI.
742 2222 979 2278 Psalmos
1017 2222 1231 2291 sparsim
1260 2236 1361 2274 non
1392 2219 1545 2272 licere
1584 2218 1852 2287 confundi.

479 2320 533 2375 In
567 2316 996 2388 processiouibus
1024 2331 1129 2369 non
1159 2320 1499 2377 connectere,
1533 2310 1582 2364 id
1613 2318 1695 2364 est
1721 2324 1786 2362 ex
1818 2308 1997 2362 diver-

410 2414 485 2468 sis
514 2411 752 2466 versibus
782 2418 837 2463 et
867 2407 1115 2463 sensibus
1146 2404 1264 2459 libri
1317 2406 1367 2457 in
1397 2418 1558 2457 unum
1603 2399 1867 2455 canticum
1901 2398 2001 2452 mi-

410 2505 554 2561 nimc
585 2504 909 2571 conjungere
942 2498 1025 2571 [T.
1064 2499 1113 2563 I,
1148 2493 1483 2566 conjugerc],
1530 2494 1624 2548 sed
1670 2492 1998 2560 singulorum

405 2599 738 2668 psalmorum
790 2591 1162 2650 ordinabiliter
1206 2590 1274 2647 de
1320 2589 1494 2645 medio
1540 2588 1737 2643 debere
1784 2586 1896 2641 ﬁeri
1927 2585 2001 2639 Ie-

404 2694 657 2747 ctionem.

693 2783 877 2839 XVIII.
914 2780 991 2837 De
1033 2780 1347 2835 orationibus
1385 2775 1713 2847 quotidianis.

484 2878 558 2933 De
588 2892 653 2932 eo
684 2875 824 2943 quod
862 2890 1077 2945 semper
1115 2870 1534 2941 supplicationes
1583 2869 1887 2921 orationum
1932 2863 1997 2918 ad

412 2972 599 3028 horam
631 2986 825 3024 nonam
857 2980 910 3025 et
942 2982 1219 3037 vesperam
1252 2970 1497 3033 oporteat
1518 2960 1795 3015 celebrari.

407 3082 553 3145 XIX.
591 3084 665 3138 De
687 3082 866 3137 ordine
893 3081 1180 3134 orationum
1206 3078 1679 3132 catecliumenorum
1699 3081 1852 3143 atque
1875 3072 2002 3141 ﬁde-

846 3154 990 3209 lium.
1026 3162 1072 3204 et
1094 3154 1154 3204 de
1184 3150 1555 3204 communione.

482 3266 741 3333 Quoniam
775 3265 1276 3321 catechumenorum
1310 3262 1610 3316 orationem
1640 3257 1924 3329 separatim
1953 3266 2009 3312 et
2035 3229 2082 3291 ε

414 3362 561 3432 prius
593 3370 711 3429 post
753 3370 1031 3414 tractatum
1080 3358 1447 3427 episcottorum
1482 3360 1727 3423 Oportcat
1773 3349 2007 3407 celebra-

412 3468 472 3509 re
506 3470 519 3506 :
552 3453 745 3522 quibus
776 3450 1007 3520 egressis
1036 3458 1189 3504 orent
1218 3450 1377 3502 etiam
1412 3447 1462 3501 Iti
1494 3448 1582 3517 qui
1614 3446 1664 3500 in
1698 3443 2007 3513 pmnitentia

415 3553 543 3598 sunt
592 3542 906 3608 constituti,
946 3550 1000 3595 et
1051 3548 1171 3609 post
1220 3554 1406 3592 manus
1456 3536 1875 3608 itnpositionem.
1924 3533 2008 3591 his

415 3651 626 3705 quoque
673 3632 1105 3700 abscedentibus,
1140 3643 1267 3688 tunc
1306 3632 1491 3687 ﬁdeles
1522 3646 1677 3685 orare
1715 3630 2007 3693 debebunt,

413 3742 637 3801 quorum
672 3734 779 3783 tres
806 3734 1074 3783 orationes
1109 3730 1233 3778 liant
1270 3744 1279 3779 ε
1316 3739 1419 3778 una
1449 3708 1683 3792 quidem,
1716 3722 1765 3775 id
1792 3732 1870 3776 est
1905 3720 2012 3789 pri-

416 3840 525 3891 ma,
573 3838 664 3891 per
688 3822 979 3887 silentium,
1011 3819 1245 3874 secunda
1276 3831 1404 3870 vero
1442 3826 1495 3870 et
1546 3816 1701 3868 tertia
1741 3830 1834 3882 per
1866 3812 2011 3866 vocis

416 3919 903 3988 pronuntiationem
930 3956 942 3977 ,
986 3929 1046 3967 ac
1077 3924 1203 3966 tunc
1249 3911 1461 3963 demum
1494 3907 1676 3961 osculo
1707 3920 1888 3974 pacem
1922 3903 2006 3976 [T.

417 4012 475 4076 2,
509 4009 598 4073 U.,
630 4007 720 4074 6.,
745 4008 984 4061 osculum
1017 4004 1182 4074 pacis}
1204 4003 1400 4055 debere
1422 4000 1559 4064 dari,
1587 4012 1637 4053 et
1664 4010 2009 4067 posteaquam

415 4106 717 4175 presbyteri
750 4102 999 4169 episcopo
1031 4113 1210 4166 pacem
1244 4096 1509 4157 dederint,
1545 4104 1668 4146 tunc
1709 4093 1868 4147 etiam
1914 4089 2011 4144 lai-

418 4209 512 4249 cos
534 4194 682 4257 dare,
715 4200 768 4246 et
797 4192 874 4245 sic
915 4189 1115 4244 oblatio
1146 4188 1402 4242 offeratur
1436 4203 1448 4236 :
1481 4184 1610 4237 solis
1643 4194 1821 4237 autem
1854 4182 2013 4235 mini-

421 4284 545 4339 stris
579 4284 761 4336 altaris
796 4284 955 4334 liceat
985 4279 1189 4349 ingredi
1218 4278 1283 4331 ad
1315 4278 1483 4330 altare
1510 4286 1563 4330 et
1592 4275 2011 4330 communicare.

530 4372 645 4427 XX.
678 4371 753 4425 De
783 4371 1058 4436 disciplina
1106 4378 1256 4436 atque
1298 4369 1543 4423 modestia
1582 4368 1900 4421 clericorum.

492 4468 749 4534 Quoniam
802 4482 905 4519 non
952 4474 1161 4533 oportet
1214 4464 1489 4517 diaconem
1532 4462 1721 4517 sedere
1750 4470 2013 4531 praesente

424 4560 768 4629 predtytero,
808 4559 899 4612 sed
932 4574 999 4613 ex
1039 4558 1279 4627 jussione
1325 4556 1621 4627 presbyteri
1666 4557 1850 4610 sedeat
1884 4573 1895 4607 :
1929 4557 2014 4609 si-

426 4655 537 4707 mili
567 4668 623 4705 er
654 4662 826 4704 autent
879 4650 924 4703 hc
950 4649 1260 4703 noriﬁcetur
1308 4659 1361 4703 et
1389 4650 1644 4703 diaconus
1682 4663 1711 4702 a
1754 4647 2013 4703 ministris

425 4742 766 4799 inferioribus
798 4752 847 4795 el
880 4742 1092 4795 clericis
1119 4742 1385 4796 omnibus.

671 4860 813 4915 XXI.
868 4860 941 4913 De
989 4860 1268 4915 ministerio
1311 4860 1761 4915 subdiaconorum.

498 4974 756 5041 Quoniam
803 4989 904 5026 non
939 4983 1151 5042 oportet
1200 4974 1471 5027 ministros
1518 4974 1785 5027 licentiam
1820 4971 2016 5028 habere

428 5066 478 5119 in
509 5064 848 5118 secretarium
876 5064 985 5118 sive
1009 5066 1321 5132 sacrarium,
1347 5064 1483 5135 quod
1508 5065 1674 5120 Grrcci
1702 5066 2015 5120 diaconicon

428 5154 544 5223 [U.,
578 5154 884 5226 diacouion]
913 5155 1181 5224 appellant
1213 5157 1437 5226 ingredi,
1470 5167 1523 5211 et
1553 5157 1861 5226 contingere
1892 5170 2013 5209 vasa

430 5248 714 5301 dominica.

538 5341 644 5413 54
684 5341 846 5397 XXII.
883 5341 957 5395 De
985 5343 1234 5408 ministro,
1271 5354 1322 5397 ut
1364 5345 1531 5398 orario
1577 5361 1673 5398 non
1713 5354 1903 5397 utatur.

502 5433 795 5489 Ministrum
837 5451 939 5489 non
977 5446 1188 5506 Oportet
1217 5442 1391 5491 orario
1423 5438 1519 5500 uti,
1553 5452 1650 5491 nec
1678 5437 1810 5492 ostia
1858 5435 2012 5492 dere-

429 5522 688 5593 linquere.

502 5669 525 5694 “
558 5659 639 5714 Ex
662 5659 907 5713 omnibus
936 5660 1238 5714 Codicilms.
1271 5662 1322 5714 In
1360 5664 1445 5724 A.,
1478 5660 1743 5729 app/irati.

504 5730 527 5768 δ
562 5734 613 5785 In
639 5733 917 5784 (Iudicibus
965 5748 979 5785 :
1028 5734 1265 5795 psalmos.
1300 5733 1385 5795 ll.,
1425 5736 1647 5797 psalmos
1686 5730 1773 5797 qui
1810 5730 2007 5801 publice

431 5813 699 5855 cantantur
738 5814 782 5854 et
822 5804 883 5854 de
909 5803 1077 5856 codice
1105 5804 1357 5873 leguntur,
1389 5804 1570 5855 alium.

508 5894 511 5903 -
568 5874 628 5927 Τ.
668 5878 713 5939 I,
747 5873 865 5927 Non
896 5875 1029 5929 licet.
1060 5874 1123 5927 Τ.
1149 5876 1204 5935 2,
1239 5874 1355 5927 Non
1389 5882 1604 5943 oportet.

2022 1867 2071 1925 B

2803 842 2953 888 trent.

2153 934 2413 1000 Quoniam
2464 946 2567 985 non
2614 936 2822 1007 oportet
2865 926 3051 981 altario
3099 925 3395 979 servientes
3436 921 3579 996 [Ᾰῑη
3613 919 3681 975 Β.

2085 1025 2174 1093 IL,
2207 1024 2297 1089 U.,
2316 1020 2700 1091 deservientes]
2729 1036 2757 1073 a
2788 1018 3116 1089 presbyteris
3139 1031 3310 1086 usque
3336 1020 3400 1069 ad
3422 1016 3687 1069 diaconos

2084 1127 2138 1171 ct
2160 1117 2412 1183 deinceps
2440 1112 2644 1169 ordinis
2673 1108 3027 1165 ecclesiastici
3060 1121 3245 1161 omnes
3273 1120 3443 1173 usque
3472 1104 3535 1159 ad
3570 1104 3689 1156 mi-

2088 1215 2304 1273 nistros,
2329 1207 2682 1269 autIectores,
2700 1203 3125 1273 autpsalmistas,
3148 1201 3562 1261 aitte'xorcistas,
3590 1202 3689 1250 aut

2087 1306 2361 1369 ostiarius,
2395 1310 2485 1355 aut
2507 1302 2668 1355 etiam
2694 1313 2787 1354 eos
2814 1297 2908 1369 qui
2934 1298 2987 1351 in
3031 1294 3306 1366 proposito
3335 1291 3691 1349 Continentim

2088 1405 2232 1463 sunt,
2261 1394 2752 1450 tabernas-intrare.

2091 1488 2257 1545 XXV.
2282 1488 2398 1543 Non
2427 1488 2577 1540 licere
2604 1484 2849 1539 ministris
2875 1497 3029 1547 panes
3050 1481 3172 1535 dare
3191 1488 3277 1533 aut
3308 1477 3515 1531 calicem
3539 1474 3693 1528 bene-

2777 1555 2961 1608 dicere.

2166 1654 2277 1709 Non
2313 1659 2521 1723 oportet
2549 1650 2820 1704 ministros
2851 1659 3015 1716 panes
3043 1644 3177 1699 dare
3214 1657 3313 1699 nec
3343 1640 3563 1695 calicem
3593 1636 3695 1693 be-

2096 1748 2366 1802 nedieere.

2584 1831 2775 1887 XXVI.
2807 1829 2884 1883 De
2911 1828 3196 1885 exoreistis.

2174 1929 2286 1983 Non
2319 1934 2530 1997 oportet
2558 1924 2868 1980 exorcizare
2897 1934 2992 1976 eos
3011 1921 3102 1990 qui
3135 1917 3361 1972 necdum
3392 1915 3459 1968 alt
3483 1916 3700 1982 episco-

2100 2022 2181 2091 pis
2213 2030 2334 2076 sunt
2360 2034 2537 2089 provei
2556 2018 2614 2083 ti,
2641 2029 2817 2085 neque
2843 2014 2894 2067 in
2928 2011 3191 2075 ecclesiis,
3226 2023 3401 2078 neque
3432 2006 3568 2061 intra
3599 2005 3701 2058 do-

2101 2127 2237 2165 IIIOS.

2104 2200 2314 2258 XXVII.
2349 2201 2468 2254 Non
2497 2199 2677 2253 debere
2714 2195 2921 2250 clericos
2949 2195 3049 2248 sive
3075 2194 3230 2247 laicos
3262 2194 3330 2244 ad
3369 2205 3584 2260 agapem
3614 2204 3704 2241 vo~

2515 2310 2523 2317 .
2619 2282 2763 2323 catos
2788 2278 2958 2337 partes
2981 2267 3179 2319 tollere.

2171 2367 2287 2422 Non
2301 2371 2513 2435 oportet
2530 2362 2804 2417 ministros
2827 2357 3129 2426 altaris,vel
3156 2355 3423 2427 quoslibet
3447 2353 3707 2417 clericos,

2100 2470 2190 2515 aut
2220 2457 2383 2515 etiam
2430 2456 2596 2510 Iaicos
2643 2453 2707 2508 ad
2758 2467 2981 2522 agapem
3028 2462 3247 2505 vocatos
3279 2457 3455 2518 partes
3487 2446 3710 2510 tollere,

2103 2562 2321 2624 propter
2368 2549 2618 2619 injuriam
2650 2562 2766 2617 quae
2797 2560 2860 2600 es
2895 2545 2994 2600 hac
3020 2544 3307 2600 occasione
3338 2537 3710 2596 ecclesiastico

2102 2646 2275 2700 ordini
2307 2643 2503 2714 poterit
2529 2639 2793 2711 deputari.

2100 2736 2340 2793 XXVIII.
2394 2734 2516 2791 Non
2546 2735 2697 2789 licere
2736 2733 2789 2785 in
2815 2730 3036 2785 ecclesiis
3076 2728 3332 2783 accubitus
3361 2736 3585 2779 sternere
3628 2740 3711 2778 res

2676 2820 2890 2873 agapem
2925 2803 3111 2872 facere.

2174 2901 2288 2955 Non
2321 2909 2343 2939 ε
2374 2898 2529 2954 decet
2558 2898 2607 2951 in
2636 2896 2917 2951 dominicis
2949 2895 3189 2949 ecclesiis
3220 2890 3246 2929 ἀ
3270 2905 3490 2961 agapcm
3527 2887 3717 2944 facere

2105 3005 2157 3051 et
2182 2996 2323 3050 intus
2356 2993 2699 3057 manducare,
2726 2989 2810 3042 vel
2834 2986 3108 3043 accubitus
3136 2996 3395 3040 sternere.

2258 3084 2454 3140 XXIX.
2490 3082 2612 3138 Non
2644 3082 2823 3135 debere
2851 3078 3174 3135 Christianos
3199 3076 3539 3131 sabbatizare.

2184 3182 2299 3237 Non
2330 3188 2544 3250 oportet
2589 3178 2923 3233 Christianos
2963 3175 3239 3245 judaizare
3282 3181 3337 3227 et
3381 3174 3432 3224 in
3482 3170 3720 3224 sabbato

2114 3290 2327 3341 vacare,
2358 3275 2453 3330 sed
2477 3272 2689 3343 operari
2716 3284 2810 3327 eos
2833 3271 2882 3324 in
2909 3268 3099 3324 eodem
3126 3266 3213 3320 die
3236 3283 3249 3329 ;
3275 3264 3548 3318 Dominica
3582 3275 3723 3316 vero

2115 3366 2477 3438 prtcponendo
2505 3364 2749 3421 eamdem
2780 3362 2945 3426 diem,
2976 3361 3018 3413 si
3052 3358 3153 3411 hoc
3182 3358 3260 3412 eis
3292 3357 3487 3425 placet,
3520 3360 3727 3406 vacent

2115 3468 2362 3528 tanquam
2387 3453 2865 3522 Christiani.Quod
2894 3452 2940 3508 si
2970 3449 3166 3509 inventi
3191 3446 3381 3504 fuerint
3408 3444 3722 3515 judaizare,

2114 3554 2393 3606 anathema
2419 3550 2547 3603 sint.

2117 3646 2221 3718 55
2256 3644 2423 3700 XXX.
2461 3643 2608 3698 Nulli
2636 3642 2926 3697 Christiano
2962 3640 3111 3693 licere
3152 3653 3267 3692 cum
3297 3634 3600 3690 mulieribus
3635 3635 3725 3688 la-

2697 3729 2847 3766 vacra
2870 3727 3123 3765 exercere.

2186 3810 2450 3877 Quoniam
2481 3822 2586 3861 non
2634 3813 2845 3874 oportet
2892 3803 3162 3859 ministros
3192 3800 3399 3867 altaris,
3430 3798 3514 3853 vel
3545 3796 3726 3852 etiam

2114 3904 2341 3958 clericos
2382 3899 2650 3971 quoslibet
2702 3907 2793 3951 aut
2847 3896 3208 3960 continentes,
3241 3892 3333 3948 sed
3393 3902 3445 3946 et
3493 3903 3727 3945 omnem

2114 3996 2334 4047 omnino
2380 3991 2741 4046 Christianum
2786 4002 2907 4042 cum
2949 3985 3260 4040 mulieribus
3307 3982 3532 4037 lavacris
3572 3991 3599 4019 °
3646 3980 3730 4038 uti

2119 4086 2492 4140 communibus
2545 4099 2560 4140 :
2613 4082 2727 4136 haec
2772 4090 2854 4137 est
2894 4080 3037 4137 enim
3088 4079 3224 4149 apud
3274 4078 3499 4147 gentiles
3537 4078 3729 4147 prima

2114 4178 2483 4250 reprehensio.

2258 4290 2465 4347 XXXI.
2498 4289 2576 4345 De
2617 4288 2855 4343 cavendis
2883 4286 3233 4340 hwreticorum
3281 4284 3569 4339 connubiis.

2186 4408 2448 4475 Quoniam
2481 4418 2585 4458 non
2624 4410 2833 4471 oportet
2877 4415 2995 4455 cum
3027 4399 3275 4454 omnibus
3308 4397 3579 4452 haereticis
3622 4397 3733 4454 mi-

2114 4516 2265 4557 scere
2292 4498 2581 4560 connubia,
2634 4505 2686 4549 et
2713 4495 2794 4550 vel
2842 4493 2976 4549 ﬁlios
3016 4493 3096 4547 vel
3132 4493 3267 4546 tilias
3295 4492 3443 4559 dare,
3477 4491 3574 4543 sed
3621 4506 3729 4562 po-

2046 4606 2092 4664 ι)
2124 4598 2227 4649 tios
2256 4594 2518 4661 accipere,
2562 4592 2604 4645 si
2654 4600 2827 4643 tamen
2875 4587 3225 4658 proﬁteantur
3270 4585 3614 4640 ChrisUanos
3668 4600 3732 4642 se

2118 4687 2325 4741 futuros
2352 4701 2469 4741 esse
2497 4681 2809 4738 catholicos.

2190 4779 2403 4834 XXXII.
2437 4779 2557 4832 Non
2585 4779 2736 4831 licere
2764 4776 2823 4828 ob
2848 4773 3100 4830 ltwreticis
3138 4771 3367 4841 eulogias
3392 4770 3652 4840 accipere.

2193 4874 2307 4928 Non
2357 4880 2568 4941 oportet
2599 4870 2971 4923 haereticorum
3014 4866 3414 4921 benedictiones
3443 4865 3730 4930 accipere,

2121 4965 2370 5030 quoniam
2404 4964 2515 5018 ista:
2562 4962 2967 5017 maledictiones
2994 4969 3118 5015 sunt
3148 4959 3315 5027 magis
3344 4973 3502 5028 quam
3551 4959 3734 5014 bene-

2125 5056 2404 5111 dictiones.

2122 5169 2358 5225 XXXIII.
2404 5170 2521 5224 Non
2565 5170 2745 5223 debere
2790 5184 2903 5221 cum
2953 5167 3201 5251 litercticis
3240 5177 3327 5219 aut
3377 5165 3734 5221 schismaticis

2834 5256 2966 5293 orari
2976 5279 2988 5293 ο

2191 5337 2303 5392 Νοη
2333 5344 2546 5403 oportet
2575 5349 2695 5388 cum
2731 5334 2999 5389 Itmreticis
3026 5333 3105 5388 vel
3146 5332 3501 5387 schismaticis
3532 5347 3729 5390 orare.

2295 5429 2533 5485 XXXIV.
2571 5426 2689 5481 Non
2726 5429 2947 5482 eundum
2974 5430 3042 5481 ad
3072 5428 3233 5496 falsos
3260 5436 3535 5497 martyres.

2193 5523 2307 5579 Non
2339 5530 2550 5592 oportet
2579 5536 2788 5575 omnem
2820 5521 3181 5576 Christianum
3214 5517 3483 5573 derelictis
3516 5528 3730 5591 marty-

2186 5656 2209 5694 d
2404 5660 2451 5710 in
2485 5659 2709 5710 domibus
2736 5658 2975 5711 ccclesitr.

2189 5739 2211 5765 θ
2258 5733 2328 5783 Ιοὶκ
2521 5730 2582 5783 ιι.
2616 5730 2668 5783 In
2697 5729 2759 5783 A.
2808 5739 2861 5783 ct
2906 5730 3124 5799 reliquis
3153 5745 3165 5781 :
3196 5728 3396 5781 [araora
3421 5728 3501 5782 uti
3538 5729 3730 5788 debere

2116 5817 2425 5855 communia.
