3882 6384
178 420 251 479 133
1041 394 1449 459 ΟΒᾸΞΕΟΗΗΜ
1486 388 1826 453 GONCILIA.
1867 415 1939 434 —
1977 382 2445 445 LAODICBNUM.

3314 378 3421 440 I81

175 536 285 591 ribus
301 530 472 587 Christi
496 527 638 586 abire
664 524 730 582 ad
763 523 927 579 falsos
957 529 1222 593 martyres
1255 520 1444 582 factos,
1478 517 1529 572 hi
1560 514 1705 571 enim
1734 514 1785 573 Α
1814 508 1917 582 57
1940 506 2125 564 XLVI.
2154 504 2469 560 Barisandos
2489 499 2822 593 debereﬁdei
2845 500 3134 575 symbolum
3155 509 3203 557 et
3225 504 3421 560 discere

174 628 293 683 alieni
318 645 344 681 ι
371 626 468 680 Deo
493 631 613 680 sunt
642 639 657 676 :
690 620 999 689 quicunque
1037 626 1216 671 autem
1265 612 1414 668 abire
1454 610 1706 677 voluerit,

177 724 399 778 sintbema
430 724 513 775 sit.

179 815 341 871 XXXV.
390 812 501 868 Non
535 812 682 865 licere
724 807 1031 864 Christianis

224 887 395 955 angelos
414 883 525 956 [U.,
552 883 641 951 6.,
664 878 910 951 angulos]
933 877 1353 950 congregationes
1378 876 1637 944 colligere.

225 978 448 1046 Cttnaintn
475 992 572 1029 non
605 984 817 1043 oportet
842 972 1207 1034 Christianos,
1240 968 1496 1023 derelicta
1530 967 1716 1025 Eccle-

179 1073 232 1123 sia
273 1070 368 1130 Dei,
407 1070 545 1121 abire
591 1067 655 1119 ad
703 1066 924 1133 angulos
956 1062 1077 1137 [U.,
1108 1059 1200 1129 6.,
1236 1054 1509 1129 angulos],
1547 1057 1716 1111 idola-

182 1160 269 1214 trim
306 1158 719 1228 cottgregatinnt's
764 1156 974 1223 fact-re,
1026 1170 1145 1223 qua)
1198 1152 1376 1207 omnia
1434 1150 1716 1205 interdicta

182 1262 276 1306 sunt
300 1270 311 1304 :
338 1254 615 1320 quicunque
644 1258 827 1307 autem
864 1249 1112 1302 inventus
1145 1245 1303 1299 fuerit
1343 1243 1552 1297 occulte
1594 1240 1719 1295 huic

183 1346 391 1399 itIuIall'Izl‘
440 1358 643 1405 vacans,
687 1343 760 1397 sit
800 1343 1089 1397 anathema
1127 1339 1424 1410 :quoniam
1478 1336 1720 1392 derelin-

176 1455 307 1507 quens
347 1438 614 1493 Dominum
670 1450 914 1492 nostrum
965 1434 1149 1491 Iesum
1206 1434 1479 1490 Christum
1523 1432 1720 1487 Filium

177 1527 262 1593 Dei,
289 1531 489 1583 accessit
514 1530 576 1582 ad
611 1528 776 1585 idola.

176 1617 367 1672 XXXVI.
419 1618 531 1672 Non
573 1620 728 1671 licere
774 1618 991 1672 clericos
1029 1633 1209 1687 magos
1252 1617 1329 1670 vel
1378 1617 1722 1670 incantatores

503 1707 628 1759 esse,
661 1701 752 1742 aut
785 1690 1104 1759 phylacteria
1134 1690 1321 1756 facere.

230 1780 453 1847 Quoniam
484 1798 584 1835 non
617 1788 836 1849 oportet
867 1781 1143 1835 ministros
1164 1780 1353 1833 altaris
1376 1788 1467 1832 aut
1496 1778 1725 1833 clericos

176 1884 320 1938 magos
345 1884 421 1925 aut
448 1872 807 1927 incantatores
837 1886 980 1939 esse,
1004 1882 1095 1925 aut
1120 1870 1299 1925 facere
1326 1885 1445 1940 quae
1472 1870 1724 1923 dicuntur
1755 1884 1804 1943 Β

175 1961 485 2032 phylacteria,
526 1980 645 2032 qua:
690 1974 820 2017 sunt
860 1977 1050 2033 magna
1097 1962 1457 2031 obligamcnta
1511 1960 1722 2015 anima-

177 2066 267 2105 rutn
296 2071 307 2104 :
337 2056 421 2109 hos
461 2064 634 2109 autem
685 2054 778 2125 qui
811 2054 1008 2108 talibus
1055 2052 1215 2108 rebus
1263 2061 1485 2106 utuntur
1534 2049 1727 2122 projicl

177 2144 228 2198 ab
252 2146 458 2202 Ecclesia
483 2148 767 2218 jussimus.

177 2235 258 2308 50
294 2236 529 2319 XXXVII.
580 2240 705 2319 .Von
738 2239 892 2319 licere
922 2239 984 2292 ab
1014 2237 1267 2319 [tareticis
1294 2235 1373 2290 uel
1405 2233 1608 2289 Judrcis
1652 2238 1731 2304 {e-

473 2313 653 2365 riatica
680 2327 797 2378 qua:
817 2313 1092 2363 mittuntur
1111 2313 1365 2376 accipere.

226 2399 320 2456 lion
363 2413 562 2473 oportet
604 2422 631 2457 τι
683 2403 890 2460 Judaeis
932 2412 988 2458 et
1019 2402 1286 2457 haereticis
1332 2398 1570 2456 leriatica
1610 2412 1730 2469 quas

178 2490 408 2549 mittuntur
432 2499 698 2567 accipere,
732 2511 908 2567 neque
951 2509 1074 2549 eum
1116 2493 1198 2549 eis
1229 2493 1344 2548 dies
1372 2505 1535 2563 sgere
1575 2490 1732 2546 teria-

176 2598 238 2642 IOS
260 2598 299 2645 ⁸.

177 2677 412 2740 XXXVIII.
457 2684 575 2741 Non
614 2686 775 2741 licere
828 2702 858 2738 α
888 2684 1089 2765 aditis
1118 2695 1329 2751 asymas
1358 2676 1445 2751 [Τ.
1480 2673 1733 2748 [azyma]

802 2771 1051 2827 accipere.

228 2844 323 2900 Non
347 2857 545 2917 oportet
571 2865 602 2905 a
634 2850 842 2905 Iudaeis
880 2862 1101 2917 azymas
1152 2846 1397 2915 accipere
1446 2853 1540 2899 aut
1592 2856 1735 2898 com-

177 2938 399 2996 municare
426 2942 793 3010 impietatibus
819 2956 1033 2997 eorum.

230 3029 437 3087 XXXIX.
470 3034 588 3088 Non
622 3034 781 3089 licere
823 3050 938 3087 cum
977 3032 1199 3105 paganis
1231 3036 1361 3103 festa
1387 3031 1663 3085 celebrare.

227 3119 321 3177 Non
346 3135 548 3193 oportet
580 3142 705 3182 cum
739 3125 957 3197 paganis
1008 3128 1140 3181 festa
1168 3124 1467 3189 celebrare,
1516 3131 1611 3177 aut
1638 3123 1739 3178 im-

180 3213 351 3278 Pietatis
376 3232 553 3274 eorum
590 3220 794 3275 habere
819 3221 1159 3273 societatem.

179 3304 262 3362 XL.
290 3307 556 3379 Episcopus
597 3314 669 3367 ad
717 3314 975 3383 synodum
1018 3318 1223 3365 vocatos
1268 3326 1369 3363 non
1402 3309 1583 3363 debere
1620 3322 1738 3361 con-

808 3393 1050 3437 temnere.

228 3471 323 3529 Non
368 3488 577 3546 oportet
628 3489 850 3532 vocatos
892 3478 1178 3546 episcopos
1219 3474 1285 3529 ad
1314 3471 1579 3546 synodum
1612 3487 1742 3529 con-

178 3574 397 3635 temnere,
443 3577 536 3625 seu
586 3570 743 3626 abire
793 3579 848 3625 et
898 3581 991 3625 aut
1037 3571 1236 3625 docere
1278 3578 1367 3623 aut
1403 3568 1583 3623 doceri
1624 3583 1743 3643 quae

182 3672 280 3716 sunt
303 3664 361 3717 ad
390 3663 644 3719 Ecclesiae
675 3674 1109 3737 cseterorumque
1138 3664 1556 3722 correctionem.
1590 3663 1743 3733 Quod

178 3750 212 3803 si
243 3756 627 3823 contempserit,
671 3770 732 3811 se
770 3757 947 3826 ipsum
996 3756 1263 3810 videbitur
1304 3769 1594 3811 accusasse
1642 3754 1745 3809 nisi

180 3844 288 3901 forte
313 3864 397 3916 per
425 3850 793 3906 inﬁrmitatem
827 3853 906 3904 ire
942 3865 1047 3904 non
1081 3849 1268 3919 possit.

176 3934 282 3991 XLI.
308 3938 418 3993 Non
446 3942 632 3996 debere
672 3942 913 3993 clericum
931 3942 1012 4023 rel
1036 3942 1229 4022 laicunt
1267 3940 1377 3995 sine
1403 3938 1639 4008 epistolio
1658 3956 1747 4009 pe-

804 4028 1079 4081 regrmart.

229 4097 327 4157 Non
371 4112 587 4174 oportet
627 4105 936 4159 ministrum
977 4104 1163 4158 altaris
1205 4103 1289 4158 vel
1343 4103 1504 4159 etiam
1551 4104 1746 4159 Iaicum

182 4192 272 4249 sine
296 4198 561 4253 canonicis
591 4199 811 4261 litteris.
846 4199 898 4252 id
940 4208 1024 4253 est
1066 4197 1313 4265 lormata,
1348 4199 1531 4269 aliquo
1564 4198 1591 4238 δ
1622 4215 1749 4270 pro-

174 4286 328 4343 ﬁcisci.

176 4376 304 4439 XLII.
337 4395 357 4421 ε
391 4384 612 4440 Nullum
642 4386 887 4441 clericum
918 4385 1102 4470 debere
1129 4384 1239 4440 sine
1259 4385 1496 4457 jussionc
1522 4387 1751 4457 cpiswpi

772 4473 1111 4529 peregrinari.

230 4543 326 4600 Non
351 4557 563 4617 oportet
593 4550 896 4604 ministrum
923 4550 1115 4603 altaris
1148 4552 1232 4605 vel
1264 4552 1560 4620 quemlibet
1587 4552 1750 4606 cleri-

2454 585 2501 631 et
2540 577 2771 632 reddere.

1887 670 2246 741 Baptizandos
2274 677 2493 740 oportet
2534 668 2657 722 ﬁdei
2700 667 3005 739 symbolum
3036 668 3247 725 discere
3273 666 3297 706 δ
3321 709 3336 736 ,
3366 675 3424 725 et

1068 804 1312 861 duch-cm
1359 802 1594 857 Eadm]l
1643 801 1713 856 ad
1816 766 2002 861 quinta
2034 761 2403 861 feria-ultimae
2432 761 2747 830 septimana:
2784 760 2869 815 vel
2899 762 3155 831 episcOpo
3188 762 3266 817 vel
3302 775 3425 831 pm.

1816 858 2035 927 sbytero
2068 854 2314 910 reddere.

1963 937 2171 1003 XLVII.
2208 947 2285 1001 De
2316 948 2393 1001 his
2418 948 2506 1017 qui
2526 947 2579 1000 in
2606 948 2911 1016 cegritudine
2937 946 3281 1017 baptizantur.

1892 1040 1993 1107 Qui
2037 1039 2089 1092 in
2122 1041 2441 1109 aegritudine
2491 1040 2767 1095 constituti
2815 1043 3138 1108 baptismum
3173 1054 3433 1109 percepe-

1822 1143 1965 1196 rttnt,
2004 1132 2118 1187 sani
2163 1131 2285 1185 facti
2318 1131 2621 1203 symbolum
2655 1132 2774 1187 lldei
2813 1131 3132 1197 doceantur,
3164 1140 3222 1184 ut
3266 1144 3432 1187 nove-

1822 1226 1929 1281 rint
1954 1225 2075 1301 [U.,
2111 1226 2358 1296 noscant]
2391 1242 2492 1294 qua
2522 1226 2815 1280 dottatiotte
2843 1226 2989 1296 digni
3018 1224 3139 1293 sint
3166 1223 3357 1280 habiti.

2003 1316 2227 1373 XLVIII.
2262 1316 2389 1372 Post
2420 1319 2724 1386 baptismum
2755 1318 2977 1373 chrisma
3006 1318 3254 1373 dandum.

1895 1415 2121 1485 0p0rtet
2153 1414 2452 1483 baptizatos
2484 1423 2604 1483 post
2626 1414 2951 1484 baptismum
2974 1411 3284 1469 chrismatis
3303 1423 3439 1483 quo-

1824 1522 1932 1577 que
1962 1506 2201 1562 cmlestis
2232 1515 2287 1561 et
2311 1507 2460 1577 regni
2491 1505 2696 1561 Christi
2726 1505 3182 1576 participes-ﬁeri.

1829 1597 2016 1653 XLIX.
2061 1598 2129 1653 In
2172 1599 2583 1671 Quadragesima
2620 1600 2829 1657 sabbato
2874 1609 3069 1654 tantum
3100 1608 3150 1656 et
3178 1598 3443 1656 dominica

2464 1670 2805 1737 offerendum.

1901 1762 2017 1817 Non
2053 1771 2265 1831 oportet
2300 1763 2352 1815 in
2400 1762 2819 1834 Quadragcsima
2873 1778 3066 1833 panem
3113 1760 3299 1819 oﬂerri
3337 1760 3444 1822 niss

1833 1856 2060 1909 sabbato
2090 1864 2144 1907 et
2174 1853 2439 1909 dominica
2474 1864 2702 1910 tantum.

1835 1944 1896 2000 L.
1928 1944 1976 1998 Ν
1984 1962 2049 1999 on
2067 1946 2221 1999 licere
2241 1947 2421 2016 quinta
2441 1946 2568 2027 [cria
2594 1948 2897 2069 septilntante
2919 1948 3113 2003 ultima
3134 1949 3443 2022 Quadrage-

2444 2032 2629 2069 simam
2656 2034 2713 2069 so
2740 2036 2806 2069 vi.

2444 2032 2629 2070 simam
2656 2032 2806 2072 δοιυι.

1906 2106 2019 2163 Non
2054 2120 2269 2177 oportet
2296 2110 2778 2180 Quadragesimam
2827 2112 3011 2183 quinta
3066 2113 3191 2169 leria
3241 2115 3445 2173 ultima

1834 2203 2191 2260 bebdomada:
2220 2206 2466 2273 dissolvi,
2499 2213 2553 2259 ct
2581 2214 2746 2261 totam
2780 2209 3254 2280 Quadragesimam
3286 2209 3446 2266 inho-

1836 2296 2041 2362 norari,
2065 2296 2161 2351 sed
2196 2312 2288 2365 per
2321 2304 2464 2351 totos
2504 2298 2620 2353 dies
2644 2299 2891 2369 jejunare
2916 2312 2970 2355 et
3009 2303 3146 2356 escis
3176 2300 3447 2360 abstinen-

1837 2387 1927 2442 tia:
1951 2390 2418 2456 convenientibus,
2453 2390 2502 2444 id
2532 2400 2617 2445 est
2646 2392 2971 2449 aridioribus
2998 2394 3095 2449 uti.

1836 2481 1924 2537 LI.
1958 2480 2082 2537 Non
2112 2482 2294 2537 debere
2324 2484 2377 2537 in
2411 2484 2818 2555 Quadragesima
2842 2486 2941 2539 nisi
2972 2487 3181 2542 sabbato
3211 2499 3256 2543 et
3279 2488 3447 2543 domi-

2122 2560 2238 2608 nico
2284 2558 2524 2609 natalitiu
2564 2570 2851 2628 martyrum
2894 2559 3156 2616 celebrari.

1910 2647 2029 2703 Non
2063 2658 2283 2718 oportet
2328 2652 2381 2705 in
2413 2651 2834 2723 Quadragesima
2868 2664 3168 2726 martyrum
3210 2655 3448 2714 natalitis

1838 2740 2125 2808 celebrari,
2159 2743 2256 2797 sed
2286 2758 2475 2799 eorum
2502 2745 2555 2800 in
2603 2745 2829 2802 sabbato
2860 2756 2915 2802 et
2943 2749 3211 2805 dominica
3247 2760 3449 2809 tantum

1841 2834 2156 2888 memoriam
2191 2832 2325 2891 ﬂeri.

1948 2926 2060 2982 LII.
2098 2927 2219 2982 Non
2263 2931 2413 2986 licere
2438 2932 2493 2985 in
2526 2931 2936 3006 Quadragesima
2962 2936 3169 3004 nuptias
3208 2938 3342 3008 ﬁeri.

1915 3020 2032 3075 Non
2066 3030 2282 3092 oportet
2304 3024 2356 3077 in
2385 3025 2803 3098 Quadrsgesima
2836 3041 2931 3084 aut
2958 3031 3174 3101 nuptias
3198 3044 3287 3087 aut
3311 3046 3453 3104 qua-

1845 3116 1975 3170 libet
2001 3118 2245 3171 natalitia
2273 3118 2570 3177 celebrare.

1844 3208 1977 3266 LIII.
2012 3210 2136 3266 Non
2171 3213 2324 3267 licere
2353 3210 2770 3340 Christiarzosuzd
2814 3218 3020 3289 nuptias
3045 3228 3223 3274 euntes
3249 3226 3457 3278 cantare

2489 3300 2548 3340 se
2621 3303 2655 3339 a
2732 3304 2802 3340 re.

2489 3300 2568 3340 vel
2590 3300 2802 3343 cauare.

1916 3376 2031 3432 Non
2083 3387 2299 3446 oportet
2352 3376 2693 3435 Christianos
2738 3380 2805 3435 ad
2854 3382 3064 3451 nuptias
3121 3395 3313 3441 euntes
3371 3384 3456 3444 vel

1846 3470 2050 3525 ballztre
2080 3473 2160 3526 vel
2193 3472 2394 3527 saltare
2428 3482 2475 3538 °,
2508 3472 2603 3527 sed
2635 3482 2785 3530 caste
2810 3489 3026 3532 cmnare
3058 3478 3141 3530 vel
3169 3479 3455 3548 prandere.

1846 3567 1987 3618 sicut
2016 3566 2272 3633 competit
2301 3562 2647 3620 Christianis.

1848 3655 1979 3711 LIV.
2036 3656 2160 3711 Non
2201 3658 2349 3713 licere
2398 3660 2664 3713 ministras
2719 3662 2902 3717 altaris
2944 3664 3253 3733 spectaculis
3302 3668 3458 3722 inter-

2589 3748 2717 3786 βεδε.

1922 3820 2036 3875 Non
2070 3832 2285 3891 oportet
2316 3824 2595 3881 ministros
2623 3827 2833 3893 altaris,
2869 3829 2950 3884 vel
2994 3830 3261 3897 quoslibet
3300 3831 3460 3888 cleri~

1849 3929 1961 3981 cos,
1994 3917 2316 3984 spectaculis
2345 3918 2610 3988 aliquibus
2639 3935 2759 3991 qua:
2787 3930 2879 3976 aut
2902 3922 2955 3975 in
2986 3922 3097 3994 58
3118 3924 3335 3993 nuptiis,
3367 3935 3462 3986 aut

1851 4009 2022 4062 (mnis
2067 4010 2390 4065 exhibentur
2434 4013 2732 4079 interesse;
2784 4028 2875 4071 seu
2916 4027 3203 4088 antequam
3252 4021 3462 4092 thyme-

1854 4102 1938 4156 lici
1993 4102 2012 4140 τ
2043 4106 2408 4174 ingrediantur
2458 4124 2681 4181 surgere
2709 4125 2804 4166 eos
2848 4112 2915 4167 do
2952 4116 3200 4172 Convivia
3228 4126 3283 4172 et
3311 4118 3463 4175 abire

1851 4195 2073 4252 debere.

1853 4290 1965 4346 LV.
2025 4292 2145 4346 Non
2187 4293 2369 4348 debere
2414 4296 2657 4351 clericum
2689 4315 2764 4354 ves
2802 4300 2991 4356 laicum
3020 4300 3370 4359 Christianum
3398 4321 3463 4366 es

2245 4367 2489 4435 symbolis
2520 4371 2751 4424 convivia
2792 4373 3063 4429 celebrare.

1928 4461 2043 4517 Non
2067 4472 2279 4531 oportet
2298 4462 2576 4519 ministros
2594 4466 2804 4532 altaris,
2823 4469 2902 4521 vel
2922 4470 3190 4535 quoslibet
3208 4470 3461 4541 clericos,

1855 4557 2136 4609 autetiam
2172 4557 2337 4610 laicus
2367 4558 2705 4613 Christianos
2757 4575 2819 4614 ex
2864 4564 3146 4632 symbolis,
3199 4580 3316 4634 qua:
3347 4568 3463 4621 ναις

177 4646 271 4690 cum
309 4652 499 4707 praeter
524 4641 831 4712 jussionetn
861 4642 1113 4711 episcopi
1140 4642 1207 4696 ad
1254 4643 1536 4711 peregrina
1571 4641 1657 4715 [Τ.
1688 4645 1744 4711 2,
1780 4626 1829 4685 D
1855 4664 1955 4717 gus
1982 4650 2344 4704 commissalia
2374 4652 2628 4720 appellat,
2662 4655 2908 4706 COIIVIVITI
2943 4655 3240 4711 Celebrare.

175 4732 654 4806 peregrinationem]
687 4734 982 4802 proﬁcisci.

259 4821 425 4881 XLIII.
459 4825 736 4880 Hinistros
777 4843 879 4881 non
909 4826 1089 4881 debere
1117 4826 1180 4879 ab
1203 4827 1345 4880 ostiis
1386 4827 1638 4882 recedere.

230 4912 329 4969 Non
374 4928 590 4985 Oportet
636 4918 935 4984 ministros,
970 4918 1021 4974 id
1050 4928 1133 4973 est
1161 4919 1435 4988 ostiarios,
1481 4920 1565 4974 vel
1594 4920 1747 4975 brevi

180 5012 384 5075 tempore
407 5012 475 5065 ab
502 5013 657 5066 ostiis
684 5012 873 5066 dce~se
901 5022 955 5068 et
984 5012 1213 5067 orationi
1250 5028 1457 5068 vacare.

176 5090 325 5153 XLIV.
358 5101 407 5154 Ν
415 5120 479 5154 οη
512 5113 749 5170 oportere
776 5112 889 5174 post
922 5102 1051 5157 duas
1094 5104 1407 5170 septimanos
1450 5104 1749 5176 Quadrage-

407 5176 555 5227 sima
582 5177 803 5241 aliquem
830 5179 895 5228 ad
926 5177 1237 5243 baptismum
1266 5178 1476 5244 suscipi.

231 5261 330 5317 Non
358 5276 575 5335 oportet
604 5277 726 5336 post
753 5268 883 5322 duas
911 5268 1351 5337 Quadragesima:
1384 5269 1750 5325 hebdomadas

179 5365 466 5424 quemquam
497 5360 563 5414 ad
596 5360 922 5429 baptismum
952 5360 1171 5431 suscipi.

282 5448 432 5507 XLV.
469 5452 597 5508 Non
628 5455 810 5508 debere
837 5456 1071 5509 mulieres
1101 5456 1303 5525 ingredi
1328 5458 1396 5509 ad
1428 5459 1609 5511 altare.

231 5538 334 5598 Non
358 5556 576 5614 oportet
606 5548 865 5604 mulieres
895 5548 1104 5607 inaredi
1142 5551 1207 5603 ad
1241 5552 1426 5605 altare.

233 5705 333 5779 ξῙ.
366 5708 417 5773 Ξ,
448 5716 621 5779 festos.
646 5712 737 5775 G.,
770 5714 1048 5779 fetialicos.

236 5773 258 5812 δ
282 5776 341 5830 Τ.
382 5783 426 5842 l.
448 5773 524 5846 ’2,
556 5784 644 5849 G.,
672 5773 880 5836 alicubi.

236 5857 254 5885 ε
286 5853 438 5907 liceat
469 5856 553 5909 hic
579 5872 751 5909 canon
777 5854 829 5908 in
859 5855 921 5911 U.

233 5914 254 5951 δ
284 5918 351 5973 ει
388 5923 504 5987 κε..
535 5926 595 5981 τ.
630 5931 682 5991 l,
714 5925 770 5987 ε,
808 5926 895 5993 υ.,
943 5927 1006 5982 c.
1061 5927 1115 5982 In
1156 5928 1218 5981 A.
1272 5937 1326 5982 et
1374 5926 1747 5994 reliquis:di-

1851 4745 1984 4800 LVI.
2020 4746 2144 4801 Non
2169 4758 2401 4817 oportere
2420 4750 2743 4874 presbyter?
2767 4761 2887 4805 ante
2915 4752 3203 4822 ingressum
3232 4755 3461 4826 episcopi

2541 4838 2686 4874 mare
2726 4839 2763 4874 ι.

2541 4838 2763 4890 ingredi.

1924 4914 2038 4969 Non
2096 4924 2309 4985 oportet
2350 4916 2694 4985 presbyteros
2726 4928 2854 4971 ante
2886 4918 3187 4991 ingressum
3220 4922 3459 4991 episcopi

1854 5010 2060 5079 ingredi
2090 5026 2141 5063 et
2174 5012 2366 5066 sedere
2398 5013 2449 5065 in
2484 5012 2865 5079 tribunalibus,
2902 5016 2994 5067 sed
3041 5030 3159 5069 cum
3202 5017 3461 5087 episcopo

1855 5102 2082 5171 ingtedi,
2121 5105 2219 5156 nisi
2256 5103 2394 5159 forte
2427 5106 2505 5156 Vt‘I
2554 5115 2777 5175 ugrotat
2810 5106 2927 5178 [U.,
2970 5105 3214 5179 aegrotet]
3244 5110 3463 5178 episco-

1855 5210 1974 5264 pus,
2002 5206 2091 5249 :tut
2120 5197 2172 5250 in
2206 5199 2503 5266 peregrinis
2528 5215 2649 5254 che
2682 5217 2803 5253 eum
2833 5203 3152 5256 conStiterit.

1854 5290 2009 5344 LVII.
2048 5290 2170 5345 Non
2210 5292 2391 5345 debere
2433 5294 2483 5347 in
2527 5294 2649 5347 vicis
2680 5305 2728 5378 et
2760 5298 2811 5349 in
2850 5296 2984 5350 villis
3019 5297 3291 5366 episcopos
3321 5298 3435 5353 ordl

2591 5382 2726 5421 nart.

1925 5458 2041 5513 Non
2086 5468 2298 5528 oportet
2348 5460 2399 5515 in
2433 5460 2569 5515 vicis
2616 5474 2669 5517 et
2717 5463 2856 5518 villis
2887 5464 3167 5531 episcopos
3199 5462 3460 5529 ordinari,

1852 5554 1945 5609 sed
1982 5554 2305 5620 visitatores,
2343 5556 2394 5610 id
2442 5560 2635 5626 estqui
2669 5558 3005 5612 circtnneant
3044 5558 3326 5624 consntui;
3362 5556 3460 5611 hos

1853 5733 1963 5824 cer:
1987 5790 2045 5843 Β,
2077 5787 2170 5853 R,,
2202 5788 2264 5841 Τ.
2299 5789 2349 5851 I,
2381 5788 2437 5849 2,
2476 5786 2564 5853 U.,
2602 5788 2690 5855 (3.,
2728 5800 2957 5844 cantare.

1931 5860 1945 5897 ί
1985 5861 2046 5913 'l‘.
2086 5862 2137 5927 I,
2165 5859 2219 5926 2,
2249 5859 2339 5925 G.,
2371 5860 2675 5928 thymelicre.
