3882 6350
447 360 545 420 1ῗὲ
1142 348 1525 410 COLLECTIO
1566 346 1898 405 CANUNUM
1937 345 1994 401 S.
2037 339 2309 401 ISlDORO
2351 337 2619 395 HISPAL.
2666 331 3024 395 ASCBIPTA.
3608 319 3718 378 156

446 492 624 536 autem
674 477 763 549 qui
808 473 1032 529 antehac
1074 472 1300 526 ordinati
1349 480 1472 524 sunt
1522 469 1651 524 nihil
1703 482 1859 537 agere
1908 465 2021 518 sine
2050 466 2094 524 Α
2127 462 2327 529 Regum
2380 469 2405 495 ι
2456 457 2574 511 libri
2627 455 2714 510 ιν.
2768 451 3210 517 Paralipomenon
3258 444 3375 549 libri
3530 440 3718 549 Esdlrm

446 530 769 628 οοιιεείριῖιῐε
802 565 1038 634 episcopi
1082 563 1319 617 civitatis
1348 580 1357 614 :
1392 561 1639 615 similiter
1669 560 1829 614 etiam
1874 569 2021 623 prcs-
2125 548 2242 623 [U.,
2280 547 2454 620 Ezra].
2492 547 2648 601 Liber
2680 544 3007 598 l‘salmorum
3043 551 3263 591 numero
3290 534 3396 591 CL.
3427 530 3718 588 Proverbia

448 663 616 733 byteri
682 658 810 713 nilnl
877 656 989 711 sine
1054 664 1321 724 prmeepto
1386 662 1442 707 et
1509 651 1733 707 consilio
1788 647 2022 716 episcOpi
2124 644 2446 698 Salomonis.
2498 638 2869 694 Ecclesiastes.
2920 632 3137 686 Cantica
3183 630 3534 684 canticorum.
3592 623 3717 678 Job.

447 719 621 823 “tim”-
1055 719 1068 724 -
1232 719 1247 723 _
2127 739 2340 793 Esther.
2376 736 2617 791 Sedecim
2669 730 3050 802 prophetarum
3098 724 3243 787 libri,
3291 722 3341 775 id
3390 729 3507 775 est:
3540 719 3718 781 Osem,

446 808 621 906 LvVlll.
651 846 769 901 Non
792 852 1024 915 aportcre
1047 845 1099 897 in
1124 842 1352 915 domibus
1377 841 1437 915 at:
1459 837 1704 915 episcopis
1724 834 1798 888 vel
1824 832 2025 903 presby-
2128 832 2316 894 Amos,
2349 828 2484 891 Joel,
2516 825 2735 889 Abdias,
2785 820 2972 884 Jonas,
3023 817 3291 915 alienatas,
3347 811 3592 915 Dia-born,
3613 808 3722 911 ila-

940 916 1058 968 ιετὶε
1088 914 1366 966 οὖλαιίοηθδ
1399 900 1529 978 βενῖ-
1626 900 1634 907 ”
1825 900 1833 903 ﬁ
1972 900 1982 902 ⁷
2126 922 2317 989 bacuc,
2367 918 2703 987 Sophonias,
2750 915 2997 982 Aggwus,
3045 906 3369 971 Zacharias,
3412 900 3720 967 Malachias,

516 1011 630 1065 Non
662 1018 869 1077 opm-tet
898 1009 948 1062 in
981 1004 1225 1060 domibus
1256 1003 1553 1057 oblationes
1591 999 1657 1053 ab
1681 996 1944 1067 episcopis
1974 1004 2028 1049 et
2129 1012 2335 1079 Esaias,
2368 1009 2651 1073 geremus,
2688 1003 2955 1065 Ezechiel,
2990 998 3200 1054 Daniel,

448 1103 771 1177 l'l‘CS'W‘el‘is
802 1102 936 1156 θθτί·
2202 1105 2352 1159 Item.
2392 1100 2526 1155 Novi
2558 1095 2910 1157 Testantenti,
2934 1090 2986 1146 id
3017 1100 3099 1146 est
3142 1086 3551 1157 Evangeliorum
3602 1079 3727 1137 libri

445 1218 579 1273 L-lX.
612 1216 731 1272 Non
762 1216 910 1269 licere
937 1219 1158 1285 psalmos
1180 1212 1242 1285 ab
1265 1210 1450 1285 idiotis
1466 1207 1767 1285 compositos
1796 1204 1849 1257 in
1872 1202 2029 1256 ecclc-
2131 1214 2180 1252 tv
2209 1214 2223 1249 :
2255 1196 2547 1251 secundum
2594 1190 2925 1253 Mattbzcum,
2974 1182 3266 1241 secundum
3319 1181 3425 1252 59
3462 1177 3723 1241 Marcum,

731 1288 805 1339 sia
836 1274 984 1339 dici':
1006 1295 1052 1339 et
1081 1285 1166 1351 qui
1205 1284 1302 1335 sint
1334 1280 1451 1334 libri
1491 1276 1741 1331 canonici.

2179 1290 2423 1346 :cundum
2458 1287 2675 1349 Lucam,
2709 1280 3004 1339 secundum
3051 1277 3334 1333 Joannem.
3384 1274 3547 1327 Aetus
3590 1281 3727 1339 apo—

514 1398 627 1453 Non
658 1406 869 1467 Oportet
900 1396 966 1449 ab
1002 1393 1181 1448 idiotis
1212 1392 1443 1463 psalmos
1481 1389 1807 1457 compositos
1836 1394 1891 1441 et
1920 1383 2032 1440 vul-
2132 1378 2409 1435 stolorum.
2439 1375 2725 1430 Canonica:
2758 1370 3008 1439 Epistolas
3036 1383 3107 1422 vn
3142 1385 3153 1419 :
3188 1364 3369 1421 Jacobi
3412 1362 3455 1428 l,
3484 1360 3628 1416 Petri
3661 1358 3728 1425 ll,

446 1503 601 1561 gares
629 1455 959 1543 in.ecclesiis
1008 1485 1134 1549 dici,
1165 1455 1337 1553 neque
1381 1480 1545 1535 libros
1591 1455 1678 1546 qui
1724 1486 1847 1531 sunt
1882 1485 2031 1530 extra
2135 1474 2305 1542 prima
2332 1480 2385 1524 et
2415 1470 2670 1531 secunda,
2695 1464 2913 1522 Joannis
2956 1462 3042 1529 Ill,
3072 1462 3267 1533 prima,
3298 1469 3350 1513 et
3387 1455 3645 1522 secunda,
3677 1464 3731 1509 et

447 1551 711 1638 canonem
741 1584 939 1652 legere,
964 1580 1066 1635 nisi
1093 1580 1237 1635 solos
1254 1551 1550 1632 canonicos
1580 1570 1712 1629 Novi
1745 1581 1798 1627 et
1828 1568 2034 1624 Veteris
2137 1564 2315 1628 tertia,
2343 1561 2495 1617 Judrn
2536 1560 2576 1615 l.
2610 1559 2861 1628 Epistolas
2894 1556 3043 1612 Pauli
3086 1551 3312 1623 apostoli
3344 1564 3569 1605 numero
3598 1562 3731 1603 xiv:

446 1640 951 1739 Testamentiana:
980 1681 1159 1726 autem
1188 1676 1433 1739 oporteat
1458 1664 1558 1734 legi
1587 1671 1640 1718 et
1669 1664 1718 1717 in
1746 1658 2034 1715 auctorita-
2135 1658 2245 1728 60
2274 1656 2351 1710 Ad
2384 1655 2655 1709 Romanos
2683 1653 2724 1717 Ι,
2752 1652 2817 1707 ad
2850 1650 3157 1707 Corinthios
3188 1647 3251 1713 ll,
3280 1647 3348 1701 ad
3392 1643 3658 1715 Ephesios
3689 1640 3732 1707 I,

447 1774 551 1822 tem
583 1769 747 1836 recipi
778 1737 891 1820 bs—c
930 1774 1054 1820 sunt
1086 1781 1101 1820 :
1231 1737 1239 1739 ὴ
2061 1826 2104 1836 _
2136 1750 2202 1805 ad
2230 1748 2744 1805 Tltessalonieenses
2775 1746 2841 1811 ll,
2874 1744 2941 1799 ad
2970 1743 3188 1800 Galatas
3230 1741 3271 1805 l,
3317 1738 3382 1795 ad
3425 1737 3733 1805 Philippen-

517 1826 741 1915 Genesis
767 1857 973 1914 mundi.
1008 1856 1225 1912 Exodns
1269 1853 1509 1925 Egypti.
1560 1850 1878 1908 Leviticum.
1922 1846 2033 1902 Nu—
2061 1826 2109 1886 Β
2139 1860 2227 1901 ses
2255 1845 2299 1909 i,
2333 1842 2397 1897 ad
2428 1840 2778 1897 Colossenses
2802 1838 2842 1904 l.
2875 1838 2941 1892 ad
2989 1835 3331 1899 Timotheum
3362 1832 3423 1899 ll,
3454 1831 3522 1885 ad
3552 1830 3733 1885 Titum

446 1949 601 2006 meri.
642 1950 1131 2006 Denteronomium.
1182 1946 1309 2002 Jesu
1349 1945 1513 1999 Nave.
1568 1941 1835 1997 Judicunt.
1864 1937 2029 1993 Ruth.
2141 1936 2182 2003 1,
2212 1936 2278 1992 ad
2305 1935 2673 1994 Philemonem
2707 1935 2750 2001 l,
2782 1932 2847 1987 ad
2878 1931 3131 1986 Hebraeos
3162 1927 3202 1983 ι.

518 2069 544 2099 ⁸
572 2060 687 2131 113.,
722 2061 780 2117 Β.
808 2064 897 2128 IL,
924 2061 984 2116 Ε.
1020 2061 1071 2126 5,
1103 2059 1165 2115 Τ.
1200 2057 1249 2126 1,
1282 2058 1337 2125 2,
1366 2056 1680 2124 Regnorum.

452 2204 1231 2223 n—‘W-wv~-——o—JA
1253 2200 1391 2207 --<—-v"
1424 2197 1738 2205 -'————-—-——-—
1788 2198 1831 2203 υ-

1186 2221 1199 2223 -
1226 2221 1271 2223 μγ
1334 2220 1418 2223 ___
1487 2218 1589 2223 __
1608 2216 1823 2223 _.__.,_._

451 2212 2003 2243 33:=T1===:=::;________._____________,..,__EJﬁ.V

650 2520 1311 2606 CONCILIUM
1394 2498 2941 2604 CONSTANTINOPOLITANUM
3014 2494 3535 2581 PRIMUM-

455 2706 777 2752 ADVERSUS
824 2705 1134 2747 HERESBM
1212 2700 1638 2745 MACEDONiAM
1683 2696 1709 2723 ⁸
1762 2689 2022 2738 FACTUM
2068 2686 2148 2729 ΔΒ
2221 2680 2534 2725 EPISCOPIS
2606 2675 2872 2721 NUMEBO
2925 2672 3183 2717 CENTUM
3255 2666 3743 2752 QIJINLQUAGINTA

732 2731 846 2827 seu;
874 2731 1872 2837 @2333tEEIIJEETLAemo
1914 2771 1991 2813 ar
2024 2762 2347 2810 nucnsnto
2392 2758 2795 2809 consumens,
2854 2755 2995 2797 astu
3043 2750 3365 2797 ccccxvm
3399 2731 3451 2790 δ.

528 2919 740 2988 Regulae
792 2918 906 2971 sive
957 2915 1296 2970 deﬁnitiones
1354 2911 1613 2981 exposita!
1661 2906 1728 2961 ab
1779 2900 2045 2973 episcopis

455 3022 669 3068 centum
713 3009 1087 3080 quinquaginta
1138 3008 1227 3077 qui
1278 3008 1330 3061 in
1382 3019 1545 3059 unum
1580 2994 2043 3063 Constantinopoli

2153 2894 2311 2950 beant
2341 2904 2558 2955 curam;
2583 2886 2825 2943 Thracias
2848 2900 2975 2942 vero
2992 2885 3160 2956 ipsius
3181 2880 3553 2938 tantummodo
3570 2878 3749 2935 Thra-

2154 2989 2271 3040 ciae.

460 3071 1094 3170 cont'cnerunt,'qnando
1127 3071 1314 3152 beatus
1345 3096 1621 3152 Nectarius
1651 3094 1934 3163 episcopus
1964 3094 2047 3142 est
2148 3076 2239 3134 ΙΙΙ.
2274 3074 2397 3132 Non
2428 3074 2626 3129 invitati
2649 3072 3027 3170 episcopus-ltro
3062 3071 3299 3124 (limem:
3328 3083 3446 3123 suos
3472 3083 3577 3122 non
3603 3081 3752 3120 accc-

458 3194 751 3263 ordinatus,
785 3195 1037 3247 damnato
1088 3191 1315 3245 Maximo
1347 3188 1549 3259 Cynico
1583 3196 1632 3252 °,
1676 3195 1903 3252 quorum
1950 3192 2045 3233 no-

458 3294 598 3349 mina
630 3300 682 3345 et
714 3290 998 3359 provincia:
1028 3288 1079 3341 in
1107 3286 1294 3341 Graeco
1324 3287 1682 3339 continentur.

460 3382 493 3440 Ι.
526 3381 919 3439 Custodicndam
948 3396 1051 3434 esse
1074 3378 1228 3447 ﬁdem
1262 3375 1481 3430 Patrum
1513 3378 1757 3427 trermtor

1148 3456 1195 3502 et
1222 3458 1356 3500 octo.

532 3544 646 3600 Non
675 3542 1029 3614 spernendam
1059 3556 1181 3596 esse
1228 3539 1387 3593 fidem
1428 3537 1648 3591 Patrum
1688 3538 2048 3587 trecentorum

459 3636 643 3692 decem
676 3642 733 3691 et
758 3642 898 3699 octo,
930 3636 1016 3704 qui
1047 3634 1097 3686 in
1120 3631 1351 3686 Nicaeam
1376 3628 1635 3698 Bithynia:
1665 3627 2047 3686 convenerunt,

460 3727 552 3783 sed
586 3740 805 3781 manere
836 3739 954 3779 eam
996 3733 1161 3776 ratam
1212 3727 1449 3789 oportet,
1499 3726 1559 3772 et
1599 3712 2050 3771 anatltematizare

460 3832 676 3873 omnem
720 3816 1003 3879 breresem,
1033 3811 1338 3883 specialiter
1386 3818 1563 3864 autem
1595 3807 2050 3863 Eunomianorum

463 3907 575 3962 imo
626 3906 1067 3968 Anomianorum,
1115 3903 1203 3972 qui
1247 3900 1436 3956 Latine
1468 3901 1582 3955 sine
1626 3899 1740 3968 lege
1778 3898 2050 3965 dicuntur,

460 4006 512 4055 et
540 3998 857 4052 Arianorum
887 3994 999 4050 sive
1024 3993 1479 4059 Eudoxianorum,
1504 4000 1557 4046 et
1578 3990 2050 4053 Semiarianorum,

462 4107 671 4147 necnon
699 4086 1309 4145 Pneumatomacborum
1340 4083 1365 4122 ἀ
1396 4084 1447 4139 id
1477 4092 1559 4138 est
1585 4084 1671 4152 qui
1709 4091 1893 4138 contra
1921 4096 2056 4135 san-

464 4193 605 4240 ctum
657 4183 912 4251 Spiritum
964 4188 1217 4251 pugnant,
1248 4189 1301 4234 et
1347 4178 1770 4234 Sabellianorum
1820 4187 1874 4232 et
1919 4176 2055 4231 Mar-

464 4275 855 4340 cellianorum,
912 4282 968 4327 et
1038 4270 1477 4327 Photinianorum
1539 4279 1592 4323 et
1652 4267 2055 4338 Apollinarista-

467 4384 607 4423 rum.

471 4458 534 4514 ll.
574 4458 641 4513 Ut
664 4457 890 4527 episcOpi
916 4473 1035 4512 suos
1062 4457 1296 4579 diceet?
1327 4456 1598 4526 gubernant
1642 4472 1731 4509 nec
1757 4455 1823 4509 ad
1863 4454 2058 4507 alienas

1132 4544 1251 4579 arce
1293 4536 1398 4579 mit.

1132 4536 1398 4579 accedant.

546 4621 793 4691 Episcolti
838 4620 928 4689 qui
977 4631 1125 4675 extra
1174 4617 1450 4672 dioecesim
1504 4627 1626 4671 sunt
1673 4615 1737 4669 ad
1796 4614 2060 4670 Ecclesias

470 4730 590 4781 qua:
614 4724 760 4767 extra
795 4713 1049 4767 terminos
1076 4726 1258 4765 eorum
1291 4717 1416 4764 sunt
1440 4724 1547 4762 non
1579 4708 1854 4773 accedant,
1891 4721 2059 4775 neque
2090 4710 2137 4769 ο

470 4802 796 4856 confundant
830 4812 879 4857 et
912 4801 1264 4869 permisceant
1295 4800 1596 4864 Ecclesias;
1643 4799 1737 4853 sed
1765 4799 2057 4853 secundum

473 4893 702 4961 regulas,
732 4892 1069 4947 Alexandria:
1101 4891 1315 4960 quidem
1350 4891 1584 4958 episcopi
1616 4906 1675 4944 ea
1707 4907 1825 4960 qua:
1852 4900 1972 4945 sunt
2006 4891 2058 4944 in

475 4982 707 5053 Egypto
738 4994 941 5040 tantum
973 4984 1269 5054 gubernem
1300 5000 1314 5049 ;
1344 4979 1576 5037 Orientis
1605 4992 1781 5037 autem
1821 4984 2059 5053 episc0pi

474 5076 639 5131 solius
688 5078 923 5132 Orientis
967 5092 1149 5131 curam
1204 5086 1431 5145 gerant,
1487 5078 1711 5131 servatis
1768 5077 2060 5133 honoribus

475 5169 733 5237 primatus
771 5169 1022 5225 Ecclesias
1044 5170 1392 5225 Antiochense
1415 5170 1503 5239 qui
1530 5170 1580 5225 in
1610 5172 1804 5241 regulis
1830 5171 2059 5227 Nicaeus:

472 5260 661 5329 synodi
692 5261 1061 5325 continentur;
1096 5262 1187 5316 sed
1220 5271 1271 5315 et
1311 5264 1521 5317 Asiana
1548 5260 1691 5333 [Αἲη
1732 5261 1893 5334 Asiae]
1926 5265 2053 5319 dio:-

476 5354 615 5408 cesis
650 5353 883 5423 episcopi
928 5370 990 5409 ea
1015 5370 1130 5423 qnze
1162 5362 1284 5407 sunt
1323 5353 1375 5407 in
1419 5351 1542 5407 Asia
1573 5362 1627 5407 et
1667 5370 1782 5421 quae
1810 5356 1873 5408 ad
1902 5355 2056 5409 Asia-

476 5458 601 5499 nam
654 5447 1020 5500 tantummodo
1078 5446 1350 5501 dimcesim
1411 5444 1679 5514 pertinent
1732 5447 2057 5513 gubernem;

474 5533 631 5594 Ponti
659 5548 835 5595 autem
880 5539 1116 5609 episc0pi
1166 5538 1399 5593 Pomicre
1447 5546 1649 5593 tantum
1681 5536 1926 5594 dimeesis
1965 5539 2059 5594 ha-

550 5706 575 5735 ⁶
602 5697 691 5764 U.,
721 5695 1163 5750 Macedonicorum.

545 5766 572 5807 δ
603 5769 664 5823 Τ.
688 5768 743 5833 2,
776 5784 877 5820 mra
907 5781 1171 5822 ccccvntt.

548 5846 572 5879 α
606 5839 720 5905 Ᾱξίη
749 5840 944 5908 iniquo,
987 5849 1039 5895 et
1069 5839 1143 5894 sic
1177 5842 1360 5904 postea
1391 5835 1446 5893 in
1474 5845 1627 5896 sexto
1656 5853 1882 5896 canone.

2872 3144 3017 3196 dant.

2220 3242 2334 3297 Non
2363 3239 2569 3295 invitati
2599 3237 2833 3307 episcopi
2887 3238 3022 3291 ultra
3070 3234 3347 3291 dioecesim
3383 3243 3405 3269 ο
3439 3248 3543 3288 non
3595 3246 3757 3288 acce-

1761 3382 1847 3423 um
1871 3366 2045 3421 deum
2073 3340 2121 3405 ο
2152 3332 2280 3387 dere
2308 3332 2507 3387 debent
2541 3344 2701 3398 super
2732 3326 2853 3402 [U.,
2882 3326 2998 3398 pro]
3024 3324 3335 3381 ordinandis
3365 3322 3641 3393 aliquibus
3672 3321 3759 3377 vel

2151 3425 2554 3496 quibuscunque
2600 3418 2947 3489 disponendis
2987 3415 3363 3473 ecclesiasticis
3394 3415 3499 3485 61
3547 3414 3758 3477 causis,

2152 3528 2365 3574 servata
2413 3516 2595 3585 regula
2635 3529 2754 3584 quae
2798 3526 2957 3583 supra
2986 3512 3184 3580 scripta
3210 3520 3293 3566 est
3323 3510 3389 3565 de
3427 3521 3762 3577 unaquaque

2154 3608 2406 3675 dimcesi;
2434 3605 2777 3662 manifestum
2826 3618 3055 3673 namque
3083 3612 3169 3658 est
3210 3601 3350 3671 quod
3391 3616 3485 3671 per
3513 3599 3764 3668 singulas

2154 3714 2396 3770 quasque
2423 3698 2724 3768 provincias
2755 3694 3099 3766 provincialis
3128 3693 3364 3765 synodus
3396 3690 3765 3745 adminstrare

2153 3800 2209 3845 et
2240 3791 2541 3859 gubernare
2565 3789 2744 3845 omnia
2773 3786 2969 3843 debeat
2988 3776 3284 3842 secundum
3314 3798 3373 3841 ea
3396 3798 3514 3854 qua:
3542 3792 3681 3839 sunt
3711 3784 3764 3840 in

2156 3881 2331 3937 Nicaea
2355 3882 2594 3937 definita.

2440 3980 2530 4035 Π.
2563 3979 2639 4033 De
2660 3978 2882 4033 ecclesiis
2910 3979 2963 4031 in
2987 3977 3253 4032 barbarico
3273 3976 3469 4048 positis.

2231 4072 2503 4129 Ecclesias
2550 4080 2723 4126 autem
2758 4070 2875 4136 Dei,
2908 4085 3027 4141 qua:
3072 4077 3198 4125 sunt
3226 4070 3279 4123 in
3310 4068 3611 4124 barbaricis
3637 4082 3757 4139 gen

2161 4165 2301 4220 tibus
2348 4164 2693 4231 constitutae,
2742 4163 2854 4233 regi
2902 4169 2959 4217 et
3001 4160 3359 4217 administrari
3410 4172 3633 4229 oportet
3680 4174 3769 4217 se-

2160 4256 2392 4313 cundum
2422 4255 2863 4311 consuetudinem
2917 4269 3034 4324 quae
3085 4269 3114 4308 a
3164 4252 3411 4310 Patribus
3456 4251 3770 4309 obtinuisse

2159 4349 2508 4421 dignoscitur.

2331 4460 2393 4514 ν.
2426 4459 2505 4514 De
2531 4459 2725 4514 honore
2754 4456 3309 4531 Constantinopolitani
3337 4464 3586 4532 cpiscom.

2233 4577 2835 4647 Constantinopolitanae
2900 4577 3134 4632 civitatis
3189 4578 3501 4647 episcopum
3558 4578 3770 4634 habere

2162 4678 2377 4740 oportet
2399 4668 2652 4737 primatus
2679 4672 2933 4721 honorem
2960 4677 3080 4736 post
3099 4667 3396 4725 Romanum
3417 4671 3766 4743 episcopum,

2166 4775 2379 4835 propter
2409 4762 2551 4833 quod
2583 4762 2651 4817 sit
2672 4762 2837 4815 Roma
2873 4777 3030 4817 nova.

2452 4875 2539 4929 Vl.
2567 4874 2643 4929 De
2668 4878 2892 4929 maximo
2924 4874 3113 4944 Cynico
3142 4874 3465 4946 philosopho.

2239 4990 2312 5047 De
2336 4994 2566 5047 maximo
2596 4992 2794 5062 Cynico
2824 4990 3142 5060 philosopho
3171 5003 3224 5047 et
3266 4992 3425 5046 totius
3459 4991 3769 5063 indiscipli-

2165 5086 2399 5141 nationis
2427 5087 2563 5156 ejus,
2588 5100 2708 5154 quae
2736 5085 3197 5156 Constantinopoli
3221 5096 3335 5140 orta
3359 5094 3462 5154 est,
3498 5098 3769 5143 statutum

2165 5188 2267 5247 est,
2300 5188 2356 5234 ut
2403 5196 2573 5250 neque
2603 5179 2863 5234 Maximus
2903 5178 3068 5234 fuisse
3092 5189 3183 5233 aut
3208 5195 3327 5235 esse
3366 5180 3479 5248 jam
3520 5190 3769 5250 putetur,

2165 5286 2337 5341 neque
2362 5273 2409 5327 bi
2441 5273 2530 5342 qni
2556 5273 2624 5328 ab
2652 5286 2718 5326 eo
2748 5281 2871 5325 sunt
2896 5271 3154 5335 ordinati,
3187 5271 3623 5341 qualemcunque
3650 5289 3772 5345 gra-

2163 5365 2287 5419 dum
2319 5368 2602 5421 clericatus
2632 5366 2929 5432 obtineant,
2958 5366 3208 5418 omnibus
3238 5364 3443 5418 scilicet
3470 5380 3600 5434 qua:
3625 5366 3774 5423 circa

2164 5474 2284 5515 eum
2316 5460 2396 5515 vel
2427 5462 2493 5515 ab
2518 5474 2582 5516 eo
2611 5468 2759 5529 gesta
2788 5467 2911 5513 sunt
2937 5456 2990 5513 in
3020 5457 3226 5511 irritum
3253 5460 3543 5514 revocatis.

2241 5702 2264 5740 δ
2300 5701 2362 5757 Τ.
2400 5705 2449 5767 1,
2472 5703 2524 5769 2,
2548 5702 2639 5766 ϐ..
2670 5701 3271 5761 Pnenmatematicorum.

2245 5784 2267 5812 ε·
2302 5778 2359 5830 Β.
2380 5775 2467 5842 R.,
2494 5775 2744 5830 dioecesim
2765 5789 2909 5829 suam
2940 5792 3037 5832 non
3059 5780 3313 5835 accedere.
