  <div class='ocr_page' id='page_1' title='image "/cluster/home/n/w/nwhite01/storage/ocr_20150623/84/uva.x000827071/076.png"; bbox 0 0 3882 6392; ppageno 0'>
   <div class='ocr_carea' id='block_1_1' title="bbox 176 436 246 494">
    <p class='ocr_par' dir='ltr' id='par_1_1' title="bbox 176 436 246 494">
     <span class='ocr_line' id='line_1_1' title="bbox 176 436 246 494; baseline -0.086 -1"><span class='ocrx_word' id='word_1_1' title='bbox 176 436 246 494; x_wconf 72' lang='grc'><strong>137</strong></span> 
     </span>
    </p>
   </div>
   <div class='ocr_carea' id='block_1_2' title="bbox 177 538 1757 620">
    <p class='ocr_par' dir='ltr' id='par_1_2' title="bbox 177 538 1757 620">
     <span class='ocr_line' id='line_1_2' title="bbox 177 538 1757 620; baseline -0.007 -19"><span class='ocrx_word' id='word_1_2' title='bbox 177 545 257 620; x_wconf 62' lang='grc' dir='ltr'>γι</span> <span class='ocrx_word' id='word_1_3' title='bbox 277 542 537 620; x_wconf 61' lang='lat' dir='ltr'><strong>Symbolum</strong></span> <span class='ocrx_word' id='word_1_4' title='bbox 560 543 851 620; x_wconf 47' lang='lat' dir='ltr'><strong>earumdem</strong></span> <span class='ocrx_word' id='word_1_5' title='bbox 871 538 1679 620; x_wconf 51' lang='lat' dir='ltr'><strong>sanctorumfentttutquinqua-</strong></span> <span class='ocrx_word' id='word_1_6' title='bbox 1703 558 1757 620; x_wconf 69' lang='grc' dir='ltr'><strong>Δ</strong></span> 
     </span>
    </p>
   </div>
   <div class='ocr_carea' id='block_1_3' title="bbox 219 610 1604 688">
    <p class='ocr_par' dir='ltr' id='par_1_3' title="bbox 219 610 1604 688">
     <span class='ocr_line' id='line_1_3' title="bbox 219 610 1604 688; baseline -0.006 -17"><span class='ocrx_word' id='word_1_7' title='bbox 219 610 328 688; x_wconf 63' lang='lat' dir='ltr'><strong>gitti</strong></span> <span class='ocrx_word' id='word_1_8' title='bbox 351 615 540 670; x_wconf 78' lang='lat' dir='ltr'><strong>Pamuu</strong></span> <span class='ocrx_word' id='word_1_9' title='bbox 579 615 716 685; x_wconf 69' lang='lat' dir='ltr'><strong>apud</strong></span> <span class='ocrx_word' id='word_1_10' title='bbox 746 610 1247 682; x_wconf 72' lang='lat' dir='ltr'><strong>Constantimpolim</strong></span> <span class='ocrx_word' id='word_1_11' title='bbox 1297 610 1604 663; x_wconf 77' lang='lat' dir='ltr'><strong>institutum.</strong></span> 
     </span>
    </p>
   </div>
   <div class='ocr_carea' id='block_1_4' title="bbox 219 702 1678 772">
    <p class='ocr_par' dir='ltr' id='par_1_4' title="bbox 219 702 1678 772">
     <span class='ocr_line' id='line_1_4' title="bbox 219 702 1678 772; baseline -0.005 -9"><span class='ocrx_word' id='word_1_12' title='bbox 219 706 450 763; x_wconf 78' lang='lat' dir='ltr'><strong>Credimus</strong></span> <span class='ocrx_word' id='word_1_13' title='bbox 484 708 535 761; x_wconf 91' lang='lat' dir='ltr'><strong>in</strong></span> <span class='ocrx_word' id='word_1_14' title='bbox 578 720 742 760; x_wconf 89' lang='lat' dir='ltr'><strong>unum</strong></span> <span class='ocrx_word' id='word_1_15' title='bbox 772 703 944 759; x_wconf 86' lang='lat' dir='ltr'><strong>Deum</strong></span> <span class='ocrx_word' id='word_1_16' title='bbox 986 702 1196 757; x_wconf 91' lang='lat' dir='ltr'><strong>Patrem</strong></span> <span class='ocrx_word' id='word_1_17' title='bbox 1228 702 1678 772; x_wconf 73' lang='lat' dir='ltr'><strong>omnipotentem,</strong></span> 
     </span>
    </p>
   </div>
   <div class='ocr_carea' id='block_1_5' title="bbox 170 796 1683 866">
    <p class='ocr_par' dir='ltr' id='par_1_5' title="bbox 170 796 1683 866">
     <span class='ocr_line' id='line_1_5' title="bbox 170 796 1683 866; baseline -0.005 -7"><span class='ocrx_word' id='word_1_18' title='bbox 170 802 366 859; x_wconf 73' lang='lat' dir='ltr'><strong>factorem</strong></span> <span class='ocrx_word' id='word_1_19' title='bbox 390 800 584 856; x_wconf 68' lang='lat' dir='ltr'><strong>cmlhet</strong></span> <span class='ocrx_word' id='word_1_20' title='bbox 610 806 792 866; x_wconf 67' lang='lat' dir='ltr'><strong>terrae,</strong></span> <span class='ocrx_word' id='word_1_21' title='bbox 824 797 1120 854; x_wconf 70' lang='lat' dir='ltr'><strong>visibilium</strong></span> <span class='ocrx_word' id='word_1_22' title='bbox 1148 798 1388 853; x_wconf 90' lang='lat' dir='ltr'><strong>omnium</strong></span> <span class='ocrx_word' id='word_1_23' title='bbox 1414 807 1469 852; x_wconf 90' lang='lat' dir='ltr'><strong>et</strong></span> <span class='ocrx_word' id='word_1_24' title='bbox 1495 796 1683 851; x_wconf 83' lang='lat' dir='ltr'><strong>invisi-</strong></span> 
     </span>
    </p>
   </div>
   <div class='ocr_carea' id='block_1_6' title="bbox 170 889 1684 952">
    <p class='ocr_par' dir='ltr' id='par_1_6' title="bbox 170 889 1684 952">
     <span class='ocr_line' id='line_1_6' title="bbox 170 889 1684 952; baseline -0.006 0"><span class='ocrx_word' id='word_1_25' title='bbox 170 895 303 952; x_wconf 81' lang='lat' dir='ltr'><strong>biliuat</strong></span> <span class='ocrx_word' id='word_1_26' title='bbox 325 892 629 951; x_wconf 71' lang='lat' dir='ltr'><strong>conditorem</strong></span> <span class='ocrx_word' id='word_1_27' title='bbox 662 906 677 947; x_wconf 87' lang='lat'><strong>:</strong></span> <span class='ocrx_word' id='word_1_28' title='bbox 703 900 760 947; x_wconf 88' lang='lat' dir='ltr'><strong>et</strong></span> <span class='ocrx_word' id='word_1_29' title='bbox 781 891 837 945; x_wconf 91' lang='lat' dir='ltr'><strong>in</strong></span> <span class='ocrx_word' id='word_1_30' title='bbox 866 906 1033 945; x_wconf 86' lang='lat' dir='ltr'><strong>unum</strong></span> <span class='ocrx_word' id='word_1_31' title='bbox 1061 889 1348 945; x_wconf 87' lang='lat' dir='ltr'><strong>Dominum</strong></span> <span class='ocrx_word' id='word_1_32' title='bbox 1380 897 1408 926; x_wconf 80' lang='grc' dir='ltr'>ι</span> <span class='ocrx_word' id='word_1_33' title='bbox 1440 899 1684 944; x_wconf 86' lang='lat' dir='ltr'><strong>nostrum</strong></span> 
     </span>
    </p>
   </div>
   <div class='ocr_carea' id='block_1_7' title="bbox 166 980 1688 1054">
    <p class='ocr_par' dir='ltr' id='par_1_7' title="bbox 166 980 1688 1054">
     <span class='ocr_line' id='line_1_7' title="bbox 166 980 1688 1054; baseline -0.005 -9"><span class='ocrx_word' id='word_1_34' title='bbox 166 986 299 1045; x_wconf 60' lang='grc' dir='ltr'><strong>δοῦναι</strong></span> <span class='ocrx_word' id='word_1_35' title='bbox 337 985 581 1043; x_wconf 73' lang='lat' dir='ltr'><strong>Christum</strong></span> <span class='ocrx_word' id='word_1_36' title='bbox 630 983 831 1041; x_wconf 79' lang='lat' dir='ltr'><strong>Filium</strong></span> <span class='ocrx_word' id='word_1_37' title='bbox 886 982 978 1038; x_wconf 91' lang='lat' dir='ltr'><strong>Dei</strong></span> <span class='ocrx_word' id='word_1_38' title='bbox 1028 982 1387 1054; x_wconf 70' lang='lat' dir='ltr'><strong>unigenitum,</strong></span> <span class='ocrx_word' id='word_1_39' title='bbox 1431 997 1497 1037; x_wconf 79' lang='lat' dir='ltr'><strong>ex</strong></span> <span class='ocrx_word' id='word_1_40' title='bbox 1529 980 1688 1037; x_wconf 83' lang='lat' dir='ltr'><strong>Patre</strong></span> 
     </span>
    </p>
   </div>
   <div class='ocr_carea' id='block_1_8' title="bbox 168 1075 1687 1152">
    <p class='ocr_par' dir='ltr' id='par_1_8' title="bbox 168 1075 1687 1152">
     <span class='ocr_line' id='line_1_8' title="bbox 168 1075 1687 1152; baseline -0.004 -16"><span class='ocrx_word' id='word_1_41' title='bbox 168 1090 300 1136; x_wconf 78' lang='lat' dir='ltr'><strong>natum</strong></span> <span class='ocrx_word' id='word_1_42' title='bbox 324 1080 419 1152; x_wconf 63' lang='lat'><strong><em>63</em></strong></span> <span class='ocrx_word' id='word_1_43' title='bbox 447 1088 563 1134; x_wconf 82' lang='lat' dir='ltr'><strong>ante</strong></span> <span class='ocrx_word' id='word_1_44' title='bbox 589 1076 769 1133; x_wconf 80' lang='lat' dir='ltr'><strong>omnia</strong></span> <span class='ocrx_word' id='word_1_45' title='bbox 800 1077 1021 1140; x_wconf 69' lang='lat' dir='ltr'><strong>sarcula.</strong></span> <span class='ocrx_word' id='word_1_46' title='bbox 1044 1076 1214 1131; x_wconf 89' lang='lat' dir='ltr'><strong>Deum</strong></span> <span class='ocrx_word' id='word_1_47' title='bbox 1242 1090 1309 1131; x_wconf 81' lang='lat' dir='ltr'><strong>ex</strong></span> <span class='ocrx_word' id='word_1_48' title='bbox 1335 1075 1468 1140; x_wconf 90' lang='lat' dir='ltr'><strong>Deo,</strong></span> <span class='ocrx_word' id='word_1_49' title='bbox 1501 1075 1687 1131; x_wconf 85' lang='lat' dir='ltr'><strong>lumen</strong></span> 
     </span>
    </p>
   </div>
   <div class='ocr_carea' id='block_1_9' title="bbox 166 1168 1688 1236">
    <p class='ocr_par' dir='ltr' id='par_1_9' title="bbox 166 1168 1688 1236">
     <span class='ocr_line' id='line_1_9' title="bbox 166 1168 1688 1236; baseline -0.002 -10"><span class='ocrx_word' id='word_1_50' title='bbox 166 1170 420 1236; x_wconf 72' lang='lat' dir='ltr'><strong>alumine,</strong></span> <span class='ocrx_word' id='word_1_51' title='bbox 448 1170 605 1224; x_wconf 85' lang='lat' dir='ltr'><strong>Deum</strong></span> <span class='ocrx_word' id='word_1_52' title='bbox 649 1184 838 1225; x_wconf 89' lang='lat' dir='ltr'><strong>verum</strong></span> <span class='ocrx_word' id='word_1_53' title='bbox 876 1184 943 1225; x_wconf 79' lang='lat' dir='ltr'><strong>ex</strong></span> <span class='ocrx_word' id='word_1_54' title='bbox 992 1168 1104 1224; x_wconf 88' lang='lat' dir='ltr'><strong>Deo</strong></span> <span class='ocrx_word' id='word_1_55' title='bbox 1139 1182 1290 1234; x_wconf 80' lang='lat' dir='ltr'><strong>vero,</strong></span> <span class='ocrx_word' id='word_1_56' title='bbox 1340 1179 1545 1233; x_wconf 89' lang='lat' dir='ltr'><strong>natum,</strong></span> <span class='ocrx_word' id='word_1_57' title='bbox 1578 1182 1688 1223; x_wconf 90' lang='lat' dir='ltr'><strong>non</strong></span> 
     </span>
    </p>
   </div>
   <div class='ocr_carea' id='block_1_10' title="bbox 164 1260 1689 1331">
    <p class='ocr_par' dir='ltr' id='par_1_10' title="bbox 164 1260 1689 1331">
     <span class='ocr_line' id='line_1_10' title="bbox 164 1260 1689 1331; baseline 0.002 -16"><span class='ocrx_word' id='word_1_58' title='bbox 164 1260 326 1327; x_wconf 77' lang='lat' dir='ltr'><strong>factum,</strong></span> <span class='ocrx_word' id='word_1_59' title='bbox 352 1261 643 1318; x_wconf 81' lang='lat' dir='ltr'><strong>homousion</strong></span> <span class='ocrx_word' id='word_1_60' title='bbox 675 1261 843 1327; x_wconf 80' lang='lat' dir='ltr'><strong>Patri,</strong></span> <span class='ocrx_word' id='word_1_61' title='bbox 868 1260 974 1317; x_wconf 85' lang='lat' dir='ltr'><strong>hoc</strong></span> <span class='ocrx_word' id='word_1_62' title='bbox 996 1270 1081 1317; x_wconf 86' lang='lat' dir='ltr'><strong>est</strong></span> <span class='ocrx_word' id='word_1_63' title='bbox 1102 1261 1345 1331; x_wconf 90' lang='lat' dir='ltr'><strong>ejusdem</strong></span> <span class='ocrx_word' id='word_1_64' title='bbox 1372 1277 1495 1316; x_wconf 91' lang='lat' dir='ltr'><strong>cum</strong></span> <span class='ocrx_word' id='word_1_65' title='bbox 1529 1262 1689 1318; x_wconf 85' lang='lat' dir='ltr'><strong>Patre</strong></span> 
     </span>
    </p>
   </div>
   <div class='ocr_carea' id='block_1_11' title="bbox 162 1350 1687 1426">
    <p class='ocr_par' dir='ltr' id='par_1_11' title="bbox 162 1350 1687 1426">
     <span class='ocr_line' id='line_1_11' title="bbox 162 1350 1687 1426; baseline -0.001 -16"><span class='ocrx_word' id='word_1_66' title='bbox 162 1355 425 1420; x_wconf 72' lang='lat' dir='ltr'><strong>sulstantize,</strong></span> <span class='ocrx_word' id='word_1_67' title='bbox 446 1369 535 1424; x_wconf 80' lang='lat' dir='ltr'><strong>per</strong></span> <span class='ocrx_word' id='word_1_68' title='bbox 562 1370 722 1426; x_wconf 87' lang='lat' dir='ltr'><strong>quem</strong></span> <span class='ocrx_word' id='word_1_69' title='bbox 744 1354 923 1410; x_wconf 91' lang='lat' dir='ltr'><strong>omnia</strong></span> <span class='ocrx_word' id='word_1_70' title='bbox 951 1354 1089 1409; x_wconf 81' lang='lat' dir='ltr'><strong>facta</strong></span> <span class='ocrx_word' id='word_1_71' title='bbox 1109 1364 1259 1421; x_wconf 89' lang='lat' dir='ltr'><strong>sunt,</strong></span> <span class='ocrx_word' id='word_1_72' title='bbox 1286 1355 1376 1424; x_wconf 91' lang='lat' dir='ltr'><strong>qui</strong></span> <span class='ocrx_word' id='word_1_73' title='bbox 1410 1364 1629 1424; x_wconf 83' lang='lat' dir='ltr'><strong>propter</strong></span> <span class='ocrx_word' id='word_1_74' title='bbox 1659 1350 1687 1392; x_wconf 74' lang='grc' dir='ltr'>δ</span> 
     </span>
    </p>
   </div>
   <div class='ocr_carea' id='block_1_12' title="bbox 162 1446 1688 1521">
    <p class='ocr_par' dir='ltr' id='par_1_12' title="bbox 162 1446 1688 1521">
     <span class='ocr_line' id='line_1_12' title="bbox 162 1446 1688 1521; baseline -0.001 -17"><span class='ocrx_word' id='word_1_75' title='bbox 162 1460 293 1505; x_wconf 78' lang='lat' dir='ltr'><strong>noset</strong></span> <span class='ocrx_word' id='word_1_76' title='bbox 325 1460 517 1521; x_wconf 85' lang='lat' dir='ltr'><strong>propter</strong></span> <span class='ocrx_word' id='word_1_77' title='bbox 546 1458 789 1505; x_wconf 85' lang='lat' dir='ltr'><strong>nostram</strong></span> <span class='ocrx_word' id='word_1_78' title='bbox 831 1450 1063 1505; x_wconf 82' lang='lat' dir='ltr'><strong>salutem</strong></span> <span class='ocrx_word' id='word_1_79' title='bbox 1102 1448 1389 1505; x_wconf 80' lang='lat' dir='ltr'><strong>descendit</strong></span> <span class='ocrx_word' id='word_1_80' title='bbox 1423 1459 1479 1504; x_wconf 91' lang='lat' dir='ltr'><strong>et</strong></span> <span class='ocrx_word' id='word_1_81' title='bbox 1517 1446 1688 1503; x_wconf 89' lang='lat' dir='ltr'><strong>incar-</strong></span> 
     </span>
    </p>
   </div>
   <div class='ocr_carea' id='block_1_13' title="bbox 160 1540 1688 1613">
    <p class='ocr_par' dir='ltr' id='par_1_13' title="bbox 160 1540 1688 1613">
     <span class='ocr_line' id='line_1_13' title="bbox 160 1540 1688 1613; baseline -0.001 -16"><span class='ocrx_word' id='word_1_82' title='bbox 160 1550 275 1597; x_wconf 83' lang='lat' dir='ltr'><strong>natus</strong></span> <span class='ocrx_word' id='word_1_83' title='bbox 297 1550 367 1598; x_wconf 81' lang='lat' dir='ltr'><strong>est</strong></span> <span class='ocrx_word' id='word_1_84' title='bbox 389 1543 450 1596; x_wconf 90' lang='lat' dir='ltr'><strong>de</strong></span> <span class='ocrx_word' id='word_1_85' title='bbox 485 1542 687 1613; x_wconf 81' lang='lat' dir='ltr'><strong>Spiritu</strong></span> <span class='ocrx_word' id='word_1_86' title='bbox 719 1552 912 1597; x_wconf 89' lang='lat' dir='ltr'><strong>sancto</strong></span> <span class='ocrx_word' id='word_1_87' title='bbox 958 1556 1024 1597; x_wconf 84' lang='lat' dir='ltr'><strong>ex</strong></span> <span class='ocrx_word' id='word_1_88' title='bbox 1058 1541 1228 1596; x_wconf 73' lang='lat' dir='ltr'><strong>Maria</strong></span> <span class='ocrx_word' id='word_1_89' title='bbox 1277 1541 1484 1610; x_wconf 75' lang='lat' dir='ltr'><strong>virgine</strong></span> <span class='ocrx_word' id='word_1_90' title='bbox 1525 1540 1688 1595; x_wconf 84' lang='lat' dir='ltr'><strong>homo</strong></span> 
     </span>
    </p>
   </div>
   <div class='ocr_carea' id='block_1_14' title="bbox 159 1631 1686 1701">
    <p class='ocr_par' dir='ltr' id='par_1_14' title="bbox 159 1631 1686 1701">
     <span class='ocr_line' id='line_1_14' title="bbox 159 1631 1686 1701; baseline 0.001 -15"><span class='ocrx_word' id='word_1_91' title='bbox 159 1632 302 1699; x_wconf 71' lang='lat' dir='ltr'><strong>lactus,</strong></span> <span class='ocrx_word' id='word_1_92' title='bbox 337 1648 505 1701; x_wconf 83' lang='lat' dir='ltr'><strong>passus</strong></span> <span class='ocrx_word' id='word_1_93' title='bbox 532 1642 613 1690; x_wconf 86' lang='lat' dir='ltr'><strong>est</strong></span> <span class='ocrx_word' id='word_1_94' title='bbox 643 1634 747 1690; x_wconf 87' lang='lat' dir='ltr'><strong>sub</strong></span> <span class='ocrx_word' id='word_1_95' title='bbox 778 1633 967 1690; x_wconf 88' lang='lat' dir='ltr'><strong>Pontio</strong></span> <span class='ocrx_word' id='word_1_96' title='bbox 1014 1632 1210 1698; x_wconf 81' lang='lat' dir='ltr'><strong>Pilato,</strong></span> <span class='ocrx_word' id='word_1_97' title='bbox 1245 1633 1489 1701; x_wconf 88' lang='lat' dir='ltr'><strong>sepultus</strong></span> <span class='ocrx_word' id='word_1_98' title='bbox 1529 1631 1686 1687; x_wconf 84' lang='lat' dir='ltr'><strong>tertia</strong></span> 
     </span>
    </p>
   </div>
   <div class='ocr_carea' id='block_1_15' title="bbox 158 1723 1687 1789">
    <p class='ocr_par' dir='ltr' id='par_1_15' title="bbox 158 1723 1687 1789">
     <span class='ocr_line' id='line_1_15' title="bbox 158 1723 1687 1789; baseline 0.001 -13"><span class='ocrx_word' id='word_1_99' title='bbox 158 1723 219 1777; x_wconf 85' lang='lat' dir='ltr'><strong>die</strong></span> <span class='ocrx_word' id='word_1_100' title='bbox 238 1723 507 1789; x_wconf 80' lang='lat' dir='ltr'><strong>resurrexit,</strong></span> <span class='ocrx_word' id='word_1_101' title='bbox 537 1725 783 1781; x_wconf 80' lang='lat' dir='ltr'><strong>ascendit</strong></span> <span class='ocrx_word' id='word_1_102' title='bbox 812 1726 863 1779; x_wconf 92' lang='lat' dir='ltr'><strong>in</strong></span> <span class='ocrx_word' id='word_1_103' title='bbox 904 1724 1098 1789; x_wconf 72' lang='lat' dir='ltr'><strong>ctelos,</strong></span> <span class='ocrx_word' id='word_1_104' title='bbox 1126 1724 1280 1780; x_wconf 88' lang='lat' dir='ltr'><strong>sedet</strong></span> <span class='ocrx_word' id='word_1_105' title='bbox 1312 1723 1378 1778; x_wconf 87' lang='lat' dir='ltr'><strong>ad</strong></span> <span class='ocrx_word' id='word_1_106' title='bbox 1410 1724 1687 1778; x_wconf 78' lang='lat' dir='ltr'><strong>dexteram</strong></span> 
     </span>
    </p>
   </div>
   <div class='ocr_carea' id='block_1_16' title="bbox 158 1810 1688 1883">
    <p class='ocr_par' dir='ltr' id='par_1_16' title="bbox 158 1810 1688 1883">
     <span class='ocr_line' id='line_1_16' title="bbox 158 1810 1688 1883; baseline 0.004 -20"><span class='ocrx_word' id='word_1_107' title='bbox 158 1810 225 1865; x_wconf 85' lang='lat' dir='ltr'><strong>Dei</strong></span> <span class='ocrx_word' id='word_1_108' title='bbox 245 1811 386 1867; x_wconf 77' lang='lat' dir='ltr'><strong>Patris</strong></span> <span class='ocrx_word' id='word_1_109' title='bbox 413 1824 455 1879; x_wconf 77' lang='grc' dir='ltr'><strong>ε,</strong></span> <span class='ocrx_word' id='word_1_110' title='bbox 486 1815 605 1869; x_wconf 91' lang='lat' dir='ltr'><strong>inde</strong></span> <span class='ocrx_word' id='word_1_111' title='bbox 628 1823 891 1870; x_wconf 74' lang='lat' dir='ltr'><strong>venturus</strong></span> <span class='ocrx_word' id='word_1_112' title='bbox 913 1828 1033 1869; x_wconf 88' lang='lat' dir='ltr'><strong>cum</strong></span> <span class='ocrx_word' id='word_1_113' title='bbox 1067 1816 1239 1883; x_wconf 88' lang='lat' dir='ltr'><strong>gloria</strong></span> <span class='ocrx_word' id='word_1_114' title='bbox 1262 1812 1506 1883; x_wconf 82' lang='lat' dir='ltr'><strong>judicare</strong></span> <span class='ocrx_word' id='word_1_115' title='bbox 1539 1813 1688 1869; x_wconf 84' lang='lat' dir='ltr'><strong>vivos</strong></span> 
     </span>
    </p>
   </div>
   <div class='ocr_carea' id='block_1_17' title="bbox 156 1906 1682 1977">
    <p class='ocr_par' dir='ltr' id='par_1_17' title="bbox 156 1906 1682 1977">
     <span class='ocr_line' id='line_1_17' title="bbox 156 1906 1682 1977; baseline 0.005 -24"><span class='ocrx_word' id='word_1_116' title='bbox 156 1911 193 1953; x_wconf 87' lang='lat' dir='ltr'><strong>et</strong></span> <span class='ocrx_word' id='word_1_117' title='bbox 214 1912 428 1969; x_wconf 85' lang='lat' dir='ltr'><strong>mortuos,</strong></span> <span class='ocrx_word' id='word_1_118' title='bbox 453 1906 597 1974; x_wconf 85' lang='lat' dir='ltr'><strong>cujus</strong></span> <span class='ocrx_word' id='word_1_119' title='bbox 625 1906 777 1977; x_wconf 85' lang='lat' dir='ltr'><strong>regni</strong></span> <span class='ocrx_word' id='word_1_120' title='bbox 806 1922 914 1960; x_wconf 91' lang='lat' dir='ltr'><strong>non</strong></span> <span class='ocrx_word' id='word_1_121' title='bbox 936 1906 1039 1960; x_wconf 91' lang='lat' dir='ltr'><strong>erit</strong></span> <span class='ocrx_word' id='word_1_122' title='bbox 1067 1906 1189 1960; x_wconf 79' lang='lat' dir='ltr'><strong>ﬁnis</strong></span> <span class='ocrx_word' id='word_1_123' title='bbox 1225 1923 1238 1959; x_wconf 88' lang='lat'><strong>:</strong></span> <span class='ocrx_word' id='word_1_124' title='bbox 1262 1916 1317 1959; x_wconf 91' lang='lat' dir='ltr'><strong>et</strong></span> <span class='ocrx_word' id='word_1_125' title='bbox 1347 1906 1399 1960; x_wconf 93' lang='lat' dir='ltr'><strong>in</strong></span> <span class='ocrx_word' id='word_1_126' title='bbox 1422 1907 1682 1976; x_wconf 87' lang='lat' dir='ltr'><strong>Spiritum</strong></span> 
     </span>
    </p>
   </div>
   <div class='ocr_carea' id='block_1_18' title="bbox 154 1996 1683 2058">
    <p class='ocr_par' dir='ltr' id='par_1_18' title="bbox 154 1996 1683 2058">
     <span class='ocr_line' id='line_1_18' title="bbox 154 1996 1683 2058; baseline 0.009 -13"><span class='ocrx_word' id='word_1_127' title='bbox 154 2003 334 2049; x_wconf 73' lang='lat' dir='ltr'><strong>sanctum</strong></span> <span class='ocrx_word' id='word_1_128' title='bbox 362 1996 628 2053; x_wconf 89' lang='lat' dir='ltr'><strong>Dominum</strong></span> <span class='ocrx_word' id='word_1_129' title='bbox 657 1999 1046 2054; x_wconf 86' lang='lat' dir='ltr'><strong>viviﬁcatorem</strong></span> <span class='ocrx_word' id='word_1_130' title='bbox 1078 1997 1104 2036; x_wconf 68' lang='grc' dir='ltr'><strong><em>ἀ</em></strong></span> <span class='ocrx_word' id='word_1_131' title='bbox 1131 2014 1199 2055; x_wconf 79' lang='lat' dir='ltr'><strong>ex</strong></span> <span class='ocrx_word' id='word_1_132' title='bbox 1248 1999 1407 2056; x_wconf 87' lang='lat' dir='ltr'><strong>Patre</strong></span> <span class='ocrx_word' id='word_1_133' title='bbox 1445 2010 1502 2055; x_wconf 88' lang='lat' dir='ltr'><strong>et</strong></span> <span class='ocrx_word' id='word_1_134' title='bbox 1544 1999 1683 2058; x_wconf 86' lang='lat' dir='ltr'><strong>Filio</strong></span> 
     </span>
    </p>
   </div>
   <div class='ocr_carea' id='block_1_19' title="bbox 157 2088 1682 2161">
    <p class='ocr_par' dir='ltr' id='par_1_19' title="bbox 157 2088 1682 2161">
     <span class='ocr_line' id='line_1_19' title="bbox 157 2088 1682 2161; baseline 0.005 -21"><span class='ocrx_word' id='word_1_135' title='bbox 157 2088 478 2157; x_wconf 83' lang='lat' dir='ltr'><strong>procedentem,</strong></span> <span class='ocrx_word' id='word_1_136' title='bbox 506 2107 625 2147; x_wconf 90' lang='lat' dir='ltr'><strong>cum</strong></span> <span class='ocrx_word' id='word_1_137' title='bbox 655 2094 819 2149; x_wconf 81' lang='lat' dir='ltr'><strong>Patre</strong></span> <span class='ocrx_word' id='word_1_138' title='bbox 842 2102 900 2148; x_wconf 88' lang='lat' dir='ltr'><strong>et</strong></span> <span class='ocrx_word' id='word_1_139' title='bbox 925 2092 1063 2147; x_wconf 81' lang='lat' dir='ltr'><strong>Filio</strong></span> <span class='ocrx_word' id='word_1_140' title='bbox 1083 2092 1421 2148; x_wconf 86' lang='lat' dir='ltr'><strong>adorandum</strong></span> <span class='ocrx_word' id='word_1_141' title='bbox 1442 2103 1497 2148; x_wconf 90' lang='lat' dir='ltr'><strong>et</strong></span> <span class='ocrx_word' id='word_1_142' title='bbox 1520 2093 1682 2161; x_wconf 88' lang='lat' dir='ltr'><strong>glori-</strong></span> 
     </span>
    </p>
   </div>
   <div class='ocr_carea' id='block_1_20' title="bbox 155 2180 1684 2259">
    <p class='ocr_par' dir='ltr' id='par_1_20' title="bbox 155 2180 1684 2259">
     <span class='ocr_line' id='line_1_20' title="bbox 155 2180 1684 2259; baseline 0.005 -26"><span class='ocrx_word' id='word_1_143' title='bbox 155 2180 378 2248; x_wconf 66' lang='lat' dir='ltr'><strong>litandum,</strong></span> <span class='ocrx_word' id='word_1_144' title='bbox 405 2186 486 2254; x_wconf 88' lang='lat' dir='ltr'><strong>qui</strong></span> <span class='ocrx_word' id='word_1_145' title='bbox 527 2186 743 2242; x_wconf 87' lang='lat' dir='ltr'><strong>locutus</strong></span> <span class='ocrx_word' id='word_1_146' title='bbox 789 2196 874 2242; x_wconf 85' lang='lat' dir='ltr'><strong>est</strong></span> <span class='ocrx_word' id='word_1_147' title='bbox 904 2202 1000 2256; x_wconf 91' lang='lat' dir='ltr'><strong>per</strong></span> <span class='ocrx_word' id='word_1_148' title='bbox 1045 2187 1380 2259; x_wconf 84' lang='lat' dir='ltr'><strong>prophetas:</strong></span> <span class='ocrx_word' id='word_1_149' title='bbox 1415 2187 1467 2241; x_wconf 92' lang='lat' dir='ltr'><strong>in</strong></span> <span class='ocrx_word' id='word_1_150' title='bbox 1520 2200 1684 2241; x_wconf 89' lang='lat' dir='ltr'><strong>unam</strong></span> 
     </span>
    </p>
   </div>
   <div class='ocr_carea' id='block_1_21' title="bbox 154 2275 1684 2350">
    <p class='ocr_par' dir='ltr' id='par_1_21' title="bbox 154 2275 1684 2350">
     <span class='ocr_line' id='line_1_21' title="bbox 154 2275 1684 2350; baseline 0.007 -26"><span class='ocrx_word' id='word_1_151' title='bbox 154 2275 400 2329; x_wconf 78' lang='lat' dir='ltr'><strong>catholicam</strong></span> <span class='ocrx_word' id='word_1_152' title='bbox 426 2287 576 2347; x_wconf 89' lang='lat' dir='ltr'><strong>atque</strong></span> <span class='ocrx_word' id='word_1_153' title='bbox 601 2279 958 2350; x_wconf 82' lang='lat' dir='ltr'><strong>apostolicam</strong></span> <span class='ocrx_word' id='word_1_154' title='bbox 993 2277 1288 2335; x_wconf 81' lang='lat' dir='ltr'><strong>Ecclesiam</strong></span> <span class='ocrx_word' id='word_1_155' title='bbox 1318 2296 1330 2332; x_wconf 87' lang='lat'><strong>:</strong></span> <span class='ocrx_word' id='word_1_156' title='bbox 1357 2280 1684 2335; x_wconf 81' lang='lat' dir='ltr'><strong>conﬁtemur</strong></span> 
     </span>
    </p>
   </div>
   <div class='ocr_carea' id='block_1_22' title="bbox 152 2369 1684 2441">
    <p class='ocr_par' dir='ltr' id='par_1_22' title="bbox 152 2369 1684 2441">
     <span class='ocr_line' id='line_1_22' title="bbox 152 2369 1684 2441; baseline 0.008 -25"><span class='ocrx_word' id='word_1_157' title='bbox 152 2378 270 2420; x_wconf 89' lang='lat' dir='ltr'><strong>unum</strong></span> <span class='ocrx_word' id='word_1_158' title='bbox 296 2369 526 2436; x_wconf 80' lang='lat' dir='ltr'><strong>baptisma</strong></span> <span class='ocrx_word' id='word_1_159' title='bbox 556 2372 609 2426; x_wconf 85' lang='lat' dir='ltr'><strong>in</strong></span> <span class='ocrx_word' id='word_1_160' title='bbox 642 2372 1026 2428; x_wconf 89' lang='lat' dir='ltr'><strong>remissionem</strong></span> <span class='ocrx_word' id='word_1_161' title='bbox 1059 2380 1401 2439; x_wconf 79' lang='lat' dir='ltr'><strong>peccatorum</strong></span> <span class='ocrx_word' id='word_1_162' title='bbox 1433 2389 1447 2426; x_wconf 88' lang='lat'><strong>:</strong></span> <span class='ocrx_word' id='word_1_163' title='bbox 1490 2386 1684 2441; x_wconf 73' lang='lat' dir='ltr'><strong>exspe—</strong></span> 
     </span>
    </p>
   </div>
   <div class='ocr_carea' id='block_1_23' title="bbox 152 2466 1683 2539">
    <p class='ocr_par' dir='ltr' id='par_1_23' title="bbox 152 2466 1683 2539">
     <span class='ocr_line' id='line_1_23' title="bbox 152 2466 1683 2539; baseline 0.01 -29"><span class='ocrx_word' id='word_1_164' title='bbox 152 2466 303 2515; x_wconf 80' lang='lat' dir='ltr'><strong>ctamus</strong></span> <span class='ocrx_word' id='word_1_165' title='bbox 328 2466 762 2523; x_wconf 81' lang='lat' dir='ltr'><strong>resurrectionem</strong></span> <span class='ocrx_word' id='word_1_166' title='bbox 794 2479 1155 2539; x_wconf 87' lang='lat' dir='ltr'><strong>mortuorum,</strong></span> <span class='ocrx_word' id='word_1_167' title='bbox 1186 2468 1350 2525; x_wconf 90' lang='lat' dir='ltr'><strong>vitam</strong></span> <span class='ocrx_word' id='word_1_168' title='bbox 1382 2468 1683 2525; x_wconf 58' lang='lat' dir='ltr'><strong>futuris:-</strong></span> 
     </span>
    </p>
   </div>
   <div class='ocr_carea' id='block_1_24' title="bbox 150 2552 423 2613">
    <p class='ocr_par' dir='ltr' id='par_1_24' title="bbox 150 2552 423 2613">
     <span class='ocr_line' id='line_1_24' title="bbox 150 2552 423 2613; baseline 0.037 -10"><span class='ocrx_word' id='word_1_169' title='bbox 150 2552 239 2607; x_wconf 77' lang='lat' dir='ltr'><strong>culi.</strong></span> <span class='ocrx_word' id='word_1_170' title='bbox 259 2558 423 2613; x_wconf 82' lang='lat' dir='ltr'><strong>Amen.</strong></span> 
     </span>
    </p>
   </div>
   <div class='ocr_carea' id='block_1_25' title="bbox 149 2668 1685 2795">
    <p class='ocr_par' dir='ltr' id='par_1_25' title="bbox 149 2668 1685 2795">
     <span class='ocr_line' id='line_1_25' title="bbox 200 2668 1685 2747; baseline 0.008 -25"><span class='ocrx_word' id='word_1_171' title='bbox 200 2668 334 2747; x_wconf 72' lang='lat'><strong>&#39;_.£.,</strong></span> <span class='ocrx_word' id='word_1_172' title='bbox 378 2672 429 2727; x_wconf 85' lang='grc' dir='ltr'><strong>Β.</strong></span> <span class='ocrx_word' id='word_1_173' title='bbox 456 2675 541 2742; x_wconf 87' lang='lat'><strong>8.,</strong></span> <span class='ocrx_word' id='word_1_174' title='bbox 573 2676 637 2732; x_wconf 82' lang='lat' dir='ltr'><strong>E.</strong></span> <span class='ocrx_word' id='word_1_175' title='bbox 682 2676 741 2745; x_wconf 77' lang='lat'><strong>&#39;5,</strong></span> <span class='ocrx_word' id='word_1_176' title='bbox 772 2676 834 2735; x_wconf 84' lang='grc' dir='ltr'><strong>Τ.</strong></span> <span class='ocrx_word' id='word_1_177' title='bbox 888 2678 943 2747; x_wconf 80' lang='grc' dir='ltr'><strong>Ι,</strong></span> <span class='ocrx_word' id='word_1_178' title='bbox 975 2679 1032 2745; x_wconf 73' lang='lat'><strong>2,</strong></span> <span class='ocrx_word' id='word_1_179' title='bbox 1065 2677 1156 2747; x_wconf 91' lang='lat' dir='ltr'><strong>U.,</strong></span> <span class='ocrx_word' id='word_1_180' title='bbox 1186 2678 1465 2735; x_wconf 84' lang='lat' dir='ltr'><strong>Dominum</strong></span> <span class='ocrx_word' id='word_1_181' title='bbox 1502 2679 1685 2736; x_wconf 72' lang='lat' dir='ltr'><strong>letum</strong></span> 
     </span>
     <span class='ocr_line' id='line_1_26' title="bbox 149 2735 358 2795; baseline 0.029 -6"><span class='ocrx_word' id='word_1_182' title='bbox 149 2735 358 2795; x_wconf 69' lang='lat' dir='ltr'><strong>amttam.</strong></span> 
     </span>
    </p>
   </div>
   <div class='ocr_carea' id='block_1_26' title="bbox 147 2808 1681 2949">
    <p class='ocr_par' dir='ltr' id='par_1_26' title="bbox 147 2808 1681 2949">
     <span class='ocr_line' id='line_1_27' title="bbox 147 2808 1681 2949; baseline 0.007 -83"><span class='ocrx_word' id='word_1_183' title='bbox 147 2808 329 2949; x_wconf 49' lang='grc' dir='ltr'><strong>μὲρῗξη</strong></span> <span class='ocrx_word' id='word_1_184' title='bbox 358 2815 437 2883; x_wconf 84' lang='lat' dir='ltr'><strong>U.,</strong></span> <span class='ocrx_word' id='word_1_185' title='bbox 461 2830 595 2888; x_wconf 64' lang='lat' dir='ltr'><strong>[acta</strong></span> <span class='ocrx_word' id='word_1_186' title='bbox 613 2831 738 2876; x_wconf 82' lang='lat' dir='ltr'><strong>sunt</strong></span> <span class='ocrx_word' id='word_1_187' title='bbox 765 2837 879 2890; x_wconf 74' lang='lat' dir='ltr'><strong>qua:</strong></span> <span class='ocrx_word' id='word_1_188' title='bbox 903 2822 957 2876; x_wconf 86' lang='lat' dir='ltr'><strong>in</strong></span> <span class='ocrx_word' id='word_1_189' title='bbox 979 2823 1103 2878; x_wconf 71' lang='lat' dir='ltr'><strong>uelo</strong></span> <span class='ocrx_word' id='word_1_190' title='bbox 1122 2831 1169 2878; x_wconf 84' lang='lat' dir='ltr'><strong>et</strong></span> <span class='ocrx_word' id='word_1_191' title='bbox 1189 2838 1303 2893; x_wconf 66' lang='lat' dir='ltr'><strong>quia</strong></span> <span class='ocrx_word' id='word_1_192' title='bbox 1322 2824 1373 2878; x_wconf 86' lang='lat' dir='ltr'><strong>in</strong></span> <span class='ocrx_word' id='word_1_193' title='bbox 1402 2832 1562 2891; x_wconf 79' lang='lat' dir='ltr'><strong>terra,</strong></span> <span class='ocrx_word' id='word_1_194' title='bbox 1591 2822 1681 2892; x_wconf 86' lang='lat' dir='ltr'><strong>qui</strong></span> 
     </span>
    </p>
   </div>
   <div class='ocr_carea' id='block_1_27' title="bbox 198 2924 1535 3028">
    <p class='ocr_par' dir='ltr' id='par_1_27' title="bbox 198 2924 1535 3028">
     <span class='ocr_line' id='line_1_28' title="bbox 198 2924 1535 3028; baseline 0.005 -15"><span class='ocrx_word' id='word_1_195' title='bbox 356 2956 409 3013; x_wconf 84' lang='grc' dir='ltr'><strong>Β.</strong></span> <span class='ocrx_word' id='word_1_196' title='bbox 441 2958 527 3027; x_wconf 92' lang='lat'><strong>8.,</strong></span> <span class='ocrx_word' id='word_1_197' title='bbox 548 2960 611 3015; x_wconf 88' lang='lat' dir='ltr'><strong>T.</strong></span> <span class='ocrx_word' id='word_1_198' title='bbox 651 2964 707 3027; x_wconf 78' lang='grc'><strong>1,</strong></span> <span class='ocrx_word' id='word_1_199' title='bbox 743 2961 799 3027; x_wconf 71' lang='grc'><strong>2,</strong></span> <span class='ocrx_word' id='word_1_200' title='bbox 836 2962 925 3028; x_wconf 77' lang='lat' dir='ltr'><strong>U.,</strong></span> <span class='ocrx_word' id='word_1_201' title='bbox 956 2966 1023 3019; x_wconf 83' lang='lat' dir='ltr'><strong>ad</strong></span> <span class='ocrx_word' id='word_1_202' title='bbox 1045 2966 1308 3019; x_wconf 70' lang='lat' dir='ltr'><strong>dexteram</strong></span> <span class='ocrx_word' id='word_1_203' title='bbox 1342 2964 1535 3020; x_wconf 80' lang='lat' dir='ltr'><strong>Patria.</strong></span> 
     </span>
    </p>
   </div>
   <div class='ocr_carea' id='block_1_28' title="bbox 144 3020 1680 3149">
    <p class='ocr_par' dir='ltr' id='par_1_28' title="bbox 144 3020 1680 3149">
     <span class='ocr_line' id='line_1_29' title="bbox 144 3020 1680 3149; baseline 0.007 -68"><span class='ocrx_word' id='word_1_204' title='bbox 144 3020 327 3149; x_wconf 41' lang='lat' dir='ltr'><strong>“illi”</strong></span> <span class='ocrx_word' id='word_1_205' title='bbox 360 3030 413 3084; x_wconf 84' lang='grc' dir='ltr'><strong>Β.</strong></span> <span class='ocrx_word' id='word_1_206' title='bbox 446 3020 532 3097; x_wconf 61' lang='lat'><strong>8.,</strong></span> <span class='ocrx_word' id='word_1_207' title='bbox 556 3020 839 3089; x_wconf 67' lang='lat' dir='ltr'><strong>hominum</strong></span> <span class='ocrx_word' id='word_1_208' title='bbox 859 3020 1293 3105; x_wconf 17' lang='lat' dir='ltr'><strong>ett-vivificantem.</strong></span> <span class='ocrx_word' id='word_1_209' title='bbox 1322 3035 1413 3103; x_wconf 84' lang='lat' dir='ltr'><strong>U.,</strong></span> <span class='ocrx_word' id='word_1_210' title='bbox 1447 3048 1494 3090; x_wconf 84' lang='lat' dir='ltr'><strong>et</strong></span> <span class='ocrx_word' id='word_1_211' title='bbox 1516 3037 1680 3106; x_wconf 76' lang='lat' dir='ltr'><strong>viviﬁ-</strong></span> 
     </span>
    </p>
   </div>
   <div class='ocr_carea' id='block_1_29' title="bbox 613 415 2882 486">
    <p class='ocr_par' dir='ltr' id='par_1_29' title="bbox 613 415 2882 486">
     <span class='ocr_line' id='line_1_30' title="bbox 613 415 2882 486; baseline -0.005 -1"><span class='ocrx_word' id='word_1_212' title='bbox 613 425 1021 486; x_wconf 64' lang='lat' dir='ltr'><strong>GRECORUM</strong></span> <span class='ocrx_word' id='word_1_213' title='bbox 1060 422 1402 483; x_wconf 73' lang='lat' dir='ltr'><strong>CONCILM.</strong></span> <span class='ocrx_word' id='word_1_214' title='bbox 1446 451 1514 466; x_wconf 91' lang='grc'><strong>--</strong></span> <span class='ocrx_word' id='word_1_215' title='bbox 1556 419 2446 481; x_wconf 64' lang='lat' dir='ltr'><strong>CONSTANTINOPOLI&#39;I‘ANUM</strong></span> <span class='ocrx_word' id='word_1_216' title='bbox 2486 415 2882 476; x_wconf 72' lang='lat' dir='ltr'><strong>SECUNDUM.</strong></span> 
     </span>
    </p>
   </div>
   <div class='ocr_carea' id='block_1_30' title="bbox 3286 414 3391 474">
    <p class='ocr_par' dir='ltr' id='par_1_30' title="bbox 3286 414 3391 474">
     <span class='ocr_line' id='line_1_31' title="bbox 3286 414 3391 474; baseline 0.019 -1"><span class='ocrx_word' id='word_1_217' title='bbox 3286 414 3391 474; x_wconf 67' lang='lat'><strong>138</strong></span> 
     </span>
    </p>
   </div>
   <div class='ocr_carea' id='block_1_31' title="bbox 2232 534 2943 605">
    <p class='ocr_par' dir='ltr' id='par_1_31' title="bbox 2232 534 2943 605">
     <span class='ocr_line' id='line_1_32' title="bbox 2232 534 2943 605; baseline 0.001 -16"><span class='ocrx_word' id='word_1_218' title='bbox 2232 534 2461 589; x_wconf 83' lang='lat' dir='ltr'><strong>Nomina</strong></span> <span class='ocrx_word' id='word_1_219' title='bbox 2483 535 2836 605; x_wconf 76' lang='lat' dir='ltr'><strong>episwporum</strong></span> <span class='ocrx_word' id='word_1_220' title='bbox 2854 547 2943 590; x_wconf 77' lang='grc' dir='ltr'><strong>α..</strong></span> 
     </span>
    </p>
   </div>
   <div class='ocr_carea' id='block_1_32' title="bbox 1786 652 2746 721">
    <p class='ocr_par' dir='ltr' id='par_1_32' title="bbox 1786 652 2746 721">
     <span class='ocr_line' id='line_1_33' title="bbox 1786 652 2746 721; baseline -0.005 -9"><span class='ocrx_word' id='word_1_221' title='bbox 1786 654 2068 712; x_wconf 78' lang='lat' dir='ltr'><strong>Nectarius</strong></span> <span class='ocrx_word' id='word_1_222' title='bbox 2097 652 2746 721; x_wconf 81' lang='lat' dir='ltr'><strong>Cunstantinopolitanus.</strong></span> 
     </span>
    </p>
   </div>
   <div class='ocr_carea' id='block_1_33' title="bbox 1786 744 2500 805">
    <p class='ocr_par' dir='ltr' id='par_1_33' title="bbox 1786 744 2500 805">
     <span class='ocr_line' id='line_1_34' title="bbox 1786 744 2500 805; baseline -0.011 0"><span class='ocrx_word' id='word_1_223' title='bbox 1786 747 2104 805; x_wconf 90' lang='lat' dir='ltr'><strong>Timotheus</strong></span> <span class='ocrx_word' id='word_1_224' title='bbox 2136 744 2500 802; x_wconf 68' lang='lat' dir='ltr'><strong>Alexandriae.</strong></span> 
     </span>
    </p>
   </div>
   <div class='ocr_carea' id='block_1_34' title="bbox 1787 836 2507 898">
    <p class='ocr_par' dir='ltr' id='par_1_34' title="bbox 1787 836 2507 898">
     <span class='ocr_line' id='line_1_35' title="bbox 1787 836 2507 898; baseline -0.011 0"><span class='ocrx_word' id='word_1_225' title='bbox 1787 841 2094 898; x_wconf 88' lang='lat' dir='ltr'><strong>Dorotbeus</strong></span> <span class='ocrx_word' id='word_1_226' title='bbox 2122 840 2192 894; x_wconf 84' lang='lat' dir='ltr'><strong>ab</strong></span> <span class='ocrx_word' id='word_1_227' title='bbox 2217 836 2507 895; x_wconf 79' lang='lat' dir='ltr'><strong>Oxorinco.</strong></span> 
     </span>
    </p>
   </div>
   <div class='ocr_carea' id='block_1_35' title="bbox 1789 931 2597 1009">
    <p class='ocr_par' dir='ltr' id='par_1_35' title="bbox 1789 931 2597 1009">
     <span class='ocr_line' id='line_1_36' title="bbox 1789 931 2597 1009; baseline -0.005 -18"><span class='ocrx_word' id='word_1_228' title='bbox 1789 933 2023 1009; x_wconf 82' lang='lat' dir='ltr'><strong>Cyrillus</strong></span> <span class='ocrx_word' id='word_1_229' title='bbox 2051 931 2597 1002; x_wconf 75' lang='lat' dir='ltr'><strong>Hierosolymitanus.</strong></span> 
     </span>
    </p>
   </div>
   <div class='ocr_carea' id='block_1_36' title="bbox 1792 1024 2433 1083">
    <p class='ocr_par' dir='ltr' id='par_1_36' title="bbox 1792 1024 2433 1083">
     <span class='ocr_line' id='line_1_37' title="bbox 1792 1024 2433 1083; baseline -0.003 -2"><span class='ocrx_word' id='word_1_230' title='bbox 1792 1027 2036 1083; x_wconf 85' lang='lat' dir='ltr'><strong>Galasius</strong></span> <span class='ocrx_word' id='word_1_231' title='bbox 2063 1024 2433 1081; x_wconf 65' lang='lat' dir='ltr'><strong>Casariensis.</strong></span> 
     </span>
    </p>
   </div>
   <div class='ocr_carea' id='block_1_37' title="bbox 1790 1124 2423 1182">
    <p class='ocr_par' dir='ltr' id='par_1_37' title="bbox 1790 1124 2423 1182">
     <span class='ocr_line' id='line_1_38' title="bbox 1790 1124 2423 1182; baseline -0.005 -1"><span class='ocrx_word' id='word_1_232' title='bbox 1790 1125 2009 1182; x_wconf 74' lang='lat' dir='ltr'><strong>Macher</strong></span> <span class='ocrx_word' id='word_1_233' title='bbox 2036 1124 2423 1182; x_wconf 86' lang='lat' dir='ltr'><strong>Hiericuntius.</strong></span> 
     </span>
    </p>
   </div>
   <div class='ocr_carea' id='block_1_38' title="bbox 1794 1218 2532 1291">
    <p class='ocr_par' dir='ltr' id='par_1_38' title="bbox 1794 1218 2532 1291">
     <span class='ocr_line' id='line_1_39' title="bbox 1794 1218 2532 1291; baseline -0.005 -16"><span class='ocrx_word' id='word_1_234' title='bbox 1794 1220 2080 1291; x_wconf 84' lang='lat' dir='ltr'><strong>Dionysius</strong></span> <span class='ocrx_word' id='word_1_235' title='bbox 2105 1218 2532 1288; x_wconf 84' lang='lat' dir='ltr'><strong>Diospolitanus.</strong></span> 
     </span>
    </p>
   </div>
   <div class='ocr_carea' id='block_1_39' title="bbox 1790 1310 2557 1381">
    <p class='ocr_par' dir='ltr' id='par_1_39' title="bbox 1790 1310 2557 1381">
     <span class='ocr_line' id='line_1_40' title="bbox 1790 1310 2557 1381; baseline -0.012 -10"><span class='ocrx_word' id='word_1_236' title='bbox 1790 1311 2099 1371; x_wconf 83' lang='lat' dir='ltr'><strong>Priscianus</strong></span> <span class='ocrx_word' id='word_1_237' title='bbox 2131 1310 2557 1381; x_wconf 73' lang='lat' dir='ltr'><strong>Nicopolitanus.</strong></span> 
     </span>
    </p>
   </div>
   <div class='ocr_carea' id='block_1_40' title="bbox 1790 1404 2513 1465">
    <p class='ocr_par' dir='ltr' id='par_1_40' title="bbox 1790 1404 2513 1465">
     <span class='ocr_line' id='line_1_41' title="bbox 1790 1404 2513 1465; baseline -0.014 0"><span class='ocrx_word' id='word_1_238' title='bbox 1790 1407 2114 1465; x_wconf 75' lang='lat' dir='ltr'><strong>Saturninus</strong></span> <span class='ocrx_word' id='word_1_239' title='bbox 2140 1404 2513 1461; x_wconf 85' lang='lat' dir='ltr'><strong>Sebastianus.</strong></span> 
     </span>
    </p>
   </div>
   <div class='ocr_carea' id='block_1_41' title="bbox 1789 1496 2450 1555">
    <p class='ocr_par' dir='ltr' id='par_1_41' title="bbox 1789 1496 2450 1555">
     <span class='ocr_line' id='line_1_42' title="bbox 1789 1496 2450 1555; baseline -0.008 0"><span class='ocrx_word' id='word_1_240' title='bbox 1789 1501 2085 1555; x_wconf 82' lang='lat' dir='ltr'><strong>Ausentius</strong></span> <span class='ocrx_word' id='word_1_241' title='bbox 2117 1496 2450 1553; x_wconf 79' lang='lat' dir='ltr'><strong>Ascalonita.</strong></span> 
     </span>
    </p>
   </div>
   <div class='ocr_carea' id='block_1_42' title="bbox 1790 1588 2499 1647">
    <p class='ocr_par' dir='ltr' id='par_1_42' title="bbox 1790 1588 2499 1647">
     <span class='ocr_line' id='line_1_43' title="bbox 1790 1588 2499 1647; baseline -0.006 -1"><span class='ocrx_word' id='word_1_242' title='bbox 1790 1590 2046 1647; x_wconf 85' lang='lat' dir='ltr'><strong>Helianus</strong></span> <span class='ocrx_word' id='word_1_243' title='bbox 2074 1590 2117 1644; x_wconf 86' lang='grc' dir='ltr'>Τ</span> <span class='ocrx_word' id='word_1_244' title='bbox 2120 1588 2414 1644; x_wconf 88' lang='lat' dir='ltr'><strong>amuiensis</strong></span> <span class='ocrx_word' id='word_1_245' title='bbox 2452 1595 2499 1643; x_wconf 72' lang='grc' dir='ltr'><strong>ε.</strong></span> 
     </span>
    </p>
   </div>
   <div class='ocr_carea' id='block_1_43' title="bbox 1791 1682 2217 1752">
    <p class='ocr_par' dir='ltr' id='par_1_43' title="bbox 1791 1682 2217 1752">
     <span class='ocr_line' id='line_1_44' title="bbox 1791 1682 2217 1752; baseline -0.005 -15"><span class='ocrx_word' id='word_1_246' title='bbox 1791 1683 1973 1739; x_wconf 78' lang='lat' dir='ltr'><strong>Zenon</strong></span> <span class='ocrx_word' id='word_1_247' title='bbox 2006 1682 2217 1752; x_wconf 82' lang='lat' dir='ltr'><strong>Tyrius.</strong></span> 
     </span>
    </p>
   </div>
   <div class='ocr_carea' id='block_1_44' title="bbox 1790 1767 2877 1845">
    <p class='ocr_par' dir='ltr' id='par_1_44' title="bbox 1790 1767 2877 1845">
     <span class='ocr_line' id='line_1_45' title="bbox 1790 1767 2877 1845; baseline -0.007 -13"><span class='ocrx_word' id='word_1_248' title='bbox 1790 1776 1987 1832; x_wconf 87' lang='lat' dir='ltr'><strong>Paulus</strong></span> <span class='ocrx_word' id='word_1_249' title='bbox 2006 1774 2344 1832; x_wconf 88' lang='lat' dir='ltr'><strong>Sidoniensis</strong></span> <span class='ocrx_word' id='word_1_250' title='bbox 2373 1772 2489 1845; x_wconf 70' lang='lat' dir='ltr'><strong>[U.,</strong></span> <span class='ocrx_word' id='word_1_251' title='bbox 2513 1767 2877 1840; x_wconf 80' lang='lat' dir='ltr'><strong>Sidouensisj.</strong></span> 
     </span>
    </p>
   </div>
   <div class='ocr_carea' id='block_1_45' title="bbox 1791 1864 2494 1922">
    <p class='ocr_par' dir='ltr' id='par_1_45' title="bbox 1791 1864 2494 1922">
     <span class='ocr_line' id='line_1_46' title="bbox 1791 1864 2494 1922; baseline -0.004 -1"><span class='ocrx_word' id='word_1_252' title='bbox 1791 1867 2055 1922; x_wconf 69' lang='lat' dir='ltr'><strong>Nestabus</strong></span> <span class='ocrx_word' id='word_1_253' title='bbox 2085 1883 2114 1921; x_wconf 88' lang='lat' dir='ltr'><strong>a</strong></span> <span class='ocrx_word' id='word_1_254' title='bbox 2140 1864 2494 1921; x_wconf 86' lang='lat' dir='ltr'><strong>Ptolemaide.</strong></span> 
     </span>
    </p>
   </div>
   <div class='ocr_carea' id='block_1_46' title="bbox 1710 1942 2491 2030">
    <p class='ocr_par' dir='ltr' id='par_1_46' title="bbox 1710 1942 2491 2030">
     <span class='ocr_line' id='line_1_47' title="bbox 1710 1942 2491 2030; baseline -0.008 -14"><span class='ocrx_word' id='word_1_255' title='bbox 1710 1942 1761 2005; x_wconf 76' lang='grc' dir='ltr'><strong>Β</strong></span> <span class='ocrx_word' id='word_1_256' title='bbox 1790 1959 2069 2030; x_wconf 83' lang='lat' dir='ltr'><strong>Philippus</strong></span> <span class='ocrx_word' id='word_1_257' title='bbox 2103 1961 2491 2013; x_wconf 86' lang='lat' dir='ltr'><strong>Damascenus.</strong></span> 
     </span>
    </p>
   </div>
   <div class='ocr_carea' id='block_1_47' title="bbox 1791 2041 3073 2122">
    <p class='ocr_par' dir='ltr' id='par_1_47' title="bbox 1791 2041 3073 2122">
     <span class='ocr_line' id='line_1_48' title="bbox 1791 2041 3073 2122; baseline -0.007 -16"><span class='ocrx_word' id='word_1_258' title='bbox 1791 2051 2026 2107; x_wconf 87' lang='lat' dir='ltr'><strong>Beracus</strong></span> <span class='ocrx_word' id='word_1_259' title='bbox 2059 2047 2077 2087; x_wconf 67' lang='grc' dir='ltr'><em>τ</em></span> <span class='ocrx_word' id='word_1_260' title='bbox 2113 2048 2458 2106; x_wconf 87' lang='lat' dir='ltr'><strong>Paleadensis</strong></span> <span class='ocrx_word' id='word_1_261' title='bbox 2490 2047 2577 2122; x_wconf 77' lang='grc' dir='ltr'><strong>[Τ.</strong></span> <span class='ocrx_word' id='word_1_262' title='bbox 2609 2046 2665 2113; x_wconf 67' lang='grc'><strong>2,</strong></span> <span class='ocrx_word' id='word_1_263' title='bbox 2708 2041 3073 2116; x_wconf 83' lang='lat' dir='ltr'><strong>Piliadensis].</strong></span> 
     </span>
    </p>
   </div>
   <div class='ocr_carea' id='block_1_48' title="bbox 1792 2144 2412 2216">
    <p class='ocr_par' dir='ltr' id='par_1_48' title="bbox 1792 2144 2412 2216">
     <span class='ocr_line' id='line_1_49' title="bbox 1792 2144 2412 2216; baseline -0.003 -15"><span class='ocrx_word' id='word_1_264' title='bbox 1792 2144 2109 2201; x_wconf 84' lang='lat' dir='ltr'><strong>Timotheus</strong></span> <span class='ocrx_word' id='word_1_265' title='bbox 2143 2144 2412 2216; x_wconf 85' lang='lat' dir='ltr'><strong>Berytius.</strong></span> 
     </span>
    </p>
   </div>
   <div class='ocr_carea' id='block_1_49' title="bbox 1792 2236 2338 2293">
    <p class='ocr_par' dir='ltr' id='par_1_49' title="bbox 1792 2236 2338 2293">
     <span class='ocr_line' id='line_1_50' title="bbox 1792 2236 2338 2293; baseline -0.002 -1"><span class='ocrx_word' id='word_1_266' title='bbox 1792 2237 2057 2293; x_wconf 83' lang='lat' dir='ltr'><strong>Basilides</strong></span> <span class='ocrx_word' id='word_1_267' title='bbox 2083 2236 2153 2291; x_wconf 90' lang='lat' dir='ltr'><strong>ab</strong></span> <span class='ocrx_word' id='word_1_268' title='bbox 2186 2236 2338 2292; x_wconf 81' lang='lat' dir='ltr'><strong>lbbo.</strong></span> 
     </span>
    </p>
   </div>
   <div class='ocr_carea' id='block_1_50' title="bbox 1794 2327 2392 2385">
    <p class='ocr_par' dir='ltr' id='par_1_50' title="bbox 1794 2327 2392 2385">
     <span class='ocr_line' id='line_1_51' title="bbox 1794 2327 2392 2385; baseline -0.008 0"><span class='ocrx_word' id='word_1_269' title='bbox 1794 2329 1985 2385; x_wconf 83' lang='lat' dir='ltr'><strong>Mocim</strong></span> <span class='ocrx_word' id='word_1_270' title='bbox 1995 2345 2056 2384; x_wconf 87' lang='lat' dir='ltr'><strong>us</strong></span> <span class='ocrx_word' id='word_1_271' title='bbox 2080 2327 2392 2384; x_wconf 82' lang='lat' dir='ltr'><strong>Aradeusis.</strong></span> 
     </span>
    </p>
   </div>
   <div class='ocr_carea' id='block_1_51' title="bbox 1788 2423 2309 2482">
    <p class='ocr_par' dir='ltr' id='par_1_51' title="bbox 1788 2423 2309 2482">
     <span class='ocr_line' id='line_1_52' title="bbox 1788 2423 2309 2482; baseline -0.01 0"><span class='ocrx_word' id='word_1_272' title='bbox 1788 2424 1863 2482; x_wconf 80' lang='lat' dir='ltr'><strong>Et</strong></span> <span class='ocrx_word' id='word_1_273' title='bbox 1890 2423 2072 2481; x_wconf 70' lang='lat' dir='ltr'><strong>caeteri</strong></span> <span class='ocrx_word' id='word_1_274' title='bbox 2093 2437 2236 2481; x_wconf 79' lang='lat' dir='ltr'><strong>eux</strong></span> <span class='ocrx_word' id='word_1_275' title='bbox 2258 2431 2309 2477; x_wconf 77' lang='lat' dir='ltr'><strong>l.</strong></span> 
     </span>
    </p>
   </div>
   <div class='ocr_carea' id='block_1_52' title="bbox 1870 2671 2894 2747">
    <p class='ocr_par' dir='ltr' id='par_1_52' title="bbox 1870 2671 2894 2747">
     <span class='ocr_line' id='line_1_53' title="bbox 1870 2671 2894 2747; baseline -0.008 -12"><span class='ocrx_word' id='word_1_276' title='bbox 1870 2689 1895 2718; x_wconf 77' lang='lat'><strong><em>°</em></strong></span> <span class='ocrx_word' id='word_1_277' title='bbox 1923 2676 2045 2747; x_wconf 69' lang='lat'><strong>18.,</strong></span> <span class='ocrx_word' id='word_1_278' title='bbox 2074 2677 2136 2733; x_wconf 86' lang='grc' dir='ltr'><strong>Β.</strong></span> <span class='ocrx_word' id='word_1_279' title='bbox 2166 2675 2256 2741; x_wconf 88' lang='lat'><strong>8.,</strong></span> <span class='ocrx_word' id='word_1_280' title='bbox 2288 2674 2355 2731; x_wconf 87' lang='lat' dir='ltr'><strong>T.</strong></span> <span class='ocrx_word' id='word_1_281' title='bbox 2385 2675 2439 2741; x_wconf 79' lang='lat' dir='ltr'><strong>l,</strong></span> <span class='ocrx_word' id='word_1_282' title='bbox 2469 2673 2524 2743; x_wconf 69' lang='lat'><strong>2,</strong></span> <span class='ocrx_word' id='word_1_283' title='bbox 2556 2671 2894 2747; x_wconf 55' lang='lat' dir='ltr'><strong>{antniensim</strong></span> 
     </span>
    </p>
   </div>
   <div class='ocr_carea' id='block_1_53' title="bbox 1871 2743 2828 2817">
    <p class='ocr_par' dir='ltr' id='par_1_53' title="bbox 1871 2743 2828 2817">
     <span class='ocr_line' id='line_1_54' title="bbox 1871 2743 2828 2817; baseline -0.007 -11"><span class='ocrx_word' id='word_1_284' title='bbox 1871 2750 1891 2789; x_wconf 71' lang='grc' dir='ltr'>ί</span> <span class='ocrx_word' id='word_1_285' title='bbox 1924 2743 2041 2817; x_wconf 58' lang='lat'><strong>.18.,</strong></span> <span class='ocrx_word' id='word_1_286' title='bbox 2072 2747 2326 2803; x_wconf 81' lang='lat' dir='ltr'><strong>Baracus.</strong></span> <span class='ocrx_word' id='word_1_287' title='bbox 2348 2747 2410 2803; x_wconf 91' lang='grc' dir='ltr'><strong>Β.</strong></span> <span class='ocrx_word' id='word_1_288' title='bbox 2432 2747 2523 2809; x_wconf 91' lang='lat'><strong>8.,</strong></span> <span class='ocrx_word' id='word_1_289' title='bbox 2552 2743 2828 2799; x_wconf 78' lang='lat' dir='ltr'><strong>Baracius.</strong></span> 
     </span>
    </p>
   </div>
   <div class='ocr_carea' id='block_1_54' title="bbox 1867 2815 3408 2891">
    <p class='ocr_par' dir='ltr' id='par_1_54' title="bbox 1867 2815 3408 2891">
     <span class='ocr_line' id='line_1_55' title="bbox 1867 2815 3408 2891; baseline -0.005 -15"><span class='ocrx_word' id='word_1_290' title='bbox 1867 2832 1892 2869; x_wconf 74' lang='grc' dir='ltr'><strong>ι</strong></span> <span class='ocrx_word' id='word_1_291' title='bbox 1926 2815 2059 2876; x_wconf 87' lang='lat' dir='ltr'><strong>Cum</strong></span> <span class='ocrx_word' id='word_1_292' title='bbox 2090 2820 2331 2891; x_wconf 82' lang='lat' dir='ltr'><strong>episcopi</strong></span> <span class='ocrx_word' id='word_1_293' title='bbox 2360 2834 2426 2875; x_wconf 84' lang='lat' dir='ltr'><strong>et.</strong></span> <span class='ocrx_word' id='word_1_294' title='bbox 2459 2818 2581 2891; x_wconf 83' lang='lat' dir='ltr'><strong>huic</strong></span> <span class='ocrx_word' id='word_1_295' title='bbox 2613 2815 3227 2891; x_wconf 8' lang='lat' dir='ltr'><strong>interfuerintgconcilio,</strong></span> <span class='ocrx_word' id='word_1_296' title='bbox 3248 2826 3408 2891; x_wconf 81' lang='lat' dir='ltr'><strong>unius</strong></span> 
     </span>
    </p>
   </div>
   <div class='ocr_carea' id='block_1_55' title="bbox 1791 2884 3409 2957">
    <p class='ocr_par' dir='ltr' id='par_1_55' title="bbox 1791 2884 3409 2957">
     <span class='ocr_line' id='line_1_56' title="bbox 1791 2884 3409 2957; baseline -0.004 -10"><span class='ocrx_word' id='word_1_297' title='bbox 1791 2894 1945 2950; x_wconf 82' lang='lat' dir='ltr'><strong>deest</strong></span> <span class='ocrx_word' id='word_1_298' title='bbox 1997 2884 2195 2947; x_wconf 77' lang='lat' dir='ltr'><strong>nomen</strong></span> <span class='ocrx_word' id='word_1_299' title='bbox 2245 2884 2298 2946; x_wconf 79' lang='lat' dir='ltr'><strong>in</strong></span> <span class='ocrx_word' id='word_1_300' title='bbox 2350 2890 2813 2957; x_wconf 83' lang='lat' dir='ltr'><strong>subscriptinnum</strong></span> <span class='ocrx_word' id='word_1_301' title='bbox 2844 2884 3409 2957; x_wconf 83' lang='lat' dir='ltr'><strong>eatalogo,slquidettt</strong></span> 
     </span>
    </p>
   </div>
   <div class='ocr_carea' id='block_1_56' title="bbox 1791 2958 3407 3025">
    <p class='ocr_par' dir='ltr' id='par_1_56' title="bbox 1791 2958 3407 3025">
     <span class='ocr_line' id='line_1_57' title="bbox 1791 2958 3407 3025; baseline -0.006 -6"><span class='ocrx_word' id='word_1_302' title='bbox 1791 2981 1879 3019; x_wconf 77' lang='lat' dir='ltr'><strong>xu</strong></span> <span class='ocrx_word' id='word_1_303' title='bbox 1930 2972 2136 3018; x_wconf 86' lang='lat' dir='ltr'><strong>tantum</strong></span> <span class='ocrx_word' id='word_1_304' title='bbox 2167 2964 2221 3017; x_wconf 92' lang='lat' dir='ltr'><strong>in</strong></span> <span class='ocrx_word' id='word_1_305' title='bbox 2271 2978 2338 3016; x_wconf 86' lang='lat' dir='ltr'><strong>eo</strong></span> <span class='ocrx_word' id='word_1_306' title='bbox 2380 2960 2597 3014; x_wconf 63' lang='lat' dir='ltr'><strong>nomine</strong></span> <span class='ocrx_word' id='word_1_307' title='bbox 2633 2968 3051 3023; x_wconf 85' lang='lat' dir='ltr'><strong>recenseantur;</strong></span> <span class='ocrx_word' id='word_1_308' title='bbox 3095 2958 3281 3025; x_wconf 88' lang='lat' dir='ltr'><strong>viginti</strong></span> <span class='ocrx_word' id='word_1_309' title='bbox 3309 2970 3407 3010; x_wconf 81' lang='lat' dir='ltr'><strong>uu-</strong></span> 
     </span>
    </p>
   </div>
   <div class='ocr_carea' id='block_1_57' title="bbox 1791 3026 3408 3097">
    <p class='ocr_par' dir='ltr' id='par_1_57' title="bbox 1791 3026 3408 3097">
     <span class='ocr_line' id='line_1_58' title="bbox 1791 3026 3408 3097; baseline -0.005 -8"><span class='ocrx_word' id='word_1_310' title='bbox 1791 3044 1899 3089; x_wconf 75' lang='lat' dir='ltr'><strong>tem</strong></span> <span class='ocrx_word' id='word_1_311' title='bbox 1927 3034 2197 3089; x_wconf 85' lang='lat' dir='ltr'><strong>conscribi</strong></span> <span class='ocrx_word' id='word_1_312' title='bbox 2226 3034 2526 3089; x_wconf 85' lang='lat' dir='ltr'><strong>debuerant</strong></span> <span class='ocrx_word' id='word_1_313' title='bbox 2556 3030 2768 3097; x_wconf 88' lang='lat' dir='ltr'><strong>Patres,</strong></span> <span class='ocrx_word' id='word_1_314' title='bbox 2807 3038 2865 3085; x_wconf 89' lang='lat' dir='ltr'><strong>ut</strong></span> <span class='ocrx_word' id='word_1_315' title='bbox 2887 3030 3012 3085; x_wconf 86' lang='lat' dir='ltr'><strong>aliis</strong></span> <span class='ocrx_word' id='word_1_316' title='bbox 3040 3044 3183 3085; x_wconf 73' lang='grc' dir='ltr'><strong>ωαχ</strong></span> <span class='ocrx_word' id='word_1_317' title='bbox 3215 3026 3408 3083; x_wconf 85' lang='lat' dir='ltr'><strong>sociati</strong></span> 
     </span>
    </p>
   </div>
   <div class='ocr_carea' id='block_1_58' title="bbox 1791 3106 2548 3176">
    <p class='ocr_par' dir='ltr' id='par_1_58' title="bbox 1791 3106 2548 3176">
     <span class='ocr_line' id='line_1_59' title="bbox 1791 3106 2548 3176; baseline -0.005 -15"><span class='ocrx_word' id='word_1_318' title='bbox 1791 3121 2074 3161; x_wconf 86' lang='lat' dir='ltr'><strong>numerum</strong></span> <span class='ocrx_word' id='word_1_319' title='bbox 2106 3120 2157 3160; x_wconf 88' lang='lat' dir='ltr'><strong>Cl</strong></span> <span class='ocrx_word' id='word_1_320' title='bbox 2187 3106 2548 3176; x_wconf 87' lang='lat' dir='ltr'><strong>complerent.</strong></span> 
     </span>
    </p>
   </div>
   <div class='ocr_carea' id='block_1_59' title="bbox 145 3239 2483 3270">
    <p class='ocr_par' dir='ltr' id='par_1_59' title="bbox 145 3239 2483 3270">
     <span class='ocr_line' id='line_1_60' title="bbox 145 3239 2483 3270; baseline 0.003 -14"><span class='ocrx_word' id='word_1_321' title='bbox 145 3239 2483 3270; x_wconf 70' lang='lat'><strong>-________________________________</strong></span> 
     </span>
    </p>
   </div>
   <div class='ocr_carea' id='block_1_60' title="bbox 1693 3364 1810 3439">
    <p class='ocr_par' dir='ltr' id='par_1_60' title="bbox 1693 3364 1810 3439">
     <span class='ocr_line' id='line_1_61' title="bbox 1693 3364 1810 3439; baseline -0.009 0"><span class='ocrx_word' id='word_1_322' title='bbox 1693 3364 1810 3439; x_wconf 84' lang='lat' dir='ltr'><strong>IX</strong></span> 
     </span>
    </p>
   </div>
   <div class='ocr_carea' id='block_1_61' title="bbox 550 3525 2921 3623">
    <p class='ocr_par' dir='ltr' id='par_1_61' title="bbox 550 3525 2921 3623">
     <span class='ocr_line' id='line_1_62' title="bbox 550 3525 2921 3623; baseline -0.005 -9"><span class='ocrx_word' id='word_1_323' title='bbox 550 3526 1235 3623; x_wconf 79' lang='lat' dir='ltr'><strong>CONCILIUM</strong></span> <span class='ocrx_word' id='word_1_324' title='bbox 1310 3525 2921 3618; x_wconf 79' lang='lat' dir='ltr'><strong>CONSTANTINOPOLITANUM.</strong></span> 
     </span>
    </p>
   </div>
   <div class='ocr_carea' id='block_1_62' title="bbox 196 3701 1683 3765">
    <p class='ocr_par' dir='ltr' id='par_1_62' title="bbox 196 3701 1683 3765">
     <span class='ocr_line' id='line_1_63' title="bbox 196 3701 1683 3765; baseline 0.003 -18"><span class='ocrx_word' id='word_1_325' title='bbox 196 3701 412 3752; x_wconf 64' lang='grc' dir='ltr'><strong>θηται</strong></span> <span class='ocrx_word' id='word_1_326' title='bbox 462 3707 828 3755; x_wconf 68' lang='lat' dir='ltr'><strong>SEXAGINT&#39;A</strong></span> <span class='ocrx_word' id='word_1_327' title='bbox 863 3708 1075 3754; x_wconf 69' lang='grc' dir='ltr'><strong>τιιιυιί</strong></span> <span class='ocrx_word' id='word_1_328' title='bbox 1111 3707 1583 3765; x_wconf 71' lang='lat' dir='ltr'><strong>EPISCOPOBUM,</strong></span> <span class='ocrx_word' id='word_1_329' title='bbox 1621 3708 1683 3753; x_wconf 61' lang='lat' dir='ltr'><strong>BF</strong></span> 
     </span>
    </p>
   </div>
   <div class='ocr_carea' id='block_1_63' title="bbox 1824 3701 3327 3765">
    <p class='ocr_par' dir='ltr' id='par_1_63' title="bbox 1824 3706 3327 3762">
     <span class='ocr_line' id='line_1_64' title="bbox 1824 3706 3327 3762; baseline 0.002 -9"><span class='ocrx_word' id='word_1_330' title='bbox 1824 3720 1835 3753; x_wconf 63' lang='grc' dir='ltr'>ι</span> <span class='ocrx_word' id='word_1_331' title='bbox 1873 3708 2165 3755; x_wconf 73' lang='lat' dir='ltr'><strong>VICARIOS</strong></span> <span class='ocrx_word' id='word_1_332' title='bbox 2202 3706 2519 3762; x_wconf 75' lang='lat' dir='ltr'><strong>UNDECIM,</strong></span> <span class='ocrx_word' id='word_1_333' title='bbox 2563 3707 2672 3761; x_wconf 79' lang='lat' dir='ltr'><strong>QUI</strong></span> <span class='ocrx_word' id='word_1_334' title='bbox 2709 3713 2793 3753; x_wconf 75' lang='lat' dir='ltr'><strong>AD</strong></span> <span class='ocrx_word' id='word_1_335' title='bbox 2831 3709 3027 3754; x_wconf 70' lang='lat' dir='ltr'><strong>VICEM</strong></span> <span class='ocrx_word' id='word_1_336' title='bbox 3065 3710 3327 3756; x_wconf 72' lang='lat' dir='ltr'><strong>SUORCM</strong></span> 
     </span>
    </p>
   </div>
   <div class='ocr_carea' id='block_1_64' title="bbox 308 3788 1683 3848">
    <p class='ocr_par' dir='ltr' id='par_1_64' title="bbox 308 3789 1683 3848">
     <span class='ocr_line' id='line_1_65' title="bbox 308 3789 1683 3848; baseline 0.003 -18"><span class='ocrx_word' id='word_1_337' title='bbox 308 3789 504 3835; x_wconf 67' lang='lat' dir='ltr'><strong>PBESU</strong></span> <span class='ocrx_word' id='word_1_338' title='bbox 518 3790 650 3835; x_wconf 75' lang='lat' dir='ltr'><strong>LUM</strong></span> <span class='ocrx_word' id='word_1_339' title='bbox 709 3790 1294 3848; x_wconf 69' lang='lat' dir='ltr'><strong>SUBSCRIPSEBUNT,</strong></span> <span class='ocrx_word' id='word_1_340' title='bbox 1327 3790 1611 3835; x_wconf 65' lang='lat' dir='ltr'><strong>TEMPORI</strong></span> <span class='ocrx_word' id='word_1_341' title='bbox 1624 3792 1683 3834; x_wconf 77' lang='grc' dir='ltr'><strong>Βῐ</strong></span> 
     </span>
    </p>
   </div>
   <div class='ocr_carea' id='block_1_65' title="bbox 1824 3788 3161 3848">
    <p class='ocr_par' dir='ltr' id='par_1_65' title="bbox 1824 3788 3161 3848">
     <span class='ocr_line' id='line_1_66' title="bbox 1824 3788 3161 3848; baseline 0 -14"><span class='ocrx_word' id='word_1_342' title='bbox 1824 3791 2198 3835; x_wconf 70' lang='grc' dir='ltr'><strong>οΝεΤΑΝΤιΜ</strong></span> <span class='ocrx_word' id='word_1_343' title='bbox 2244 3788 2703 3848; x_wconf 62' lang='lat' dir='ltr'><strong>IMPERATOR“,</strong></span> <span class='ocrx_word' id='word_1_344' title='bbox 2738 3792 2881 3834; x_wconf 68' lang='grc' dir='ltr'><strong>ΕΗΔ</strong></span> <span class='ocrx_word' id='word_1_345' title='bbox 2921 3792 3161 3837; x_wconf 67' lang='lat' dir='ltr'><strong>DCCXX.</strong></span> 
     </span>
    </p>
   </div>
   <div class='ocr_carea' id='block_1_66' title="bbox 184 3915 3411 3993">
    <p class='ocr_par' dir='ltr' id='par_1_66' title="bbox 184 3915 3411 3993">
     <span class='ocr_line' id='line_1_67' title="bbox 184 3915 3411 3993; baseline 0 -19"><span class='ocrx_word' id='word_1_346' title='bbox 184 3915 389 3989; x_wconf 66' lang='grc'><strong>63-64</strong></span> <span class='ocrx_word' id='word_1_347' title='bbox 415 3916 637 3985; x_wconf 79' lang='lat' dir='ltr'><strong>Sancta,</strong></span> <span class='ocrx_word' id='word_1_348' title='bbox 663 3932 853 3989; x_wconf 84' lang='lat' dir='ltr'><strong>magna</strong></span> <span class='ocrx_word' id='word_1_349' title='bbox 885 3926 1045 3989; x_wconf 88' lang='lat' dir='ltr'><strong>atque</strong></span> <span class='ocrx_word' id='word_1_350' title='bbox 1064 3917 1386 3975; x_wconf 83' lang='lat' dir='ltr'><strong>universalis</strong></span> <span class='ocrx_word' id='word_1_351' title='bbox 1414 3917 1677 3991; x_wconf 82' lang='lat' dir='ltr'><strong>synodus,</strong></span> <span class='ocrx_word' id='word_1_352' title='bbox 1707 3918 1758 3985; x_wconf 75' lang='grc' dir='ltr'>α</span> <span class='ocrx_word' id='word_1_353' title='bbox 1788 3925 2031 3988; x_wconf 88' lang='lat' dir='ltr'><strong>tempora</strong></span> <span class='ocrx_word' id='word_1_354' title='bbox 2064 3927 2119 3975; x_wconf 91' lang='lat' dir='ltr'><strong>et</strong></span> <span class='ocrx_word' id='word_1_355' title='bbox 2148 3932 2291 3974; x_wconf 89' lang='lat' dir='ltr'><strong>nunc</strong></span> <span class='ocrx_word' id='word_1_356' title='bbox 2322 3933 2495 3989; x_wconf 90' lang='lat' dir='ltr'><strong>usque</strong></span> <span class='ocrx_word' id='word_1_357' title='bbox 2524 3928 2609 3974; x_wconf 83' lang='lat' dir='ltr'><strong>est</strong></span> <span class='ocrx_word' id='word_1_358' title='bbox 2639 3917 2691 3985; x_wconf 76' lang='grc' dir='ltr'><strong>δ,</strong></span> <span class='ocrx_word' id='word_1_359' title='bbox 2734 3921 2921 3989; x_wconf 88' lang='lat' dir='ltr'><strong>procul</strong></span> <span class='ocrx_word' id='word_1_360' title='bbox 2969 3922 3250 3993; x_wconf 83' lang='lat' dir='ltr'><strong>abjiciens,</strong></span> <span class='ocrx_word' id='word_1_361' title='bbox 3286 3942 3411 3985; x_wconf 81' lang='lat' dir='ltr'><strong>san.</strong></span> 
     </span>
    </p>
   </div>
   <div class='ocr_carea' id='block_1_67' title="bbox 138 4009 1680 4079">
    <p class='ocr_par' dir='ltr' id='par_1_67' title="bbox 138 4009 1680 4079">
     <span class='ocr_line' id='line_1_68' title="bbox 138 4009 1680 4079; baseline 0.006 -22"><span class='ocrx_word' id='word_1_362' title='bbox 138 4016 225 4071; x_wconf 67' lang='lat' dir='ltr'><strong>quae</strong></span> <span class='ocrx_word' id='word_1_363' title='bbox 246 4012 513 4063; x_wconf 79' lang='lat' dir='ltr'><strong>secundum</strong></span> <span class='ocrx_word' id='word_1_364' title='bbox 550 4009 649 4064; x_wconf 89' lang='lat' dir='ltr'><strong>Dei</strong></span> <span class='ocrx_word' id='word_1_365' title='bbox 670 4010 898 4079; x_wconf 84' lang='lat' dir='ltr'><strong>gratiam</strong></span> <span class='ocrx_word' id='word_1_366' title='bbox 929 4018 985 4066; x_wconf 90' lang='lat' dir='ltr'><strong>et</strong></span> <span class='ocrx_word' id='word_1_367' title='bbox 1015 4010 1311 4079; x_wconf 79' lang='lat' dir='ltr'><strong>piissimam</strong></span> <span class='ocrx_word' id='word_1_368' title='bbox 1340 4012 1680 4068; x_wconf 87' lang='lat' dir='ltr'><strong>sanctionem</strong></span> 
     </span>
    </p>
   </div>
   <div class='ocr_carea' id='block_1_68' title="bbox 136 4102 1681 4179">
    <p class='ocr_par' dir='ltr' id='par_1_68' title="bbox 136 4102 1681 4179">
     <span class='ocr_line' id='line_1_69' title="bbox 136 4102 1681 4179; baseline 0.008 -25"><span class='ocrx_word' id='word_1_369' title='bbox 136 4102 472 4161; x_wconf 79' lang='lat' dir='ltr'><strong>clementissimi</strong></span> <span class='ocrx_word' id='word_1_370' title='bbox 502 4115 557 4161; x_wconf 88' lang='lat' dir='ltr'><strong>et</strong></span> <span class='ocrx_word' id='word_1_371' title='bbox 588 4105 894 4165; x_wconf 78' lang='lat' dir='ltr'><strong>ﬁdelissimi</strong></span> <span class='ocrx_word' id='word_1_372' title='bbox 936 4109 1119 4179; x_wconf 83' lang='lat' dir='ltr'><strong>magni</strong></span> <span class='ocrx_word' id='word_1_373' title='bbox 1164 4109 1511 4179; x_wconf 85' lang='lat' dir='ltr'><strong>imperatoris</strong></span> <span class='ocrx_word' id='word_1_374' title='bbox 1539 4109 1681 4167; x_wconf 87' lang='lat' dir='ltr'><strong>Con-</strong></span> 
     </span>
    </p>
   </div>
   <div class='ocr_carea' id='block_1_69' title="bbox 137 4195 1681 4270">
    <p class='ocr_par' dir='ltr' id='par_1_69' title="bbox 137 4195 1681 4270">
     <span class='ocr_line' id='line_1_70' title="bbox 137 4195 1681 4270; baseline 0.012 -26"><span class='ocrx_word' id='word_1_375' title='bbox 137 4195 299 4249; x_wconf 76' lang='lat' dir='ltr'><strong>stantini</strong></span> <span class='ocrx_word' id='word_1_376' title='bbox 325 4209 643 4270; x_wconf 81' lang='lat' dir='ltr'><strong>congregata</strong></span> <span class='ocrx_word' id='word_1_377' title='bbox 670 4210 753 4255; x_wconf 87' lang='lat' dir='ltr'><strong>est</strong></span> <span class='ocrx_word' id='word_1_378' title='bbox 776 4200 830 4255; x_wconf 92' lang='lat' dir='ltr'><strong>in</strong></span> <span class='ocrx_word' id='word_1_379' title='bbox 856 4202 961 4257; x_wconf 84' lang='lat' dir='ltr'><strong>hac</strong></span> <span class='ocrx_word' id='word_1_380' title='bbox 984 4216 1017 4257; x_wconf 89' lang='lat' dir='ltr'><strong>a</strong></span> <span class='ocrx_word' id='word_1_381' title='bbox 1058 4203 1169 4259; x_wconf 88' lang='lat' dir='ltr'><strong>Deo</strong></span> <span class='ocrx_word' id='word_1_382' title='bbox 1195 4206 1565 4261; x_wconf 85' lang='lat' dir='ltr'><strong>conservanda</strong></span> <span class='ocrx_word' id='word_1_383' title='bbox 1594 4222 1681 4263; x_wconf 84' lang='lat' dir='ltr'><strong>re—</strong></span> 
     </span>
    </p>
   </div>
   <div class='ocr_carea' id='block_1_70' title="bbox 134 4284 1681 4361">
    <p class='ocr_par' dir='ltr' id='par_1_70' title="bbox 134 4284 1681 4361">
     <span class='ocr_line' id='line_1_71' title="bbox 134 4284 1681 4361; baseline 0.012 -25"><span class='ocrx_word' id='word_1_384' title='bbox 134 4284 648 4360; x_wconf 62' lang='lat' dir='ltr'><strong>giaCoustantinpoli</strong></span> <span class='ocrx_word' id='word_1_385' title='bbox 696 4308 834 4348; x_wconf 89' lang='lat' dir='ltr'><strong>nova</strong></span> <span class='ocrx_word' id='word_1_386' title='bbox 868 4294 1062 4361; x_wconf 79' lang='lat' dir='ltr'><strong>Roma,</strong></span> <span class='ocrx_word' id='word_1_387' title='bbox 1093 4295 1150 4350; x_wconf 89' lang='lat' dir='ltr'><strong>in</strong></span> <span class='ocrx_word' id='word_1_388' title='bbox 1178 4300 1471 4354; x_wconf 89' lang='lat' dir='ltr'><strong>secretario</strong></span> <span class='ocrx_word' id='word_1_389' title='bbox 1511 4300 1681 4355; x_wconf 80' lang='lat' dir='ltr'><strong>divini</strong></span> 
     </span>
    </p>
   </div>
   <div class='ocr_carea' id='block_1_71' title="bbox 136 4378 1684 4459">
    <p class='ocr_par' dir='ltr' id='par_1_71' title="bbox 136 4378 1684 4459">
     <span class='ocr_line' id='line_1_72' title="bbox 136 4378 1684 4459; baseline 0.014 -31"><span class='ocrx_word' id='word_1_390' title='bbox 136 4378 284 4447; x_wconf 55' lang='lat' dir='ltr'><strong>palatii,</strong></span> <span class='ocrx_word' id='word_1_391' title='bbox 312 4383 442 4450; x_wconf 89' lang='lat' dir='ltr'><strong>quod</strong></span> <span class='ocrx_word' id='word_1_392' title='bbox 466 4387 884 4453; x_wconf 84' lang='lat' dir='ltr'><strong>cognominatur</strong></span> <span class='ocrx_word' id='word_1_393' title='bbox 912 4386 1155 4455; x_wconf 89' lang='lat' dir='ltr'><strong>Trullus,</strong></span> <span class='ocrx_word' id='word_1_394' title='bbox 1189 4388 1429 4445; x_wconf 84' lang='lat' dir='ltr'><strong>decrevit</strong></span> <span class='ocrx_word' id='word_1_395' title='bbox 1455 4408 1574 4459; x_wconf 67' lang='lat' dir='ltr'><strong>quae</strong></span> <span class='ocrx_word' id='word_1_396' title='bbox 1601 4394 1684 4448; x_wconf 89' lang='lat' dir='ltr'><strong>in-</strong></span> 
     </span>
    </p>
   </div>
   <div class='ocr_carea' id='block_1_72' title="bbox 134 4466 1683 4556">
    <p class='ocr_par' dir='ltr' id='par_1_72' title="bbox 134 4466 1683 4556">
     <span class='ocr_line' id='line_1_73' title="bbox 134 4466 1683 4556; baseline 0.015 -34"><span class='ocrx_word' id='word_1_397' title='bbox 134 4466 252 4527; x_wconf 73' lang='lat' dir='ltr'><strong>ferius</strong></span> <span class='ocrx_word' id='word_1_398' title='bbox 275 4476 632 4533; x_wconf 85' lang='lat' dir='ltr'><strong>continentur.</strong></span> <span class='ocrx_word' id='word_1_399' title='bbox 661 4477 980 4549; x_wconf 86' lang='lat' dir='ltr'><strong>Unigenitus</strong></span> <span class='ocrx_word' id='word_1_400' title='bbox 1005 4481 1099 4538; x_wconf 87' lang='lat' dir='ltr'><strong>Dei</strong></span> <span class='ocrx_word' id='word_1_401' title='bbox 1128 4482 1413 4556; x_wconf 82' lang='lat' dir='ltr'><strong>Patrisque</strong></span> <span class='ocrx_word' id='word_1_402' title='bbox 1434 4485 1604 4544; x_wconf 83' lang='lat' dir='ltr'><strong>Filius</strong></span> <span class='ocrx_word' id='word_1_403' title='bbox 1627 4497 1683 4547; x_wconf 81' lang='lat' dir='ltr'><strong>et</strong></span> 
     </span>
    </p>
   </div>
   <div class='ocr_carea' id='block_1_73' title="bbox 134 4560 1682 4653">
    <p class='ocr_par' dir='ltr' id='par_1_73' title="bbox 134 4560 1682 4653">
     <span class='ocr_line' id='line_1_74' title="bbox 134 4560 1682 4653; baseline 0.015 -35"><span class='ocrx_word' id='word_1_404' title='bbox 134 4560 335 4633; x_wconf 68' lang='lat' dir='ltr'><strong>Verbum,</strong></span> <span class='ocrx_word' id='word_1_405' title='bbox 372 4573 460 4640; x_wconf 90' lang='lat' dir='ltr'><strong>qui</strong></span> <span class='ocrx_word' id='word_1_406' title='bbox 512 4588 613 4643; x_wconf 92' lang='lat' dir='ltr'><strong>per</strong></span> <span class='ocrx_word' id='word_1_407' title='bbox 655 4576 836 4629; x_wconf 87' lang='lat' dir='ltr'><strong>omnia</strong></span> <span class='ocrx_word' id='word_1_408' title='bbox 877 4576 1075 4633; x_wconf 88' lang='lat' dir='ltr'><strong>similis</strong></span> <span class='ocrx_word' id='word_1_409' title='bbox 1118 4580 1275 4635; x_wconf 88' lang='lat' dir='ltr'><strong>nobis</strong></span> <span class='ocrx_word' id='word_1_410' title='bbox 1316 4582 1519 4653; x_wconf 88' lang='lat' dir='ltr'><strong>absque</strong></span> <span class='ocrx_word' id='word_1_411' title='bbox 1562 4586 1682 4641; x_wconf 89' lang='lat' dir='ltr'><strong>solo</strong></span> 
     </span>
    </p>
   </div>
   <div class='ocr_carea' id='block_1_74' title="bbox 134 4661 1683 4733">
    <p class='ocr_par' dir='ltr' id='par_1_74' title="bbox 134 4661 1683 4733">
     <span class='ocr_line' id='line_1_75' title="bbox 134 4661 1683 4733; baseline 0.014 -23"><span class='ocrx_word' id='word_1_412' title='bbox 134 4667 304 4719; x_wconf 57' lang='lat' dir='ltr'><strong>mento</strong></span> <span class='ocrx_word' id='word_1_413' title='bbox 330 4661 497 4718; x_wconf 78' lang='lat' dir='ltr'><strong>lactus</strong></span> <span class='ocrx_word' id='word_1_414' title='bbox 523 4673 609 4719; x_wconf 89' lang='lat' dir='ltr'><strong>est</strong></span> <span class='ocrx_word' id='word_1_415' title='bbox 640 4664 825 4733; x_wconf 89' lang='lat' dir='ltr'><strong>homo,</strong></span> <span class='ocrx_word' id='word_1_416' title='bbox 849 4666 1095 4723; x_wconf 84' lang='lat' dir='ltr'><strong>Christus</strong></span> <span class='ocrx_word' id='word_1_417' title='bbox 1125 4684 1285 4726; x_wconf 89' lang='lat' dir='ltr'><strong>verus</strong></span> <span class='ocrx_word' id='word_1_418' title='bbox 1316 4672 1460 4729; x_wconf 90' lang='lat' dir='ltr'><strong>Deus</strong></span> <span class='ocrx_word' id='word_1_419' title='bbox 1498 4686 1683 4732; x_wconf 88' lang='lat' dir='ltr'><strong>noster</strong></span> 
     </span>
    </p>
   </div>
   <div class='ocr_carea' id='block_1_75' title="bbox 134 4756 1682 4838">
    <p class='ocr_par' dir='ltr' id='par_1_75' title="bbox 134 4756 1682 4838">
     <span class='ocr_line' id='line_1_76' title="bbox 134 4756 1682 4838; baseline 0.011 -31"><span class='ocrx_word' id='word_1_420' title='bbox 134 4756 511 4822; x_wconf 64' lang='lat' dir='ltr'><strong>Dtrevaugelicas</strong></span> <span class='ocrx_word' id='word_1_421' title='bbox 528 4772 689 4812; x_wconf 83' lang='lat' dir='ltr'><strong>voces</strong></span> <span class='ocrx_word' id='word_1_422' title='bbox 704 4757 962 4826; x_wconf 68' lang='lat' dir='ltr'><strong>praeclare</strong></span> <span class='ocrx_word' id='word_1_423' title='bbox 978 4758 1095 4833; x_wconf 81' lang='lat' dir='ltr'><strong>[U.,</strong></span> <span class='ocrx_word' id='word_1_424' title='bbox 1113 4764 1474 4838; x_wconf 86' lang='lat' dir='ltr'><strong>proclamans]</strong></span> <span class='ocrx_word' id='word_1_425' title='bbox 1492 4768 1682 4836; x_wconf 61' lang='lat' dir='ltr'><strong>praedi-</strong></span> 
     </span>
    </p>
   </div>
   <div class='ocr_carea' id='block_1_76' title="bbox 132 4843 1680 4925">
    <p class='ocr_par' dir='ltr' id='par_1_76' title="bbox 132 4843 1680 4925">
     <span class='ocr_line' id='line_1_77' title="bbox 132 4843 1680 4925; baseline 0.015 -33"><span class='ocrx_word' id='word_1_426' title='bbox 132 4843 232 4896; x_wconf 65' lang='lat' dir='ltr'><strong>mit</strong></span> <span class='ocrx_word' id='word_1_427' title='bbox 260 4864 268 4897; x_wconf 91' lang='lat'>:</span> <span class='ocrx_word' id='word_1_428' title='bbox 299 4845 403 4917; x_wconf 65' lang='lat' dir='ltr'><strong>Ego</strong></span> <span class='ocrx_word' id='word_1_429' title='bbox 430 4867 547 4903; x_wconf 75' lang='lat' dir='ltr'><strong>sum</strong></span> <span class='ocrx_word' id='word_1_430' title='bbox 580 4853 674 4904; x_wconf 68' lang='lat' dir='ltr'><strong>lux</strong></span> <span class='ocrx_word' id='word_1_431' title='bbox 702 4852 917 4917; x_wconf 83' lang='lat' dir='ltr'><strong>mundi;</strong></span> <span class='ocrx_word' id='word_1_432' title='bbox 954 4855 1041 4923; x_wconf 82' lang='lat' dir='ltr'><strong>qui</strong></span> <span class='ocrx_word' id='word_1_433' title='bbox 1069 4856 1297 4925; x_wconf 74' lang='lat' dir='ltr'><strong>sequitur</strong></span> <span class='ocrx_word' id='word_1_434' title='bbox 1331 4876 1410 4914; x_wconf 81' lang='lat' dir='ltr'><strong>me</strong></span> <span class='ocrx_word' id='word_1_435' title='bbox 1436 4877 1539 4914; x_wconf 85' lang='lat' dir='ltr'><strong>non</strong></span> <span class='ocrx_word' id='word_1_436' title='bbox 1568 4880 1680 4915; x_wconf 88' lang='lat' dir='ltr'><strong>am-</strong></span> 
     </span>
    </p>
   </div>
   <div class='ocr_carea' id='block_1_77' title="bbox 132 4941 1677 5017">
    <p class='ocr_par' dir='ltr' id='par_1_77' title="bbox 132 4941 1677 5017">
     <span class='ocr_line' id='line_1_78' title="bbox 132 4941 1677 5017; baseline 0.019 -39"><span class='ocrx_word' id='word_1_437' title='bbox 132 4942 228 4986; x_wconf 62' lang='lat' dir='ltr'><strong>:sai</strong></span> <span class='ocrx_word' id='word_1_438' title='bbox 254 4941 295 4989; x_wconf 76' lang='lat' dir='ltr'><strong>in</strong></span> <span class='ocrx_word' id='word_1_439' title='bbox 327 4941 561 5004; x_wconf 74' lang='lat' dir='ltr'><strong>tenebris,</strong></span> <span class='ocrx_word' id='word_1_440' title='bbox 595 4945 684 4995; x_wconf 81' lang='lat' dir='ltr'><strong>sed</strong></span> <span class='ocrx_word' id='word_1_441' title='bbox 730 4943 931 4998; x_wconf 76' lang='lat' dir='ltr'><strong>habebit</strong></span> <span class='ocrx_word' id='word_1_442' title='bbox 976 4947 1141 5002; x_wconf 79' lang='lat' dir='ltr'><strong>lumen</strong></span> <span class='ocrx_word' id='word_1_443' title='bbox 1167 4950 1315 5017; x_wconf 70' lang='lat' dir='ltr'><strong>vitm;</strong></span> <span class='ocrx_word' id='word_1_444' title='bbox 1342 4962 1399 5007; x_wconf 91' lang='lat' dir='ltr'><strong>et</strong></span> <span class='ocrx_word' id='word_1_445' title='bbox 1438 4953 1628 5009; x_wconf 87' lang='lat' dir='ltr'><strong>iterum</strong></span> <span class='ocrx_word' id='word_1_446' title='bbox 1663 4970 1677 5007; x_wconf 90' lang='lat'><strong>:</strong></span> 
     </span>
    </p>
   </div>
   <div class='ocr_carea' id='block_1_78' title="bbox 136 5024 1677 5114">
    <p class='ocr_par' dir='ltr' id='par_1_78' title="bbox 136 5024 1677 5114">
     <span class='ocr_line' id='line_1_79' title="bbox 136 5024 1677 5114; baseline 0.019 -43"><span class='ocrx_word' id='word_1_447' title='bbox 136 5024 272 5081; x_wconf 65' lang='lat' dir='ltr'><strong>Perrin</strong></span> <span class='ocrx_word' id='word_1_448' title='bbox 300 5049 454 5086; x_wconf 73' lang='lat' dir='ltr'><strong>meum</strong></span> <span class='ocrx_word' id='word_1_449' title='bbox 502 5037 571 5087; x_wconf 87' lang='lat' dir='ltr'><strong>do</strong></span> <span class='ocrx_word' id='word_1_450' title='bbox 619 5034 777 5098; x_wconf 69' lang='lat' dir='ltr'><strong>vobis,</strong></span> <span class='ocrx_word' id='word_1_451' title='bbox 822 5052 996 5104; x_wconf 78' lang='lat' dir='ltr'><strong>pacem</strong></span> <span class='ocrx_word' id='word_1_452' title='bbox 1044 5056 1205 5094; x_wconf 78' lang='lat' dir='ltr'><strong>meam</strong></span> <span class='ocrx_word' id='word_1_453' title='bbox 1244 5043 1481 5114; x_wconf 82' lang='lat' dir='ltr'><strong>relinquo</strong></span> <span class='ocrx_word' id='word_1_454' title='bbox 1519 5046 1677 5102; x_wconf 79' lang='lat' dir='ltr'><strong>vobis.</strong></span> 
     </span>
    </p>
   </div>
   <div class='ocr_carea' id='block_1_79' title="bbox 132 5118 1681 5203">
    <p class='ocr_par' dir='ltr' id='par_1_79' title="bbox 132 5118 1681 5203">
     <span class='ocr_line' id='line_1_80' title="bbox 132 5118 1681 5203; baseline 0.018 -38"><span class='ocrx_word' id='word_1_455' title='bbox 132 5118 265 5174; x_wconf 58' lang='lat' dir='ltr'><strong>fnim:</strong></span> <span class='ocrx_word' id='word_1_456' title='bbox 291 5125 547 5180; x_wconf 80' lang='lat' dir='ltr'><strong>divinitus</strong></span> <span class='ocrx_word' id='word_1_457' title='bbox 577 5126 722 5181; x_wconf 87' lang='lat' dir='ltr'><strong>edita</strong></span> <span class='ocrx_word' id='word_1_458' title='bbox 756 5128 900 5197; x_wconf 86' lang='lat' dir='ltr'><strong>pacis</strong></span> <span class='ocrx_word' id='word_1_459' title='bbox 947 5131 1192 5188; x_wconf 88' lang='lat' dir='ltr'><strong>doctrina</strong></span> <span class='ocrx_word' id='word_1_460' title='bbox 1236 5137 1488 5203; x_wconf 86' lang='lat' dir='ltr'><strong>gradiens</strong></span> <span class='ocrx_word' id='word_1_461' title='bbox 1531 5154 1681 5193; x_wconf 84' lang='lat' dir='ltr'><strong>man-</strong></span> 
     </span>
    </p>
   </div>
   <div class='ocr_carea' id='block_1_80' title="bbox 130 5214 1675 5303">
    <p class='ocr_par' dir='ltr' id='par_1_80' title="bbox 130 5214 1675 5303">
     <span class='ocr_line' id='line_1_81' title="bbox 130 5214 1675 5303; baseline 0.016 -41"><span class='ocrx_word' id='word_1_462' title='bbox 130 5214 403 5303; x_wconf 55' lang='lat' dir='ltr'><strong>tuetissimus</strong></span> <span class='ocrx_word' id='word_1_463' title='bbox 436 5229 625 5275; x_wconf 88' lang='lat' dir='ltr'><strong>noster</strong></span> <span class='ocrx_word' id='word_1_464' title='bbox 665 5219 976 5289; x_wconf 87' lang='lat' dir='ltr'><strong>imperator,</strong></span> <span class='ocrx_word' id='word_1_465' title='bbox 1021 5225 1111 5292; x_wconf 86' lang='lat' dir='ltr'><strong>qui</strong></span> <span class='ocrx_word' id='word_1_466' title='bbox 1155 5234 1205 5281; x_wconf 88' lang='lat' dir='ltr'><strong>et</strong></span> <span class='ocrx_word' id='word_1_467' title='bbox 1239 5240 1559 5298; x_wconf 78' lang='lat' dir='ltr'><strong>prepagator</strong></span> <span class='ocrx_word' id='word_1_468' title='bbox 1590 5231 1675 5303; x_wconf 83' lang='lat' dir='ltr'><strong>[T.</strong></span> 
     </span>
    </p>
   </div>
   <div class='ocr_carea' id='block_1_81' title="bbox 132 5300 1677 5391">
    <p class='ocr_par' dir='ltr' id='par_1_81' title="bbox 132 5300 1677 5391">
     <span class='ocr_line' id='line_1_82' title="bbox 132 5300 1677 5391; baseline 0.016 -35"><span class='ocrx_word' id='word_1_469' title='bbox 132 5300 159 5353; x_wconf 52' lang='grc' dir='ltr'><strong>τη</strong></span> <span class='ocrx_word' id='word_1_470' title='bbox 188 5311 545 5383; x_wconf 72' lang='lat' dir='ltr'><strong>propugnator}</strong></span> <span class='ocrx_word' id='word_1_471' title='bbox 576 5313 781 5367; x_wconf 76' lang='lat' dir='ltr'><strong>exstitit</strong></span> <span class='ocrx_word' id='word_1_472' title='bbox 812 5322 975 5370; x_wconf 77' lang='lat' dir='ltr'><strong>rectae</strong></span> <span class='ocrx_word' id='word_1_473' title='bbox 1002 5316 1146 5384; x_wconf 88' lang='lat' dir='ltr'><strong>ﬁdei,</strong></span> <span class='ocrx_word' id='word_1_474' title='bbox 1176 5331 1512 5391; x_wconf 71' lang='lat' dir='ltr'><strong>expugnator</strong></span> <span class='ocrx_word' id='word_1_475' title='bbox 1548 5300 1677 5380; x_wconf 80' lang='lat' dir='ltr'><strong>vero</strong></span> 
     </span>
    </p>
   </div>
   <div class='ocr_carea' id='block_1_82' title="bbox 130 5400 1676 5471">
    <p class='ocr_par' dir='ltr' id='par_1_82' title="bbox 130 5400 1676 5471">
     <span class='ocr_line' id='line_1_83' title="bbox 130 5400 1676 5471; baseline 0.012 -18"><span class='ocrx_word' id='word_1_476' title='bbox 130 5406 261 5453; x_wconf 68' lang='lat' dir='ltr'><strong>Ima:</strong></span> <span class='ocrx_word' id='word_1_477' title='bbox 303 5400 577 5468; x_wconf 73' lang='lat' dir='ltr'><strong>doctriuze,</strong></span> <span class='ocrx_word' id='word_1_478' title='bbox 631 5415 875 5459; x_wconf 80' lang='lat' dir='ltr'><strong>sanctum</strong></span> <span class='ocrx_word' id='word_1_479' title='bbox 924 5406 1026 5463; x_wconf 88' lang='lat' dir='ltr'><strong>hoc</strong></span> <span class='ocrx_word' id='word_1_480' title='bbox 1064 5423 1129 5464; x_wconf 77' lang='lat' dir='ltr'><strong>ex</strong></span> <span class='ocrx_word' id='word_1_481' title='bbox 1177 5410 1332 5466; x_wconf 84' lang='lat' dir='ltr'><strong>nobis</strong></span> <span class='ocrx_word' id='word_1_482' title='bbox 1374 5414 1676 5471; x_wconf 87' lang='lat' dir='ltr'><strong>universale</strong></span> 
     </span>
    </p>
   </div>
   <div class='ocr_carea' id='block_1_83' title="bbox 127 5495 1677 5561">
    <p class='ocr_par' dir='ltr' id='par_1_83' title="bbox 127 5495 1677 5561">
     <span class='ocr_line' id='line_1_84' title="bbox 127 5495 1677 5561; baseline 0.015 -22"><span class='ocrx_word' id='word_1_483' title='bbox 127 5497 401 5561; x_wconf 72' lang='lat' dir='ltr'><strong>congregans</strong></span> <span class='ocrx_word' id='word_1_484' title='bbox 428 5495 721 5551; x_wconf 81' lang='lat' dir='ltr'><strong>concilium</strong></span> <span class='ocrx_word' id='word_1_485' title='bbox 753 5497 914 5552; x_wconf 88' lang='lat' dir='ltr'><strong>totius</strong></span> <span class='ocrx_word' id='word_1_486' title='bbox 954 5498 1209 5558; x_wconf 68' lang='lat' dir='ltr'><strong>Ecclesiae</strong></span> <span class='ocrx_word' id='word_1_487' title='bbox 1245 5504 1500 5561; x_wconf 83' lang='lat' dir='ltr'><strong>adunavit</strong></span> <span class='ocrx_word' id='word_1_488' title='bbox 1529 5521 1677 5561; x_wconf 90' lang='lat' dir='ltr'><strong>com-</strong></span> 
     </span>
    </p>
   </div>
   <div class='ocr_carea' id='block_1_84' title="bbox 130 5578 1678 5657">
    <p class='ocr_par' dir='ltr' id='par_1_84' title="bbox 130 5578 1678 5657">
     <span class='ocr_line' id='line_1_85' title="bbox 130 5578 1678 5657; baseline 0.016 -24"><span class='ocrx_word' id='word_1_489' title='bbox 130 5578 341 5646; x_wconf 67' lang='lat' dir='ltr'><strong>iaginem.</strong></span> <span class='ocrx_word' id='word_1_490' title='bbox 393 5585 553 5643; x_wconf 85' lang='lat' dir='ltr'><strong>Unde</strong></span> <span class='ocrx_word' id='word_1_491' title='bbox 601 5588 718 5644; x_wconf 69' lang='lat' dir='ltr'><strong>haec</strong></span> <span class='ocrx_word' id='word_1_492' title='bbox 772 5602 954 5645; x_wconf 75' lang='lat' dir='ltr'><strong>nosm</strong></span> <span class='ocrx_word' id='word_1_493' title='bbox 1009 5603 1194 5652; x_wconf 87' lang='lat' dir='ltr'><strong>sancta</strong></span> <span class='ocrx_word' id='word_1_494' title='bbox 1249 5606 1305 5653; x_wconf 88' lang='lat' dir='ltr'><strong>et</strong></span> <span class='ocrx_word' id='word_1_495' title='bbox 1358 5599 1678 5657; x_wconf 85' lang='lat' dir='ltr'><strong>universalis</strong></span> 
     </span>
    </p>
   </div>
   <div class='ocr_carea' id='block_1_85' title="bbox 128 5673 1678 5761">
    <p class='ocr_par' dir='ltr' id='par_1_85' title="bbox 128 5673 1678 5761">
     <span class='ocr_line' id='line_1_86' title="bbox 128 5673 1678 5761; baseline 0.016 -37"><span class='ocrx_word' id='word_1_496' title='bbox 128 5673 309 5733; x_wconf 59' lang='lat' dir='ltr'><strong>synodus</strong></span> <span class='ocrx_word' id='word_1_497' title='bbox 354 5677 650 5747; x_wconf 86' lang='lat' dir='ltr'><strong>impietatis</strong></span> <span class='ocrx_word' id='word_1_498' title='bbox 695 5695 959 5751; x_wconf 90' lang='lat' dir='ltr'><strong>errorem,</strong></span> <span class='ocrx_word' id='word_1_499' title='bbox 1004 5686 1095 5755; x_wconf 90' lang='lat' dir='ltr'><strong>qui</strong></span> <span class='ocrx_word' id='word_1_500' title='bbox 1136 5700 1167 5742; x_wconf 88' lang='lat' dir='ltr'><strong>a</strong></span> <span class='ocrx_word' id='word_1_501' title='bbox 1213 5688 1533 5759; x_wconf 87' lang='lat' dir='ltr'><strong>quibusdam</strong></span> <span class='ocrx_word' id='word_1_502' title='bbox 1581 5707 1678 5761; x_wconf 90' lang='lat' dir='ltr'><strong>per</strong></span> 
     </span>
    </p>
   </div>
   <div class='ocr_carea' id='block_1_86' title="bbox 178 5804 1682 5889">
    <p class='ocr_par' dir='ltr' id='par_1_86' title="bbox 178 5804 1682 5889">
     <span class='ocr_line' id='line_1_87' title="bbox 178 5804 1682 5889; baseline 0.011 -27"><span class='ocrx_word' id='word_1_503' title='bbox 178 5810 197 5836; x_wconf 84' lang='grc'><strong>⁸</strong></span> <span class='ocrx_word' id='word_1_504' title='bbox 223 5804 365 5863; x_wconf 80' lang='lat' dir='ltr'><strong>Deest</strong></span> <span class='ocrx_word' id='word_1_505' title='bbox 408 5812 516 5889; x_wconf 66' lang='lat' dir='ltr'><strong>hoc.</strong></span> <span class='ocrx_word' id='word_1_506' title='bbox 562 5814 844 5889; x_wconf 75' lang='lat' dir='ltr'><strong>concilium</strong></span> <span class='ocrx_word' id='word_1_507' title='bbox 874 5815 927 5870; x_wconf 94' lang='lat' dir='ltr'><strong>in</strong></span> <span class='ocrx_word' id='word_1_508' title='bbox 973 5818 1064 5883; x_wconf 82' lang='lat' dir='ltr'><strong>A.,</strong></span> <span class='ocrx_word' id='word_1_509' title='bbox 1098 5817 1211 5889; x_wconf 81' lang='lat' dir='ltr'><strong>1E.,</strong></span> <span class='ocrx_word' id='word_1_510' title='bbox 1255 5822 1319 5877; x_wconf 88' lang='lat' dir='ltr'><strong>E.</strong></span> <span class='ocrx_word' id='word_1_511' title='bbox 1356 5823 1408 5877; x_wconf 79' lang='grc'><strong>5.</strong></span> <span class='ocrx_word' id='word_1_512' title='bbox 1444 5822 1682 5879; x_wconf 87' lang='lat' dir='ltr'><strong>Desum-</strong></span> 
     </span>
    </p>
   </div>
   <div class='ocr_carea' id='block_1_87' title="bbox 129 5884 1681 5958">
    <p class='ocr_par' dir='ltr' id='par_1_87' title="bbox 129 5884 1681 5958">
     <span class='ocr_line' id='line_1_88' title="bbox 129 5884 1681 5958; baseline 0.014 -27"><span class='ocrx_word' id='word_1_513' title='bbox 129 5884 239 5958; x_wconf 47' lang='lat' dir='ltr'><strong>dum</strong></span> <span class='ocrx_word' id='word_1_514' title='bbox 261 5892 337 5958; x_wconf 68' lang='lat' dir='ltr'><strong>est</strong></span> <span class='ocrx_word' id='word_1_515' title='bbox 363 5896 428 5936; x_wconf 74' lang='lat' dir='ltr'><strong>es</strong></span> <span class='ocrx_word' id='word_1_516' title='bbox 464 5886 662 5958; x_wconf 73' lang='lat' dir='ltr'><strong>Codice</strong></span> <span class='ocrx_word' id='word_1_517' title='bbox 690 5886 802 5942; x_wconf 83' lang='lat' dir='ltr'><strong>Dll.</strong></span> <span class='ocrx_word' id='word_1_518' title='bbox 833 5902 955 5941; x_wconf 85' lang='lat' dir='ltr'><strong>cum</strong></span> <span class='ocrx_word' id='word_1_519' title='bbox 993 5884 1329 5948; x_wconf 83' lang='lat' dir='ltr'><strong>variantibus</strong></span> <span class='ocrx_word' id='word_1_520' title='bbox 1358 5904 1681 5952; x_wconf 72' lang='lat' dir='ltr'><strong>caeterorum</strong></span> 
     </span>
    </p>
   </div>
   <div class='ocr_carea' id='block_1_88' title="bbox 129 5948 1679 6036">
    <p class='ocr_par' dir='ltr' id='par_1_88' title="bbox 129 5948 1679 6036">
     <span class='ocr_line' id='line_1_89' title="bbox 129 5948 1679 6036; baseline 0.011 -29"><span class='ocrx_word' id='word_1_521' title='bbox 129 5948 409 6008; x_wconf 40' lang='lat' dir='ltr'><strong>amnibus.</strong></span> <span class='ocrx_word' id='word_1_522' title='bbox 447 5955 644 6011; x_wconf 67' lang='lat' dir='ltr'><strong>Aderat</strong></span> <span class='ocrx_word' id='word_1_523' title='bbox 671 5958 832 6011; x_wconf 81' lang='lat' dir='ltr'><strong>etiam</strong></span> <span class='ocrx_word' id='word_1_524' title='bbox 860 5958 912 6013; x_wconf 90' lang='lat' dir='ltr'><strong>in</strong></span> <span class='ocrx_word' id='word_1_525' title='bbox 936 5959 1136 6020; x_wconf 73' lang='lat' dir='ltr'><strong>Codice</strong></span> <span class='ocrx_word' id='word_1_526' title='bbox 1176 5948 1679 6036; x_wconf 17' lang='lat' dir='ltr'><strong>Lucensi‘ptout—iii</strong></span> 
     </span>
    </p>
   </div>
   <div class='ocr_carea' id='block_1_89' title="bbox 352 6044 1023 6118">
    <p class='ocr_par' dir='ltr' id='par_1_89' title="bbox 352 6044 1023 6118">
     <span class='ocr_line' id='line_1_90' title="bbox 352 6044 1023 6118; baseline 0.003 -4"><span class='ocrx_word' id='word_1_527' title='bbox 352 6044 629 6115; x_wconf 61' lang='lat' dir='ltr'><strong>Pauor.</strong></span> <span class='ocrx_word' id='word_1_528' title='bbox 675 6048 1023 6118; x_wconf 72' lang='lat' dir='ltr'><strong>LXXXl-V-</strong></span> 
     </span>
    </p>
   </div>
   <div class='ocr_carea' id='block_1_90' title="bbox 1789 4010 3411 4081">
    <p class='ocr_par' dir='ltr' id='par_1_90' title="bbox 1789 4010 3411 4081">
     <span class='ocr_line' id='line_1_91' title="bbox 1789 4010 3411 4081; baseline 0.006 -15"><span class='ocrx_word' id='word_1_529' title='bbox 1789 4023 1998 4067; x_wconf 89' lang='lat' dir='ltr'><strong>ctorum</strong></span> <span class='ocrx_word' id='word_1_530' title='bbox 2050 4022 2229 4065; x_wconf 81' lang='lat' dir='ltr'><strong>autem</strong></span> <span class='ocrx_word' id='word_1_531' title='bbox 2261 4020 2315 4066; x_wconf 87' lang='lat' dir='ltr'><strong>et</strong></span> <span class='ocrx_word' id='word_1_532' title='bbox 2363 4010 2723 4081; x_wconf 89' lang='lat' dir='ltr'><strong>probabilium</strong></span> <span class='ocrx_word' id='word_1_533' title='bbox 2758 4011 2979 4068; x_wconf 84' lang='lat' dir='ltr'><strong>Patrum</strong></span> <span class='ocrx_word' id='word_1_534' title='bbox 3011 4016 3275 4074; x_wconf 83' lang='lat' dir='ltr'><strong>inolTense</strong></span> <span class='ocrx_word' id='word_1_535' title='bbox 3308 4022 3411 4076; x_wconf 85' lang='lat' dir='ltr'><strong>iter</strong></span> 
     </span>
    </p>
   </div>
   <div class='ocr_carea' id='block_1_91' title="bbox 1786 4106 3411 4184">
    <p class='ocr_par' dir='ltr' id='par_1_91' title="bbox 1786 4106 3411 4184">
     <span class='ocr_line' id='line_1_92' title="bbox 1786 4106 3411 4184; baseline 0.006 -23"><span class='ocrx_word' id='word_1_536' title='bbox 1786 4120 2107 4178; x_wconf 80' lang='lat' dir='ltr'><strong>assequeris,</strong></span> <span class='ocrx_word' id='word_1_537' title='bbox 2133 4106 2340 4162; x_wconf 89' lang='lat' dir='ltr'><strong>sanctis</strong></span> <span class='ocrx_word' id='word_1_538' title='bbox 2372 4116 2429 4162; x_wconf 87' lang='lat' dir='ltr'><strong>et</strong></span> <span class='ocrx_word' id='word_1_539' title='bbox 2476 4107 2874 4164; x_wconf 86' lang='lat' dir='ltr'><strong>univcrsalibus</strong></span> <span class='ocrx_word' id='word_1_540' title='bbox 2901 4111 3139 4179; x_wconf 86' lang='lat' dir='ltr'><strong>quinque</strong></span> <span class='ocrx_word' id='word_1_541' title='bbox 3185 4116 3411 4184; x_wconf 85' lang='lat' dir='ltr'><strong>synodis</strong></span> 
     </span>
    </p>
   </div>
   <div class='ocr_carea' id='block_1_92' title="bbox 1787 4198 3409 4271">
    <p class='ocr_par' dir='ltr' id='par_1_92' title="bbox 1787 4198 3409 4271">
     <span class='ocr_line' id='line_1_93' title="bbox 1787 4198 3409 4271; baseline 0.005 -15"><span class='ocrx_word' id='word_1_542' title='bbox 1787 4202 1873 4271; x_wconf 89' lang='lat' dir='ltr'><strong>pie</strong></span> <span class='ocrx_word' id='word_1_543' title='bbox 1914 4201 1967 4256; x_wconf 89' lang='lat' dir='ltr'><strong>in</strong></span> <span class='ocrx_word' id='word_1_544' title='bbox 2012 4200 2263 4256; x_wconf 89' lang='lat' dir='ltr'><strong>omnibus</strong></span> <span class='ocrx_word' id='word_1_545' title='bbox 2310 4198 2655 4266; x_wconf 89' lang='lat' dir='ltr'><strong>consonavit,</strong></span> <span class='ocrx_word' id='word_1_546' title='bbox 2712 4211 3077 4257; x_wconf 86' lang='lat' dir='ltr'><strong>trecentorum</strong></span> <span class='ocrx_word' id='word_1_547' title='bbox 3124 4205 3314 4261; x_wconf 90' lang='lat' dir='ltr'><strong>decem</strong></span> <span class='ocrx_word' id='word_1_548' title='bbox 3355 4214 3409 4264; x_wconf 75' lang='lat' dir='ltr'><strong>et</strong></span> 
     </span>
    </p>
   </div>
   <div class='ocr_carea' id='block_1_93' title="bbox 1786 4292 3407 4363">
    <p class='ocr_par' dir='ltr' id='par_1_93' title="bbox 1786 4292 3407 4363">
     <span class='ocr_line' id='line_1_94' title="bbox 1786 4292 3407 4363; baseline 0.005 -16"><span class='ocrx_word' id='word_1_549' title='bbox 1786 4303 1907 4350; x_wconf 92' lang='lat' dir='ltr'><strong>octo</strong></span> <span class='ocrx_word' id='word_1_550' title='bbox 1957 4302 2271 4348; x_wconf 89' lang='lat' dir='ltr'><strong>sanctorum</strong></span> <span class='ocrx_word' id='word_1_551' title='bbox 2320 4292 2539 4347; x_wconf 86' lang='lat' dir='ltr'><strong>Patrum</strong></span> <span class='ocrx_word' id='word_1_552' title='bbox 2590 4292 2680 4363; x_wconf 86' lang='lat' dir='ltr'><strong>qui</strong></span> <span class='ocrx_word' id='word_1_553' title='bbox 2728 4294 2782 4347; x_wconf 90' lang='lat' dir='ltr'><strong>in</strong></span> <span class='ocrx_word' id='word_1_554' title='bbox 2812 4294 2989 4349; x_wconf 71' lang='lat' dir='ltr'><strong>Nicma</strong></span> <span class='ocrx_word' id='word_1_555' title='bbox 3036 4309 3407 4356; x_wconf 88' lang='lat' dir='ltr'><strong>convenerunt</strong></span> 
     </span>
    </p>
   </div>
   <div class='ocr_carea' id='block_1_94' title="bbox 1786 4384 3405 4463">
    <p class='ocr_par' dir='ltr' id='par_1_94' title="bbox 1786 4384 3405 4463">
     <span class='ocr_line' id='line_1_95' title="bbox 1786 4384 3405 4463; baseline 0.005 -23"><span class='ocrx_word' id='word_1_556' title='bbox 1786 4384 2070 4441; x_wconf 83' lang='lat' dir='ltr'><strong>adversum</strong></span> <span class='ocrx_word' id='word_1_557' title='bbox 2097 4385 2365 4440; x_wconf 71' lang='lat' dir='ltr'><strong>insaniam</strong></span> <span class='ocrx_word' id='word_1_558' title='bbox 2397 4386 2534 4454; x_wconf 84' lang='lat' dir='ltr'><strong>Arii,</strong></span> <span class='ocrx_word' id='word_1_559' title='bbox 2561 4396 2615 4441; x_wconf 90' lang='lat' dir='ltr'><strong>et</strong></span> <span class='ocrx_word' id='word_1_560' title='bbox 2645 4397 2829 4455; x_wconf 76' lang='lat' dir='ltr'><strong>pustcu</strong></span> <span class='ocrx_word' id='word_1_561' title='bbox 2854 4388 2906 4441; x_wconf 89' lang='lat' dir='ltr'><strong>in</strong></span> <span class='ocrx_word' id='word_1_562' title='bbox 2934 4386 3405 4463; x_wconf 84' lang='lat' dir='ltr'><strong>Constantinopoli</strong></span> 
     </span>
    </p>
   </div>
   <div class='ocr_carea' id='block_1_95' title="bbox 1786 4478 3405 4549">
    <p class='ocr_par' dir='ltr' id='par_1_95' title="bbox 1786 4478 3405 4549">
     <span class='ocr_line' id='line_1_96' title="bbox 1786 4478 3405 4549; baseline 0.007 -18"><span class='ocrx_word' id='word_1_563' title='bbox 1786 4488 2002 4534; x_wconf 80' lang='lat' dir='ltr'><strong>centum</strong></span> <span class='ocrx_word' id='word_1_564' title='bbox 2024 4478 2414 4548; x_wconf 86' lang='lat' dir='ltr'><strong>quinquaginta</strong></span> <span class='ocrx_word' id='word_1_565' title='bbox 2440 4479 2552 4534; x_wconf 88' lang='lat' dir='ltr'><strong>Deo</strong></span> <span class='ocrx_word' id='word_1_566' title='bbox 2585 4481 2968 4549; x_wconf 89' lang='lat' dir='ltr'><strong>inspiralorum</strong></span> <span class='ocrx_word' id='word_1_567' title='bbox 3014 4484 3255 4540; x_wconf 82' lang='lat' dir='ltr'><strong>virorum</strong></span> <span class='ocrx_word' id='word_1_568' title='bbox 3308 4487 3405 4542; x_wconf 82' lang='lat' dir='ltr'><strong>ad-</strong></span> 
     </span>
    </p>
   </div>
   <div class='ocr_carea' id='block_1_96' title="bbox 1785 4552 3405 4649">
    <p class='ocr_par' dir='ltr' id='par_1_96' title="bbox 1785 4552 3405 4649">
     <span class='ocr_line' id='line_1_97' title="bbox 1785 4552 3405 4649; baseline 0.009 -26"><span class='ocrx_word' id='word_1_569' title='bbox 1785 4584 2002 4625; x_wconf 85' lang='lat' dir='ltr'><strong>versum</strong></span> <span class='ocrx_word' id='word_1_570' title='bbox 2029 4570 2404 4627; x_wconf 87' lang='lat' dir='ltr'><strong>Macedonium</strong></span> <span class='ocrx_word' id='word_1_571' title='bbox 2437 4573 2868 4643; x_wconf 86' lang='lat' dir='ltr'><strong>impugnatorem</strong></span> <span class='ocrx_word' id='word_1_572' title='bbox 2893 4552 3127 4645; x_wconf 64' lang='lat' dir='ltr'><strong>Spiritus</strong></span> <span class='ocrx_word' id='word_1_573' title='bbox 3155 4589 3209 4634; x_wconf 89' lang='lat' dir='ltr'><strong>et</strong></span> <span class='ocrx_word' id='word_1_574' title='bbox 3238 4581 3405 4649; x_wconf 85' lang='lat' dir='ltr'><strong>Apol-</strong></span> 
     </span>
    </p>
   </div>
   <div class='ocr_carea' id='block_1_97' title="bbox 1786 4659 3405 4741">
    <p class='ocr_par' dir='ltr' id='par_1_97' title="bbox 1786 4659 3405 4741">
     <span class='ocr_line' id='line_1_98' title="bbox 1786 4659 3405 4741; baseline 0.007 -26"><span class='ocrx_word' id='word_1_575' title='bbox 1786 4659 2013 4716; x_wconf 87' lang='lat' dir='ltr'><strong>linarem</strong></span> <span class='ocrx_word' id='word_1_576' title='bbox 2064 4660 2314 4732; x_wconf 86' lang='lat' dir='ltr'><strong>impium,</strong></span> <span class='ocrx_word' id='word_1_577' title='bbox 2358 4663 2606 4718; x_wconf 89' lang='lat' dir='ltr'><strong>similiter</strong></span> <span class='ocrx_word' id='word_1_578' title='bbox 2653 4676 2703 4717; x_wconf 88' lang='lat' dir='ltr'><strong>et</strong></span> <span class='ocrx_word' id='word_1_579' title='bbox 2737 4681 2856 4735; x_wconf 70' lang='lat' dir='ltr'><strong>quze</strong></span> <span class='ocrx_word' id='word_1_580' title='bbox 2905 4667 2959 4721; x_wconf 92' lang='lat' dir='ltr'><strong>in</strong></span> <span class='ocrx_word' id='word_1_581' title='bbox 3009 4666 3227 4738; x_wconf 85' lang='lat' dir='ltr'><strong>Epheso</strong></span> <span class='ocrx_word' id='word_1_582' title='bbox 3255 4673 3405 4741; x_wconf 77' lang='lat' dir='ltr'><strong>prius</strong></span> 
     </span>
    </p>
   </div>
   <div class='ocr_carea' id='block_1_98' title="bbox 1786 4756 3403 4835">
    <p class='ocr_par' dir='ltr' id='par_1_98' title="bbox 1786 4756 3403 4835">
     <span class='ocr_line' id='line_1_99' title="bbox 1786 4756 3403 4835; baseline 0.007 -26"><span class='ocrx_word' id='word_1_583' title='bbox 1786 4756 2045 4811; x_wconf 83' lang='lat' dir='ltr'><strong>adversus</strong></span> <span class='ocrx_word' id='word_1_584' title='bbox 2076 4756 2380 4811; x_wconf 82' lang='lat' dir='ltr'><strong>Nestorium</strong></span> <span class='ocrx_word' id='word_1_585' title='bbox 2406 4756 2645 4812; x_wconf 74' lang='lat' dir='ltr'><strong>Judaica:</strong></span> <span class='ocrx_word' id='word_1_586' title='bbox 2676 4759 3043 4829; x_wconf 75' lang='lat' dir='ltr'><strong>intelligentia:</strong></span> <span class='ocrx_word' id='word_1_587' title='bbox 3079 4776 3403 4835; x_wconf 72' lang='lat' dir='ltr'><strong>congregata</strong></span> 
     </span>
    </p>
   </div>
   <div class='ocr_carea' id='block_1_99' title="bbox 1785 4846 3401 4923">
    <p class='ocr_par' dir='ltr' id='par_1_99' title="bbox 1785 4846 3401 4923">
     <span class='ocr_line' id='line_1_100' title="bbox 1785 4846 3401 4923; baseline 0.006 -23"><span class='ocrx_word' id='word_1_588' title='bbox 1785 4855 1868 4900; x_wconf 88' lang='lat' dir='ltr'><strong>est</strong></span> <span class='ocrx_word' id='word_1_589' title='bbox 1913 4846 2273 4902; x_wconf 90' lang='lat' dir='ltr'><strong>ducentorum</strong></span> <span class='ocrx_word' id='word_1_590' title='bbox 2326 4848 2719 4903; x_wconf 82' lang='lat' dir='ltr'><strong>venerabilium</strong></span> <span class='ocrx_word' id='word_1_591' title='bbox 2770 4851 3007 4906; x_wconf 84' lang='lat' dir='ltr'><strong>virorum</strong></span> <span class='ocrx_word' id='word_1_592' title='bbox 3037 4894 3052 4919; x_wconf 93' lang='lat'><strong>,</strong></span> <span class='ocrx_word' id='word_1_593' title='bbox 3096 4864 3149 4908; x_wconf 87' lang='lat' dir='ltr'><strong>et</strong></span> <span class='ocrx_word' id='word_1_594' title='bbox 3182 4872 3301 4923; x_wconf 74' lang='lat' dir='ltr'><strong>qua:</strong></span> <span class='ocrx_word' id='word_1_595' title='bbox 3346 4856 3401 4909; x_wconf 90' lang='lat' dir='ltr'><strong>in</strong></span> 
     </span>
    </p>
   </div>
   <div class='ocr_carea' id='block_1_100' title="bbox 1784 4942 3402 5021">
    <p class='ocr_par' dir='ltr' id='par_1_100' title="bbox 1784 4942 3402 5021">
     <span class='ocr_line' id='line_1_101' title="bbox 1784 4942 3402 5021; baseline 0.009 -26"><span class='ocrx_word' id='word_1_596' title='bbox 1784 4942 2129 4999; x_wconf 79' lang='lat' dir='ltr'><strong>Chalcedone</strong></span> <span class='ocrx_word' id='word_1_597' title='bbox 2176 4956 2553 5001; x_wconf 68' lang='lat' dir='ltr'><strong>sescentorum</strong></span> <span class='ocrx_word' id='word_1_598' title='bbox 2608 4952 2823 5016; x_wconf 74' lang='lat' dir='ltr'><strong>triginta</strong></span> <span class='ocrx_word' id='word_1_599' title='bbox 2856 4950 2967 5005; x_wconf 90' lang='lat' dir='ltr'><strong>Deo</strong></span> <span class='ocrx_word' id='word_1_600' title='bbox 3016 4952 3402 5021; x_wconf 80' lang='lat' dir='ltr'><strong>inspiratoruut</strong></span> 
     </span>
    </p>
   </div>
   <div class='ocr_carea' id='block_1_101' title="bbox 1787 5036 3399 5109">
    <p class='ocr_par' dir='ltr' id='par_1_101' title="bbox 1787 5036 3399 5109">
     <span class='ocr_line' id='line_1_102' title="bbox 1787 5036 3399 5109; baseline 0.009 -21"><span class='ocrx_word' id='word_1_601' title='bbox 1787 5036 2004 5090; x_wconf 85' lang='lat' dir='ltr'><strong>Patrum</strong></span> <span class='ocrx_word' id='word_1_602' title='bbox 2055 5038 2313 5093; x_wconf 85' lang='lat' dir='ltr'><strong>adversus</strong></span> <span class='ocrx_word' id='word_1_603' title='bbox 2345 5038 2642 5109; x_wconf 80' lang='lat' dir='ltr'><strong>Entyclietn</strong></span> <span class='ocrx_word' id='word_1_604' title='bbox 2688 5052 2741 5097; x_wconf 86' lang='lat' dir='ltr'><strong>et</strong></span> <span class='ocrx_word' id='word_1_605' title='bbox 2790 5043 3101 5099; x_wconf 83' lang='lat' dir='ltr'><strong>Dioscorum</strong></span> <span class='ocrx_word' id='word_1_606' title='bbox 3138 5046 3248 5102; x_wconf 84' lang='lat' dir='ltr'><strong>Deo</strong></span> <span class='ocrx_word' id='word_1_607' title='bbox 3281 5050 3399 5104; x_wconf 90' lang='lat' dir='ltr'><strong>0di-</strong></span> 
     </span>
    </p>
   </div>
   <div class='ocr_carea' id='block_1_102' title="bbox 1786 5130 3401 5206">
    <p class='ocr_par' dir='ltr' id='par_1_102' title="bbox 1786 5130 3401 5206">
     <span class='ocr_line' id='line_1_103' title="bbox 1786 5130 3401 5206; baseline 0.008 -21"><span class='ocrx_word' id='word_1_608' title='bbox 1786 5130 1983 5199; x_wconf 84' lang='lat' dir='ltr'><strong>bilem;</strong></span> <span class='ocrx_word' id='word_1_609' title='bbox 2035 5148 2197 5203; x_wconf 88' lang='lat' dir='ltr'><strong>super</strong></span> <span class='ocrx_word' id='word_1_610' title='bbox 2240 5138 2336 5189; x_wconf 89' lang='lat' dir='ltr'><strong>has</strong></span> <span class='ocrx_word' id='word_1_611' title='bbox 2380 5144 2433 5190; x_wconf 88' lang='lat' dir='ltr'><strong>et</strong></span> <span class='ocrx_word' id='word_1_612' title='bbox 2471 5137 2674 5190; x_wconf 77' lang='lat' dir='ltr'><strong>ultimae</strong></span> <span class='ocrx_word' id='word_1_613' title='bbox 2728 5139 2918 5192; x_wconf 85' lang='lat' dir='ltr'><strong>harum</strong></span> <span class='ocrx_word' id='word_1_614' title='bbox 2962 5138 3164 5206; x_wconf 66' lang='lat' dir='ltr'><strong>quinta:</strong></span> <span class='ocrx_word' id='word_1_615' title='bbox 3198 5152 3401 5197; x_wconf 75' lang='lat' dir='ltr'><strong>sancta:</strong></span> 
     </span>
    </p>
   </div>
   <div class='ocr_carea' id='block_1_103' title="bbox 1785 5228 3398 5301">
    <p class='ocr_par' dir='ltr' id='par_1_103' title="bbox 1785 5228 3398 5301">
     <span class='ocr_line' id='line_1_104' title="bbox 1785 5228 3398 5301; baseline 0.009 -21"><span class='ocrx_word' id='word_1_616' title='bbox 1785 5228 1975 5294; x_wconf 77' lang='lat' dir='ltr'><strong>synodi</strong></span> <span class='ocrx_word' id='word_1_617' title='bbox 2006 5244 2127 5297; x_wconf 78' lang='lat' dir='ltr'><strong>quae</strong></span> <span class='ocrx_word' id='word_1_618' title='bbox 2160 5230 2244 5283; x_wconf 83' lang='lat' dir='ltr'><strong>hic</strong></span> <span class='ocrx_word' id='word_1_619' title='bbox 2276 5242 2602 5301; x_wconf 79' lang='lat' dir='ltr'><strong>congregata</strong></span> <span class='ocrx_word' id='word_1_620' title='bbox 2634 5242 2716 5287; x_wconf 90' lang='lat' dir='ltr'><strong>est</strong></span> <span class='ocrx_word' id='word_1_621' title='bbox 2763 5232 3023 5289; x_wconf 85' lang='lat' dir='ltr'><strong>adversus</strong></span> <span class='ocrx_word' id='word_1_622' title='bbox 3052 5234 3398 5295; x_wconf 87' lang='lat' dir='ltr'><strong>Theodorum</strong></span> 
     </span>
    </p>
   </div>
   <div class='ocr_carea' id='block_1_104' title="bbox 1786 5320 3396 5401">
    <p class='ocr_par' dir='ltr' id='par_1_104' title="bbox 1786 5320 3396 5401">
     <span class='ocr_line' id='line_1_105' title="bbox 1786 5320 3396 5401; baseline 0.009 -27"><span class='ocrx_word' id='word_1_623' title='bbox 1786 5320 2221 5387; x_wconf 77' lang='lat' dir='ltr'><strong>Mapsuestenum</strong></span> <span class='ocrx_word' id='word_1_624' title='bbox 2259 5333 2307 5389; x_wconf 72' lang='grc' dir='ltr'><em>ε,</em></span> <span class='ocrx_word' id='word_1_625' title='bbox 2341 5323 2651 5392; x_wconf 84' lang='lat' dir='ltr'><strong>Origenem,</strong></span> <span class='ocrx_word' id='word_1_626' title='bbox 2692 5325 2973 5398; x_wconf 76' lang='lat' dir='ltr'><strong>Didymutn</strong></span> <span class='ocrx_word' id='word_1_627' title='bbox 3004 5336 3059 5383; x_wconf 84' lang='lat' dir='ltr'><strong>et</strong></span> <span class='ocrx_word' id='word_1_628' title='bbox 3084 5329 3396 5401; x_wconf 76' lang='lat' dir='ltr'><strong>Evagrinm,</strong></span> 
     </span>
    </p>
   </div>
   <div class='ocr_carea' id='block_1_105' title="bbox 1786 5414 3397 5493">
    <p class='ocr_par' dir='ltr' id='par_1_105' title="bbox 1786 5414 3397 5493">
     <span class='ocr_line' id='line_1_106' title="bbox 1786 5414 3397 5493; baseline 0.008 -26"><span class='ocrx_word' id='word_1_629' title='bbox 1786 5422 1838 5467; x_wconf 90' lang='lat' dir='ltr'><strong>et</strong></span> <span class='ocrx_word' id='word_1_630' title='bbox 1884 5415 2083 5481; x_wconf 89' lang='lat' dir='ltr'><strong>scripta</strong></span> <span class='ocrx_word' id='word_1_631' title='bbox 2132 5414 2460 5470; x_wconf 81' lang='lat' dir='ltr'><strong>Theodoreti</strong></span> <span class='ocrx_word' id='word_1_632' title='bbox 2506 5417 2793 5473; x_wconf 83' lang='lat' dir='ltr'><strong>adversum</strong></span> <span class='ocrx_word' id='word_1_633' title='bbox 2825 5419 3109 5475; x_wconf 86' lang='lat' dir='ltr'><strong>duodecim</strong></span> <span class='ocrx_word' id='word_1_634' title='bbox 3165 5426 3397 5493; x_wconf 83' lang='lat' dir='ltr'><strong>capitula</strong></span> 
     </span>
    </p>
   </div>
   <div class='ocr_carea' id='block_1_106' title="bbox 1784 5502 3396 5582">
    <p class='ocr_par' dir='ltr' id='par_1_106' title="bbox 1784 5502 3396 5582">
     <span class='ocr_line' id='line_1_107' title="bbox 1784 5502 3396 5582; baseline 0.01 -24"><span class='ocrx_word' id='word_1_635' title='bbox 1784 5502 2068 5560; x_wconf 84' lang='lat' dir='ltr'><strong>laudabilis</strong></span> <span class='ocrx_word' id='word_1_636' title='bbox 2114 5505 2321 5575; x_wconf 83' lang='lat' dir='ltr'><strong>Cyrilli,</strong></span> <span class='ocrx_word' id='word_1_637' title='bbox 2372 5520 2422 5562; x_wconf 91' lang='lat' dir='ltr'><strong>et</strong></span> <span class='ocrx_word' id='word_1_638' title='bbox 2471 5510 2749 5579; x_wconf 87' lang='lat' dir='ltr'><strong>epistolam</strong></span> <span class='ocrx_word' id='word_1_639' title='bbox 2801 5527 2922 5582; x_wconf 79' lang='lat' dir='ltr'><strong>quae</strong></span> <span class='ocrx_word' id='word_1_640' title='bbox 2948 5513 3149 5570; x_wconf 85' lang='lat' dir='ltr'><strong>dicitur</strong></span> <span class='ocrx_word' id='word_1_641' title='bbox 3193 5517 3298 5573; x_wconf 70' lang='lat' dir='ltr'><strong>Iba:</strong></span> <span class='ocrx_word' id='word_1_642' title='bbox 3325 5517 3396 5573; x_wconf 86' lang='lat' dir='ltr'><strong>ad</strong></span> 
     </span>
    </p>
   </div>
   <div class='ocr_carea' id='block_1_107' title="bbox 1783 5593 3394 5673">
    <p class='ocr_par' dir='ltr' id='par_1_107' title="bbox 1783 5593 3394 5673">
     <span class='ocr_line' id='line_1_108' title="bbox 1783 5593 3394 5673; baseline 0.01 -25"><span class='ocrx_word' id='word_1_643' title='bbox 1783 5593 1954 5650; x_wconf 83' lang='lat' dir='ltr'><strong>Marin</strong></span> <span class='ocrx_word' id='word_1_644' title='bbox 2002 5596 2223 5653; x_wconf 88' lang='lat' dir='ltr'><strong>Persam</strong></span> <span class='ocrx_word' id='word_1_645' title='bbox 2263 5600 2540 5669; x_wconf 87' lang='lat' dir='ltr'><strong>scriptam,</strong></span> <span class='ocrx_word' id='word_1_646' title='bbox 2578 5603 2789 5671; x_wconf 85' lang='lat' dir='ltr'><strong>pictatis</strong></span> <span class='ocrx_word' id='word_1_647' title='bbox 2817 5605 3033 5673; x_wconf 86' lang='lat' dir='ltr'><strong>quidem</strong></span> <span class='ocrx_word' id='word_1_648' title='bbox 3085 5617 3394 5664; x_wconf 82' lang='lat' dir='ltr'><strong>restaurans</strong></span> 
     </span>
    </p>
   </div>
   <div class='ocr_carea' id='block_1_108' title="bbox 1786 5689 3394 5769">
    <p class='ocr_par' dir='ltr' id='par_1_108' title="bbox 1786 5689 3394 5769">
     <span class='ocr_line' id='line_1_109' title="bbox 1786 5689 3394 5769; baseline 0.007 -26"><span class='ocrx_word' id='word_1_649' title='bbox 1786 5689 2087 5746; x_wconf 85' lang='lat' dir='ltr'><strong>sanctiones</strong></span> <span class='ocrx_word' id='word_1_650' title='bbox 2118 5690 2172 5744; x_wconf 89' lang='lat' dir='ltr'><strong>in</strong></span> <span class='ocrx_word' id='word_1_651' title='bbox 2202 5690 2453 5747; x_wconf 83' lang='lat' dir='ltr'><strong>omnibus</strong></span> <span class='ocrx_word' id='word_1_652' title='bbox 2495 5693 2743 5759; x_wconf 83' lang='lat' dir='ltr'><strong>illibatus,</strong></span> <span class='ocrx_word' id='word_1_653' title='bbox 2778 5693 2999 5764; x_wconf 78' lang='lat' dir='ltr'><strong>profana</strong></span> <span class='ocrx_word' id='word_1_654' title='bbox 3032 5712 3163 5754; x_wconf 91' lang='lat' dir='ltr'><strong>vero</strong></span> <span class='ocrx_word' id='word_1_655' title='bbox 3204 5698 3394 5769; x_wconf 54' lang='lat' dir='ltr'><strong>impie‘</strong></span> 
     </span>
    </p>
   </div>
   <div class='ocr_carea' id='block_1_109' title="bbox 1783 5825 2234 5895">
    <p class='ocr_par' dir='ltr' id='par_1_109' title="bbox 1783 5825 2234 5895">
     <span class='ocr_line' id='line_1_110' title="bbox 1783 5825 2234 5895; baseline 0.009 -15"><span class='ocrx_word' id='word_1_656' title='bbox 1783 5825 1842 5880; x_wconf 78' lang='grc' dir='ltr'><strong>Β.</strong></span> <span class='ocrx_word' id='word_1_657' title='bbox 1864 5827 1922 5880; x_wconf 85' lang='lat'><strong>8.</strong></span> <span class='ocrx_word' id='word_1_658' title='bbox 1954 5831 2234 5895; x_wconf 83' lang='lat' dir='ltr'><strong>reperitur.</strong></span> 
     </span>
    </p>
   </div>
   <div class='ocr_carea' id='block_1_110' title="bbox 1855 5898 3284 5971">
    <p class='ocr_par' dir='ltr' id='par_1_110' title="bbox 1855 5898 3284 5971">
     <span class='ocr_line' id='line_1_111' title="bbox 1855 5898 3284 5971; baseline 0.005 -18"><span class='ocrx_word' id='word_1_659' title='bbox 1855 5898 1879 5937; x_wconf 76' lang='grc' dir='ltr'><strong>ι’</strong></span> <span class='ocrx_word' id='word_1_660' title='bbox 1916 5902 1987 5954; x_wconf 63' lang='lat' dir='ltr'><strong>lix</strong></span> <span class='ocrx_word' id='word_1_661' title='bbox 2024 5901 2086 5953; x_wconf 93' lang='lat' dir='ltr'>U.</span> <span class='ocrx_word' id='word_1_662' title='bbox 2124 5902 2178 5955; x_wconf 86' lang='lat' dir='ltr'><strong>lu</strong></span> <span class='ocrx_word' id='word_1_663' title='bbox 2208 5905 2265 5963; x_wconf 71' lang='grc' dir='ltr'><strong>Β.</strong></span> <span class='ocrx_word' id='word_1_664' title='bbox 2295 5901 2359 5957; x_wconf 82' lang='lat'><strong>8.</strong></span> <span class='ocrx_word' id='word_1_665' title='bbox 2390 5912 2445 5957; x_wconf 91' lang='lat' dir='ltr'><strong>et</strong></span> <span class='ocrx_word' id='word_1_666' title='bbox 2475 5902 2694 5971; x_wconf 73' lang='lat' dir='ltr'><strong>reliquis</strong></span> <span class='ocrx_word' id='word_1_667' title='bbox 2723 5903 2903 5961; x_wconf 88' lang='lat' dir='ltr'><strong>deﬁcit</strong></span> <span class='ocrx_word' id='word_1_668' title='bbox 2933 5910 3155 5963; x_wconf 84' lang='lat' dir='ltr'><strong>verbum</strong></span> <span class='ocrx_word' id='word_1_669' title='bbox 3188 5916 3284 5960; x_wconf 76' lang='lat' dir='ltr'><strong>est.</strong></span> 
     </span>
    </p>
   </div>
   <div class='ocr_carea' id='block_1_111' title="bbox 1860 5974 3387 6050">
    <p class='ocr_par' dir='ltr' id='par_1_111' title="bbox 1860 5974 3387 6050">
     <span class='ocr_line' id='line_1_112' title="bbox 1860 5974 3387 6050; baseline 0.005 -23"><span class='ocrx_word' id='word_1_670' title='bbox 1860 5982 1880 6009; x_wconf 75' lang='grc' dir='ltr'><strong>ι·</strong></span> <span class='ocrx_word' id='word_1_671' title='bbox 1917 5974 1991 6028; x_wconf 66' lang='lat' dir='ltr'><strong>lix</strong></span> <span class='ocrx_word' id='word_1_672' title='bbox 2021 5975 2239 6047; x_wconf 62' lang='lat' dir='ltr'><strong>i&#39;iliquis</strong></span> <span class='ocrx_word' id='word_1_673' title='bbox 2273 5982 2470 6045; x_wconf 66' lang='grc' dir='ltr'><strong>ιιττυιεν</strong></span> <span class='ocrx_word' id='word_1_674' title='bbox 2490 5974 2546 6031; x_wconf 79' lang='grc' dir='ltr'><strong>Β.</strong></span> <span class='ocrx_word' id='word_1_675' title='bbox 2575 5974 2665 6037; x_wconf 75' lang='lat'><strong>8.,</strong></span> <span class='ocrx_word' id='word_1_676' title='bbox 2698 5977 2749 6036; x_wconf 88' lang='lat' dir='ltr'><strong>in</strong></span> <span class='ocrx_word' id='word_1_677' title='bbox 2778 5992 2883 6047; x_wconf 83' lang='lat' dir='ltr'><strong>quo</strong></span> <span class='ocrx_word' id='word_1_678' title='bbox 2915 5995 2928 6033; x_wconf 88' lang='lat'><strong>:</strong></span> <span class='ocrx_word' id='word_1_679' title='bbox 2967 5977 3387 6050; x_wconf 75' lang='lat' dir='ltr'><strong>Mopsuetennm.</strong></span> 
     </span>
    </p>
   </div>
   <div class='ocr_carea' id='block_1_112' title="bbox 2952 6074 2992 6134">
    <p class='ocr_par' dir='ltr' id='par_1_112' title="bbox 2952 6074 2992 6134">
     <span class='ocr_line' id='line_1_113' title="bbox 2952 6074 2992 6134; baseline 0 0"><span class='ocrx_word' id='word_1_680' title='bbox 2952 6074 2992 6134; x_wconf 70' lang='grc' dir='ltr'>ὅ</span> 
     </span>
    </p>
   </div>
  </div>
