3882 6424
467 450 570 507 139

1156 443 1536 504 COLLECTIO
1574 445 1899 504 CANONUM
1953 447 2014 503 S.
2057 445 2327 505 ISIDORO
2367 446 2633 505 lllSPAL.
2676 448 3033 507 ASCRlPTA.

3641 450 3739 505 ΗΟ

467 565 593 620 tatis
622 563 906 635 projieiens
936 562 1205 632 dogmata,
1232 571 1285 616 et
1313 561 1362 615 id
1396 560 1538 632 quod
1585 576 1613 615 a
1665 561 1918 617 trecentis
1956 559 2050 615 de-
2076 563 2128 621 Α
2157 562 2219 615 ad
2244 577 2391 617 suam
2418 565 2683 633 propriam
2709 564 3039 617 voluntatem
3075 570 3193 630 apta
3223 562 3529 627 inveniens,
3562 559 3739 616 Theo-

466 671 585 710 cem
616 666 671 711 et
697 666 817 710 octo
847 654 1092 709 Patribus
1126 656 1424 723 expositum
1453 662 1556 719 est,
1590 652 1821 722 itemque
1847 651 1987 721 quod
2019 665 2047 704 a

466 761 681 806 centum
715 748 1089 820 quinquaginta
1120 747 1231 803 Deo
1280 746 1551 817 iuspiratis
1594 746 1720 801 viris
1766 745 2051 799 conﬁrma-

467 852 577 898 tum
631 854 733 908 est,
783 843 923 913 quod
966 850 1021 897 et
1048 852 1256 896 caetera:
1294 849 1493 896 sanctze
1522 840 1710 912 synodi
1739 838 1805 893 ad
1838 852 2047 907 perem-

463 936 713 1015 ptionem
733 935 893 989 totius
924 934 1191 1003 pestiferae
1240 933 1462 988 haeresis
1508 940 1748 1002 prompte
1796 944 2049 1000 suscepe-

463 1036 589 1083 runt
634 1035 918 1095 ratumque
949 1026 1269 1090 habuerunt,
1301 1024 1601 1095 symbolum
1633 1033 1687 1079 et
1728 1023 1843 1079 brec
1870 1031 2050 1078 nostra

464 1129 645 1175 saneta
675 1128 727 1175 et
754 1119 1069 1175 universalis
1099 1133 1129 1173 a
1148 1118 1258 1173 Deo
1280 1115 1536 1187 inspirata
1564 1113 1895 1185 consignavit
1922 1130 2050 1186 syn-

462 1207 619 1266 o'dtts.

462 1290 765 1374 Synibolttm
812 1300 1014 1356 Nic-mni
1038 1300 1243 1425 conjilii
1274 1310 1611 1357 trecentorum
1648 1301 1819 1354 decem
1849 1306 1896 1353 et
1938 1304 2049 1351 octo

1186 1383 1375 1425 atrum.

1186 1383 1375 1429 atrum.

528 1462 810 1520 Credimus
842 1465 893 1520 in
925 1480 1085 1520 unum
1127 1465 1295 1520 Deum
1344 1466 1553 1520 Patrem
1605 1463 2046 1533 omnipotentem,

458 1558 694 1611 omnium
724 1556 1009 1611 visibilium
1038 1567 1094 1611 et
1134 1556 1482 1611 invisibilium
1513 1557 1839 1613 conditorem
1872 1555 1958 1629 IT.
1995 1556 2047 1621 l,

455 1647 510 1709 Et,
540 1644 822 1718 fauorem]
855 1664 869 1701 :
903 1656 957 1701 et
978 1647 1029 1701 in
1058 1663 1219 1701 unum
1254 1649 1534 1702 Dominum
1566 1647 1747 1703 Iesum
1779 1648 2045 1702 Christum

454 1735 653 1791 Filium
684 1737 797 1802 Dei,
823 1738 914 1807 qui
943 1746 1097 1793 natus
1124 1748 1206 1793 est
1249 1754 1312 1793 ex
1356 1741 1533 1805 Patre,
1562 1742 1913 1809 unigenitum,
1947 1738 2047 1792 hoc

456 1822 539 1883 est
568 1829 636 1883 de
666 1829 895 1884 essentia
926 1829 1120 1894 Patris,
1158 1830 1323 1885 Deum
1375 1831 1442 1885 de
1485 1831 1615 1895 Deo,
1649 1832 1825 1885 lumen
1873 1819 1937 1883 de
1966 1829 2046 1883 lu-

2157 655 2345 709 dorum
2377 656 2605 710 dicimus
2638 655 3047 709 Pltarauitanum
3079 653 3197 726 [U.,
3234 654 3745 711 Pbaranitauornml

2157 749 2487 817 episcopum,
2515 748 2782 817 Sergium,
2802 748 3047 811 Paulum,
3070 749 3351 817 Pyrrhum,
3378 750 3619 809 Petrum,
3656 764 3744 815 qut

2158 838 2369 894 fuerunt
2400 841 2557 910 hujus
2574 842 2733 912 regia:
2763 841 2910 893 urbis
2931 841 3451 910 praetules,inSitper
3474 852 3531 895 et
3565 842 3743 894 ηοω)-

2156 932 2295 985 rium
2327 932 2414 999 qui
2467 932 2561 984 fuit
2622 945 2754 1001 pupa
2807 932 3042 998 antiqua:
3093 931 3297 995 Romae,
3339 941 3394 985 et
3421 930 3622 1001 Cyrum
3654 932 3747 998 qui

2157 1022 2497 1078 Alexandriae
2544 1022 2711 1075 tenuit
2761 1022 3153 1092 episcopatum,
3185 1022 3477 1075 Macarium
3533 1038 3751 1089 quoque

2155 1117 2247 1185 qui
2280 1115 2373 1171 fuit
2412 1131 2579 1186 nuper
2601 1115 2897 1172 Antiochia:
2926 1120 3141 1186 praesul.
3172 1129 3224 1173 et
3252 1118 3587 1186 Stephanum
3631 1118 3754 1183 ejus

2154 1205 2503 1275 discipulum,
2550 1222 2652 1261 non
2683 1209 2888 1278 quievit
2922 1223 3018 1275 per
3046 1224 3137 1263 eos
3193 1209 3511 1277 plenitudini
3566 1209 3758 1262 Eccle-

2153 1296 2250 1351 sia:
2295 1299 2499 1353 erroris
2543 1301 2793 1353 scandala
2837 1300 3077 1354 excitare
3134 1303 3293 1356 unius.
3347 1302 3644 1355 voluntatis
3705 1311 3760 1353 cl

2153 1391 2311 1445 unius
2334 1392 2660 1460 operationis
2710 1395 2759 1447 in
2791 1393 2997 1448 duabus
3029 1396 3233 1448 naturis
3265 1395 3426 1448 unius
3456 1394 3526 1448 de
3567 1404 3761 1448 sancta

2153 1484 2413 1541 Trinitate
2442 1487 2552 1558 66
2577 1486 2772 1542 Christi
2801 1489 2909 1543 veri
2940 1488 3030 1544 Dei
3066 1489 3232 1543 nostri
3262 1488 3579 1543 orthodoxa:
3614 1487 3761 1555 plebi

2153 1590 2513 1636 consonanter
2562 1581 2964 1637 disseminando
3016 1583 3279 1638 haeresem
3326 1594 3761 1638 consentaneant

2153 1672 2356 1728 insana:
2408 1688 2470 1729 ac
2522 1674 2801 1728 malitiosa:
2848 1683 3009 1730 sectze
3060 1673 3348 1744 impiorum
3404 1673 3761 1741 Apollinarii,

2151 1762 2335 1819 Severi
2371 1777 2531 1833 atque
2558 1765 2860 1830 Tltemistii,
2896 1782 3013 1836 quae
3045 1779 3239 1821 conata
3272 1776 3355 1820 est
3403 1767 3764 1835 exstinguere

2150 1856 2534 1924 perfectionem
2582 1858 2930 1911 immanitatis
2962 1856 3120 1912 unius
3150 1858 3506 1927 ejusdemque
3542 1856 3766 1911 Domini

454 1918 620 1982 mine,
650 1918 823 2018 Deum.
847 1933 1034 2018 verum
1059 1918 1127 1973 de
1150 1919 1260 1973 Deo
1284 1933 1431 1982 vero,
1458 1928 1658 1981 natum,
1691 1935 1795 1973 non
1826 1920 2038 1982 factum.
2074 1928 2123 1989 B
2150 1918 2276 2002 lesu
2309 1945 2507 2002 Curtsti
2542 1947 2634 2002 Dei
2662 1949 2827 2002 nostri
2860 1962 2952 2018 per
2977 1918 3264 2017 quamdam
3294 1918 3549 2003 callidam
3594 1948 3765 2001 adr'n-

458 2008 967 2063 consubstantialem
999 2008 1165 2075 Patri,
1192 2024 1289 2079 per
1316 2015 1475 2080 quem
1517 2011 1695 2063 omnia
1746 2013 1880 2064 facta
1925 2026 2049 2065 sunt

456 2117 573 2169 qua:
601 2101 653 2156 in
682 2102 840 2169 coelo,
871 2113 923 2157 et
946 2116 1066 2172 quas
1096 2104 1151 2156 ln
1181 2113 1347 2168 terra,
1370 2102 1477 2173 65
1506 2112 1724 2172 propter
1746 2116 1845 2156 nos
1878 2102 2049 2157 homi-

453 2211 551 2251 nes
574 2205 628 2251 et
656 2206 875 2266 propter
896 2205 1132 2251 nostram
1162 2197 1388 2250 salutem
1411 2195 1847 2264 descendentem,
1879 2196 2045 2248 incar-

451 2298 741 2358 natumque
787 2299 840 2343 et
888 2288 1254 2351 bumanatum,
1305 2300 1519 2357 passmn
1569 2296 1624 2341 et
1673 2296 2041 2357 resurgentem

450 2377 607 2433 tertia
640 2380 745 2447 die,
774 2389 828 2433 et
856 2378 1235 2434 ascendentem
1265 2376 1319 2430 in
1348 2376 1535 2441 coalos,
1570 2390 1622 2429 et
1652 2389 1933 2431 venturum
1959 2377 2043 2445 ju-

450 2466 633 2521 dicare
679 2470 827 2520 vivos
874 2475 931 2521 et
978 2478 1216 2521 mortuos
1262 2482 1277 2518 :
1324 2473 1379 2518 et
1407 2464 1460 2518 in
1486 2464 1744 2535 Spiritum
1775 2474 2038 2520 sanctum.

450 2556 562 2611 Eos
591 2572 720 2613 vero
743 2558 831 2628 qui
859 2556 1041 2613 dicunt
1062 2558 1187 2627 quia
1215 2566 1333 2613 erat
1378 2559 1662 2626 aliquando
1692 2559 1903 2627 quando
1935 2574 2041 2614 non

448 2660 565 2709 erat
593 2660 640 2718 η,
670 2650 867 2721 etquia
893 2666 958 2706 ex
989 2650 1155 2705 nihilo
1182 2648 1352 2705 factus
1387 2660 1469 2707 est
1498 2651 1582 2705 vel
1620 2666 1685 2705 ex
1713 2650 1878 2705 altera
1906 2651 2038 2705 sub-

445 2744 640 2799 stantia
671 2743 752 2797 vel
779 2741 1031 2807 essentia,
1060 2740 1305 2799 dicentes
1332 2750 1573 2798 essecaut
1602 2744 1911 2798 mutabilem
1944 2752 2037 2797 aut

444 2837 749 2892 vertibilem
778 2836 970 2892 Filium
1021 2837 1135 2905 Dei,
1177 2837 1276 2892 hos
1315 2840 1729 2893 anathematizat
1772 2839 2036 2895 catholica

447 2938 503 2985 et
530 2928 824 2998 apostolica
848 2928 1104 2983 Ecclesia.

448 3020 755 3090 Symbolum
798 3028 999 3072 centum
1050 3021 1419 3091 quinquaginta
1470 3030 1765 3076 sanctorum
1814 3020 2035 3075 Patrum

773 3091 1218 3162 ConstantinOpoli
1265 3102 1715 3163 congregatarum.

514 3184 799 3241 Credimus
831 3184 883 3237 in
910 3198 1072 3238 unum
1102 3184 1268 3239 Deum
1318 3184 1532 3241 Patrem
1586 3186 2031 3253 omnipotentem,

445 3278 705 3332 faetorem
735 3276 857 3331 caeli
880 3284 935 3331 et
958 3284 1133 3341 terrae,
1148 3275 1433 3331 visibilium
1455 3278 1696 3331 omnium
1718 3278 2029 3333 etiuvisibiv

443 3366 576 3420 lium
606 3363 938 3420 conditorem
962 3374 1045 3419 :et
1068 3365 1119 3419 in
1143 3380 1307 3419 unum
1343 3364 1628 3421 Dominum
1661 3366 1842 3422 Iesum
1871 3367 2031 3422 Chri-

445 3469 587 3514 stum
613 3458 803 3513 Filium
839 3458 931 3512 Dei
975 3459 1326 3528 unigenitum,
1354 3460 1441 3527 qui
1491 3473 1558 3513 ex
1582 3459 1739 3514 Patre
1771 3468 1925 3516 natus
1951 3469 2036 3516 est

441 3562 568 3605 ante
586 3550 762 3604 omnia
793 3548 1009 3609 saecula,
1035 3549 1211 3602 lumen
1228 3547 1299 3602 de
1321 3547 1544 3613 lumine,
1564 3547 1729 3603 Deum
1755 3562 1943 3603 verum
1962 3549 2033 3605 de

447 3642 565 3697 Deo
586 3656 733 3705 vero,
762 3650 966 3698 natum.
998 3654 1103 3693 non
1133 3638 1352 3705 factum,
1387 3637 1897 3694 consubstantialem
1928 3641 2033 3695 Pa-

446 3732 538 3797 tri,
574 3747 669 3799 per
688 3746 845 3801 quem
879 3729 1058 3786 omnia
1087 3732 1224 3784 laeta
1244 3737 1387 3792 sunt,
1420 3744 1641 3800 propter
1668 3743 1767 3784 nos
1790 3729 2033 3786 homines

440 3836 494 3883 et
527 3833 745 3896 propter
774 3830 1009 3877 nostram
1044 3820 1271 3877 salutem
1304 3819 1722 3875 descendentem
1756 3819 1825 3875 de
1858 3822 2029 3887 ccelis,

443 3926 503 3973 et
528 3916 861 3971 incarnatum
887 3912 955 3967 de
986 3911 1187 3982 Spiritu
1216 3921 1403 3966 sancto
1432 3917 1488 3966 et
1513 3910 1675 3967 Maria
1720 3911 1946 3981 virgine,
1977 3921 2033 3968 et

446 4012 826 4076 liumanatum,
878 4006 1299 4075 cruciﬁxumque
1353 4018 1451 4074 pro
1506 4006 1661 4061 nobis
1712 4006 1811 4062 sub
1839 4007 2031 4062 Pontio

438 4099 635 4165 Pilato,
667 4108 723 4154 et
748 4111 989 4168 passum,
1031 4103 1087 4151 et
1105 4095 1399 4165 sepultum,
1422 4104 1480 4150 et
1522 4107 1890 4166 resurgentem
1925 4108 2029 4155 ter-

438 4193 512 4247 tia
567 4191 655 4245 die
702 4188 997 4244 secundum
1054 4186 1400 4257 Scripturas,
1448 4193 1503 4241 et
1549 4188 1923 4244 ascendentem
1974 4190 2027 4245 in

436 4282 630 4348 caelos,
665 4288 719 4335 et
748 4280 1023 4334 sedentem
1070 4276 1136 4330 ad
1179 4275 1455 4331 dexteram
1493 4275 1687 4341 Patris,
1732 4287 1787 4333 et
1835 4278 2026 4333 iterum

439 4381 727 4428 venturum
752 4384 871 4424 cum
903 4367 1069 4439 gloria
1094 4366 1340 4436 judicare
1364 4368 1516 4421 vivos
1544 4376 1597 4422 et
1642 4377 1904 4435 mei-tuos,
1936 4386 2030 4426 cu-

436 4467 526 4536 jus
577 4462 730 4533 regni
768 4477 875 4516 non
913 4461 1016 4515 erit
1062 4458 1181 4514 ﬁnis
1216 4477 1229 4511 :
1263 4468 1317 4514 et
1372 4459 1425 4513 in
1467 4459 1725 4530 Spiritum
1782 4474 2024 4520 sanetum

438 4556 726 4611 Dominum
782 4562 837 4608 et
872 4551 1257 4617 vivificantem,
1312 4551 1404 4621 qui
1444 4566 1509 4605 ex
1556 4552 1710 4608 Patre
1743 4558 2022 4624 procedit,

2150 2039 2480 2103 ventionem,
2511 2056 2576 2094 ex
2600 2039 2702 2093 hoc
2729 2041 2869 2109 quod
2916 2039 3118 2109 absque
3151 2042 3435 2095 voluntate
3465 2048 3521 2093 et
3546 2039 3769 2109 absque

2148 2130 2465 2199 operatione
2526 2129 2963 2185 intellectualiter
3008 2132 3303 2185 animatam
3344 2131 3467 2201 ejus
3528 2144 3770 2185 carnem

2148 2222 2575 2291 blasphemando
2629 2224 2939 2278 intromisit.
2975 2223 3247 2279 Excitavit
3306 2224 3470 2296 igitur
3500 2223 3772 2278 Christus

2146 2311 2289 2366 Deus
2310 2322 2493 2367 noster
2520 2312 2893 2368 ﬁdelissimum
2916 2312 3301 2385 imperatorem
3321 2329 3525 2369 novum
3554 2314 3770 2383 David,

2146 2405 2317 2459 virum
2338 2407 2632 2460 secundum
2657 2422 2752 2463 cor
2775 2423 2930 2463 suum
2959 2410 3259 2477 inveniens,
3289 2411 3378 2480 qui
3417 2425 3524 2465 non
3577 2410 3776 2477 dedit,

2143 2496 2295 2564 juxta
2318 2497 2460 2567 quod
2488 2499 2745 2568 scriptum
2768 2510 2869 2567 est,
2886 2516 3133 2555 somnum
3164 2503 3335 2557 oculis
3363 2504 3781 2572 suisetpatpe-

2144 2591 2255 2648 bris
2268 2596 2377 2649 suis
2394 2594 2854 2661 dormitationem,
2870 2596 3041 2652 donec
3054 2612 3149 2666 per
3166 2598 3307 2652 hunc
3327 2613 3359 2652 n
3373 2620 3376 2637 π
3389 2607 3579 2651 strum
3595 2612 3627 2651 a
3650 2597 3781 2653 Deo

2144 2698 2523 2756 Congregatum
2538 2700 2856 2756 sacrumque
2870 2700 3195 2743 conventum
3225 2689 3397 2757 ipsum
3428 2696 3602 2743 recta:
3635 2689 3786 2745 ﬁdei

2142 2775 2345 2845 reperit
2370 2776 2661 2846 perfectam
2695 2777 3175 2847 praedicationem;
3209 2778 3510 2834 secundum
3547 2780 3716 2835 enim
3748 2796 3783 2835 a

2141 2868 2254 2923 Deo
2287 2869 2487 2924 editam
2509 2884 2723 2936 vocem,
2758 2871 2843 2924 ubi
2871 2873 2975 2924 duo
2999 2872 3076 2925 vel
3098 2880 3197 2925 tres
3229 2873 3423 2942 fuerint
3449 2876 3790 2947 congregati

2138 2962 2197 3016 in
2220 2964 2424 3017 nomine
2464 2980 2607 3030 meo,
2658 2964 2728 3016 ibi
2776 2981 2888 3019 sum
2934 2965 2988 3018 in
3020 2967 3189 3019 medio
3216 2983 3416 3021 eorum.
3447 2967 3588 3035 Quae
3624 2985 3792 3036 prm—

2142 3066 2266 3108 sens
2292 3066 2475 3108 sancta
2523 3065 2579 3109 et
2625 3045 2943 3111 universalis
2991 3059 3232 3128 synodus
3288 3058 3524 3114 ﬁdeliter
3588 3062 3797 3117 susci~

2139 3145 2291 3216 piens
2312 3156 2443 3202 etex
2454 3147 2632 3215 pansis
2660 3147 2905 3204 manibus
2927 3150 3262 3216 ampleCtens
3283 3161 3389 3204 tam
3414 3166 3541 3221 qua:
3563 3168 3595 3205 τι
3630 3168 3791 3208 san-

2138 3237 2378 3293 etissimo
2399 3253 2460 3293 ac
2483 3238 2792 3293 beatissimo
2808 3239 3093 3308 Agathone
3119 3256 3255 3310 papa
3290 3241 3535 3311 antiquae.
3559 3241 3790 3301 Romae

2142 3330 2277 3385 facta
2300 3341 2382 3386 est
2421 3332 2692 3403 suggestio
2718 3333 2787 3387 ad
2820 3331 3117 3401 piissimum
3158 3345 3323 3403 atque
3362 3336 3795 3394 ﬁdelissimum

2139 3430 2383 3477 nostrum
2407 3423 2786 3494 imperatorem
2808 3424 3248 3491 Constantinum,
3276 3443 3397 3496 qua:
3422 3432 3801 3489 nominatim

2138 3511 2335 3567 refutat
2362 3526 2455 3567 eos
2471 3512 2559 3582 qui
2590 3515 2889 3569 docuerunt
2907 3516 2985 3570 vel
3013 3517 3469 3589 prmdiearerunt,
3490 3521 3622 3575 βίω
3637 3533 3661 3577 ι
3681 3539 3803 3579 su—

2136 3606 2315 3675 perius
2336 3606 2537 3661 dictum
2558 3616 2663 3673 est,
2679 3622 2839 3661 unam
2867 3609 3195 3665 voluntatem
3212 3619 3267 3666 et
3290 3627 3450 3667 unam
3469 3629 3667 3684 opera
3682 3618 3811 3673 tio-

2136 3712 2258 3752 nem
2279 3697 2330 3751 in
2351 3699 2731 3754 incarnationis
2748 3699 3152 3768 dispensatione
3170 3702 3375 3758 Christi
3393 3706 3511 3759 veri
3540 3706 3657 3764 Dei
3684 3725 3776 3765 no
3792 3742 3807 3751 -

2136 3790 2459 3856 stri,‘adhzee
2480 3805 2692 3861 quoque
2709 3792 2954 3861 amplexa
2978 3803 3061 3848 est
3089 3803 3144 3849 et
3172 3810 3294 3864 qua:
3327 3796 3499 3850 missa
3520 3807 3621 3853 est.
3638 3814 3678 3854 a
3704 3817 3781 3855 sa
3797 3833 3817 3844 -

2134 3885 2645 3954 croconcilio,quod
2669 3885 2769 3939 sub
2793 3886 2985 3941 eodem
3000 3887 3349 3942 sanctissimo
3371 3904 3517 3957 papa
3536 3904 3639 3947 est.
3666 3910 3819 3951 cen-

2134 3983 2243 4029 tum
2275 3976 2461 4046 viginti
2494 3978 2727 4047 quinque
2750 3978 2858 4032 Deo
2882 3978 3193 4034 amabiliutn
3218 3982 3676 4055 episcoporum,
3717 3990 3819 4044 al-

2134 4078 2300 4124 teram
2341 4071 2651 4141 synodalem
2692 4074 3093 4141 suggestionem
3154 4074 3222 4129 ad
3275 4074 3396 4144 ejus
3446 4091 3478 4128 a
3527 4077 3675 4136 Deo
3722 4082 3821 4136 in-

2131 4169 2387 4215 structam
2422 4162 2886 4231 tranquillitatem,
2919 4174 3105 4235 utpote
3137 4177 3516 4224 consauantes
3558 4185 3818 4231 sancto

2130 4251 2553 4307 Chalcedonensi
2607 4263 2661 4308 et
2714 4265 2863 4309 torno
2921 4259 3281 4312 sacratissimi
3336 4270 3392 4314 et
3445 4262 3825 4323 beatissimi

2132 4360 2281 4416 papze
2311 4346 2549 4415 ejusdem
2600 4346 2833 4416 antiqua:
2879 4348 3064 4404 Roma:
3108 4350 3330 4417 Leonis,
3366 4352 3458 4422 qui
3506 4356 3830 4417 directus

2128 4444 2211 4489 est
2252 4438 2316 4488 ad
2345 4447 2587 4490 sanctmn
2641 4437 2975 4506 Flavianum,
3000 4456 3163 4510 quem
3215 4453 3269 4498 et
3303 4434 3527 4512 titulun)
3603 4465 3830 4510 recta;

2130 4524 2250 4579 ﬁdei
2284 4524 2587 4595 ltujusmodi
2619 4530 2854 4598 synodus
2885 4533 3211 4601 appellavit;
3243 4536 3311 4589 ad
3344 4537 3467 4592 hate
3518 4551 3577 4596 et
3646 4562 3825 4617 syn-

440 4648 674 4715 quicum
704 4645 861 4698 Patre
886 4654 940 4697 et
969 4642 1105 4697 Filio
1133 4616 1456 4697 coadoratur
1484 4652 1538 4699 et
1568 4616 2019 4720 congldriﬁcatur,
2049 4650 2103 4710 D
2128 4616 2307 4720 ("ficus
2347 4618 2600 4720 enim)!“
2652 4634 2769 4720 Tm
2816 4623 3033 4720 εςτῖριεε
3074 4637 3212 4720 ⁵¹¹Ῐ¹ξ
3240 4643 3270 4680 ³
3321 4628 3492 4686 homo
3539 4616 3827 4708 (33"me

441 4736 530 4806 qui
574 4734 785 4789 locutus
813 4740 897 4787 est
936 4746 1031 4801 per
1060 4731 1347 4803 prophetas
1379 4748 1393 4786 :
1438 4742 1491 4788 et
1518 4732 1573 4788 in
1605 4750 1761 4790 unam
1789 4750 2026 4799 sanctam

442 4826 761 4882 catholicam
807 4831 859 4879 et
889 4824 1236 4893 apostolicam
1290 4824 1590 4881 Ecclesium
1650 4845 1664 4882 :
1712 4831 2028 4892 conﬁtemur

440 4933 609 4972 unum
639 4916 963 4986 baptismum
992 4915 1048 4969 in
1093 4914 1466 4972 remissionem
1499 4930 1871 4990 peccatorum,
1906 4940 2029 4996 spe.

436 5022 623 5065 ramus
674 5004 1121 5061 resurrectionem
1181 5016 1515 5063 mortuorum
1557 5020 1610 5067 et
1662 5014 1823 5069 vitam
1865 5015 2025 5074 futuri

438 5102 640 5157 smculi.
668 5102 845 5155 Amen
877 5098 925 5152 ι’.

514 5190 831 5245 Sulﬁeiebat
876 5189 1090 5259 quidem
1118 5192 1185 5246 ad
1213 5192 1504 5262 perlectam
1553 5196 1864 5255 orthodoxa:
1903 5201 2025 5258 ﬁdei

441 5286 719 5341 scientiam
747 5290 803 5337 et
828 5284 1289 5339 conﬁrmationem
1317 5288 1460 5354 pium
1483 5299 1641 5359 atque
1667 5292 2022 5350 orthodoxum

438 5381 541 5433 hoc
608 5376 801 5430 divinae
853 5375 1040 5443 gratiae
1093 5377 1431 5447 symbolum;
1481 5382 1578 5437 sed
1624 5386 1874 5452 quoniam
1918 5405 2023 5445 non

439 5470 645 5526 destitit
699 5466 1017 5521 adinventor
1065 5468 1299 5538 antiquae
1350 5472 1571 5527 malitiae
1621 5490 2018 5545 cooperatorem

439 5562 539 5617 sibi
573 5569 874 5627 serpentem
904 5559 1179 5627 reperiens
1212 5570 1234 5598 ο
1272 5577 1369 5630 per
1407 5577 1527 5618 eum
1559 5580 1874 5625 venenosam
1924 5576 2021 5628 hu-

440 5676 612 5715 mana:
663 5666 866 5711 naturae
897 5656 1129 5712 inferens
1175 5669 1424 5727 mortem,
1460 5663 1527 5715 ita
1563 5672 1615 5716 et
1655 5681 1794 5721 nunc
1822 5684 2015 5738 Organa

512 5804 533 5829 η
564 5795 615 5845 In
641 5793 859 5875 reliquis
885 5802 1074 5875 praeter
1102 5794 1158 5849 Β.
1198 5796 1285 5862 IL,
1311 5808 1437 5862 erat,
1462 5809 1507 5852 et
1538 5810 1807 5868 antequam
1842 5821 2015 5860 tta-ce.

438 5874 573 5917 rctur
602 5882 701 5916 non
734 5874 863 5926 erat,
897 5878 942 5915 et
964 5874 1102 5931 quit.

512 5932 537 5971 ιθ
576 5934 683 5988 Vox
736 5938 894 5989 Amen
924 5938 1199 6009 desumpta
1226 5950 1305 5996 est
1349 5955 1415 5995 ex
1462 5942 1673 5999 caeteris
1705 5943 2010 6020 Codicibus,

2130 4708 2384 4764 adversus
2407 4710 2627 4778 impium
2653 4712 2955 4769 Nestorium
3003 4726 3057 4771 et
3086 4718 3155 4772 ad
3181 4719 3502 4781 Orientales
3533 4733 3827 4801 cpisco-

2131 4816 2249 4869 pos.

2200 4916 2389 4971 Secuta
2418 4934 2543 4975 vero
2572 4928 2754 4976 sancta
2784 4921 3025 4995 quinque
3055 4924 3390 4985 universalia
3426 4937 3718 4995 concilia
3772 4961 3839 5001 t'l

2128 5017 2344 5062 sanctos
2361 5019 2518 5078 atque
2543 5012 2849 5081 probabiles
2874 5015 3089 5083 Patres,
3108 5032 3633 5097 censonanterquc
3659 5054 3801 5091 ρης,

2128 5101 2260 5157 ﬁteri
2282 5105 2543 5162 deﬁniens
2563 5107 2845 5165 Dominum
2866 5123 3115 5168 nostrum
3144 5113 3335 5172 Jesum
3356 5120 3694 5185 Christum
3736 5152 3761 5187 κ
3786 5154 3845 5189 ς»

2126 5210 2240 5250 rum
2261 5198 2422 5251 Deum
2441 5210 2683 5255 nostrum
2709 5219 2870 5261 unum
2892 5204 2960 5260 de
2989 5218 3181 5263 sancta
3204 5222 3259 5265 et
3281 5218 3845 5285 consulis-tantast.

2124 5297 2177 5342 et
2204 5290 2320 5343 vitm
2350 5293 2609 5360 originem
2664 5299 2939 5363 prtobente
2992 5299 3285 5368 Trinitate,
3334 5309 3708 5376 perfectum
3777 5324 3843 5379 in

2124 5381 2341 5451 deitate,
2370 5394 2423 5436 et
2457 5385 2747 5451 perfectura
2790 5390 3043 5445 eumdem
3078 5393 3131 5447 in
3170 5396 3553 5468 humanitate,
3602 5410 3847 5472 Deum

2124 5490 2267 5540 vere,
2298 5486 2348 5531 et
2392 5477 2659 5535 hominem
2686 5498 2832 5548 vere,
2860 5488 3116 5543 eumdem
3166 5505 3234 5546 ex
3266 5498 3455 5552 anima
3492 5506 3849 5571 rationali

2120 5578 2172 5623 et
2202 5584 2459 5638 corpore,
2492 5576 3004 5636 consubstantialem
3036 5582 3187 5639 Patri
3233 5590 3565 5648 secundum
3604 5599 3855 5661 deam-

2122 5672 2224 5717 tem
2257 5676 2311 5719 et
2358 5668 2866 5728 consubstantialem
2923 5677 3082 5732 nobis
3112 5682 3373 5738 eumdem
3436 5699 3851 5761 secundum

2118 5835 2233 5873 Cum
2266 5820 2400 5871 deﬁt
2432 5820 2477 5871 in
2509 5823 2563 5874 Π.
2593 5824 2655 5876 Ιῖ.

2192 5903 2209 5925 θ
2243 5892 2325 5955 ιῗιν
2362 5890 2448 5959 (λιν
2479 5906 2832 5965 εουβεναιονοο
2870 5900 2971 5957 sibi
2997 5919 3091 5973 per
3119 5916 3424 5977 serpentem
3454 5924 3859 5991 rapa-5a”.
