3882 6374
191 385 262 443 Ni

190 498 528 561 humanitatem,
554 510 645 565 per
674 495 853 548 omnia
882 492 1115 548 similem
1161 490 1320 546 nobis
1349 490 1553 557 absque
1580 500 1706 558 pcc-
1734 486 1783 545 Δ

186 604 290 659 cato,
307 599 413 646 ante
434 588 614 643 saecula
634 585 850 653 quidem
868 599 932 639 es
958 584 1116 639 Patre
1141 582 1381 653 genitum
1413 579 1709 633 secundum

186 689 402 749 deitatem,
435 690 481 738 in
522 681 717 735 ultimis
770 689 949 735 autem
993 677 1183 733 diebus
1213 675 1463 730 eumdem
1493 682 1714 742 propter

184 797 259 837 nos
302 788 348 836 et
396 786 598 847 propter
644 775 749 846 67
800 782 1044 828 nostram
1098 770 1329 826 salutem
1389 768 1456 822 de
1506 765 1711 834 Spiritu

184 884 327 933 saneto
350 882 400 928 et
426 870 579 927 Maria
622 870 827 939 virgine
869 865 1086 939 proprie
1125 874 1180 920 et
1203 864 1467 920 veraciter
1499 859 1588 915 Dei
1622 873 1713 930 ge-

183 968 331 1025 nitriee
360 966 635 1022 secundum
677 963 1092 1025 humanitatem,
1134 974 1301 1015 unum
1349 954 1713 1022 eumdemque

180 1062 396 1119 Christum
426 1059 608 1114 Filium
658 1056 747 1112 Dei
779 1053 1113 1123 unigenitum
1166 1051 1219 1107 in
1250 1051 1458 1107 duabus
1507 1046 1712 1102 naturis

179 1156 419 1215 inconfnse,
455 1147 952 1209 inconvertibiliter,
986 1144 1447 1216 inseparabiliter,
1478 1138 1712 1195 indivise

178 1242 564 1313 cognoscendum,
597 1254 856 1310 nusquam
884 1237 1150 1293 exstincta
1182 1236 1371 1291 harum
1393 1241 1711 1288 naturarum

175 1327 416 1389 ditioremia
439 1341 654 1403 propter
676 1331 957 1395 unionem,
990 1328 1199 1383 salvata
1246 1326 1418 1398 magis
1450 1324 1714 1380 duntaxat

176 1427 445 1493 proprietate
467 1423 745 1492 utriusque
774 1431 980 1477 natura:
1004 1421 1124 1476 etin
1148 1434 1310 1475 unam
1344 1432 1631 1488 personam
1657 1425 1712 1473 et

173 1516 212 1569 in
238 1530 369 1567 unam
397 1513 737 1569 substantiam
761 1496 1143 1577 concurrente,
1177 1526 1284 1565 non
1337 1511 1390 1565 in
1428 1509 1567 1565 duas
1593 1523 1714 1576 per-

171 1620 294 1659 sonas
314 1607 549 1677 partitum
596 1605 679 1660 vel
711 1605 969 1671 divisum,
1006 1602 1105 1660 sed
1136 1617 1318 1658 .unum
1351 1602 1713 1671 eumdemque

172 1694 324 1750 Filium
354 1697 675 1768 unigenitum
708 1696 877 1753 Deum
914 1694 1151 1751 Verbum
1188 1694 1474 1750 Dominum
1522 1692 1708 1750 Jesum

170 1786 407 1855 Cliristum,
446 1790 591 1860 juxta
617 1790 763 1861 quod
792 1788 920 1843 olim
956 1786 1239 1860 propheta
1289 1786 1359 1843 de
1399 1800 1467 1843 eo
1491 1793 1545 1841 et
1590 1785 1709 1855 ipse

170 1899 242 1940 nos
266 1858 494 1941 Dominus
533 1858 691 1942 Jesns
738 1858 988 1939 Christus
1018 1858 1257 1947 edocuit,
1289 1889 1346 1937 et
1393 1889 1704 1936 sanctorum
1738 1858 1786 1920 Β

168 1976 336 2032 Patrum
364 1976 508 2033 nobis
538 1976 764 2032 tradidit
792 1974 1127 2045 symbolum.
1160 1973 1229 2028 Et
1268 1973 1405 2028 duas
1435 1972 1709 2028 naturales

170 2069 421 2125 voluntates
449 2069 501 2123 in
524 2083 588 2125 eo
615 2079 668 2125 et
709 2068 846 2123 duas
871 2066 1149 2127 naturales
1174 2064 1521 2135 operationes
1568 2064 1710 2120 indi-

167 2166 284 2230 viae,
329 2164 841 2229 ineonvertibiliter,
893 2161 1362 2234 inseparabiliter,
1426 2158 1710 2217 ineoninse

166 2258 401 2312 secundum
430 2266 741 2314 sanctorum
801 2256 1022 2312 Patrum
1075 2254 1379 2312 doctrinam
1429 2254 1711 2326 aequaliter

166 2350 475 2419 pradieamus,
490 2359 545 2408 et
569 2351 708 2407 duas
729 2350 1004 2406 naturales
1021 2348 1329 2405 voluntates
1362 2363 1470 2405 non
1496 2360 1706 2405 eontra-

166 2443 410 2510 rias,ab-it,
423 2444 572 2511 juxta
596 2442 745 2514 quod
778 2442 927 2513 impii
958 2449 1276 2498 asseverant
1299 2440 1575 2507 haeretici;
1610 2440 1707 2497 sed

162 2549 343 2607 sequens
368 2536 592 2592 humana
644 2537 767 2607 ejus
797 2537 1045 2592 voluntas
1094 2544 1150 2590 et
1196 2550 1303 2591 non
1334 2534 1594 2591 resistens
1622 2534 1707 2591 vel

162 2626 399 2694 reluctans,
429 2628 519 2683 sed
569 2627 753 2699 potius
786 2637 840 2683 et
882 2626 1131 2696 subjecta
1162 2624 1364 2682 divina:
1397 2626 1517 2696 ejus
1546 2633 1714 2696 atque

161 2715 451 2785 omnipolenti
475 2715 764 2772 voluntati.
796 2716 1094 2785 Oportebat
1126 2717 1273 2771 enim
1300 2719 1481 2772 carnis
1512 2716 1705 2771 volun-

162 2816 285 2862 tatem
330 2811 548 2876 moveri,
581 2810 780 2878 subjici
811 2824 939 2865 vero
981 2808 1250 2865 voluntati
1299 2807 1497 2863 divina:
1545 2807 1707 2878 juxta

159 2902 549 2970 sapientissimum
594 2903 991 2969 Athanasium;
1036 2903 1181 2959 sicut
1206 2902 1353 2958 enim
1387 2901 1509 2971 ejus
1553 2916 1702 2969 caro,

159 3005 252 3047 caro
287 2993 370 3049 Dei
394 2988 552 3051 Verbi
582 2993 792 3051 dicitur
821 3004 873 3050 et
900 3003 1005 3058 est,
1034 2994 1107 3049 ita
1136 3002 1193 3050 et
1219 2994 1483 3049 naturalis
1526 2992 1706 3051 carnis

156 3082 243 3154 ejus
263 3085 486 3143 voluntas
513 3088 740 3160 propria
781 3086 875 3143 Dei
898 3086 1063 3142 Verbi
1094 3086 1289 3142 dicitur
1320 3095 1374 3141 et
1401 3094 1486 3142 est
1509 3128 1524 3154 ,
1565 3085 1707 3142 sicut

156 3175 240 3244 ipse
254 3178 315 3234 ait
340 3198 353 3237 :
380 3181 510 3248 Quia
532 3182 781 3235 descendi
812 3181 875 3236 de
904 3182 1029 3236 calo
1057 3196 1159 3235 non
1193 3189 1249 3234 ut
1294 3181 1485 3250 {nciam
1514 3178 1699 3233 volun-

155 3279 270 3325 tatem
286 3288 453 3343 meum,
486 3277 573 3329 sed
619 3274 932 3329 voluntatem
958 3274 1075 3344 ejus
1102 3272 1189 3340 qui
1213 3272 1354 3326 misit
1388 3287 1467 3325 me
1497 3279 1544 3334 υ,
1578 3286 1703 3339 pro-

155 3365 284 3430 priam
308 3366 484 3423 dicens
510 3370 850 3424 voluntatem
878 3383 999 3437 qua:
1036 3375 1158 3422 erat
1192 3366 1376 3421 carnis
1404 3366 1546 3436 ejus.
1580 3382 1702 3421 nam

153 3468 189 3511 et
214 3473 318 3514 caro
345 3463 552 3533 propria
574 3464 697 3530 ejus
730 3463 869 3517 facta
896 3469 999 3518 est.
1045 3462 1515 3532 Quemadmodum
1557 3461 1703 3516 enim

152 3553 431 3608 sanctissima
496 3563 667 3625 atque
718 3553 1059 3619 immaculata
1107 3556 1344 3609 animata
1405 3552 1525 3623 ejus
1574 3565 1704 3608 caro

153 3641 347 3700 deiﬁeata
366 3661 467 3702 non
493 3657 579 3702 est
615 3657 918 3717 perempta,
940 3645 1036 3702 sed
1071 3646 1125 3700 in
1165 3660 1265 3701 suo
1312 3646 1535 3714 proprio
1562 3652 1702 3699 statu

151 3748 190 3791 et
210 3741 386 3796 ratione
415 3742 753 3811 permansit;
785 3741 860 3795 ita
886 3750 942 3796 et
973 3738 1331 3794 humanitatis
1359 3738 1482 3809 ejus
1511 3738 1701 3795 volun-

150 3834 451 3891 tasdeilieata
490 3852 603 3892 non
634 3846 719 3892 est
761 3845 1039 3905 perempta
1067 3876 1082 3901 ,
1132 3836 1340 3891 salvata
1391 3842 1477 3890 est
1529 3833 1700 3904 magis

149 3925 390 3983 secundum
447 3928 766 3998 deiloquum
809 3924 1133 3996 Gregorium
1176 3926 1448 3983 dicentem
1500 3941 1516 3980 :
1570 3924 1702 3981 Nam

152 4014 257 4070 illius
274 4017 419 4083 velle,
450 4005 684 4087 quodin
734 4017 1018 4075 Salvatore
1046 4017 1389 4087 intelligitur,
1422 4033 1531 4073 non
1585 4026 1702 4075 erat

148 4110 422 4164 contrarium
448 4107 912 4175 Deo,deiﬂcatum
937 4117 1129 4165 totum.
1167 4108 1309 4164 Duas
1338 4122 1466 4165 vero
1489 4120 1703 4164 natura-

148 4195 205 4250 les
226 4203 545 4266 operationes
569 4201 830 4266 indivise,
872 4199 1379 4267 inconvertibiliter,
1401 4199 1698 4267 ineonl‘use,

147 4290 527 4357 inseparabiliter
543 4292 601 4347 in
618 4293 809 4347 eodem
830 4292 1055 4346 Domino
1068 4291 1197 4347 Jesu
1211 4291 1426 4347 Christo
1446 4307 1573 4347 vero
1589 4292 1701 4347 Deo

149 4392 290 4434 nostra
315 4383 698 4453 gloriﬁcamus,
735 4384 836 4438 hoc
861 4392 945 4439 est
981 4383 1220 4438 divinam
1245 4382 1621 4452 operationem
1646 4392 1701 4440 et

147 4470 383 4527 humanam
402 4473 779 4543 operationem
800 4472 1098 4528 secundum
1124 4473 1435 4530 divinorum
1454 4475 1701 4545 prscdica-

629 374 1035 437 οηιεροιιυη
1064 373 1409 433 CONCILIA.
1454 398 1527 414 -
1564 368 1706 428 CON

1825 367 2456 429 LNTINOPOLITANUM
2496 368 2909 428 SECUNDUH.

3323 370 3428 428 142

1811 495 2015 541 sancta:
2044 486 2326 542 Trinitatis
2355 494 2413 541 et
2459 495 2582 557 post
2638 484 3069 542 incarnationem
3133 488 3423 543 Dominum

1817 576 2059 635 nostrum
2110 579 2297 635 Jesum
2349 578 2626 636 Christum
2687 595 2876 635 verum
2936 582 3105 634 Deum
3175 591 3426 637 nostrum

1817 688 1937 729 esse
1966 676 2253 730 credentes
2284 691 2297 727 :
2330 672 2559 729 dicimus
2590 674 2725 729 duas
2756 675 2877 746 ejus
2932 689 3054 731 esse
3102 686 3325 729 naturas
3372 675 3428 731 in

1816 780 1921 821 una
1951 766 2068 836 ejus
2098 768 2374 823 radiantes
2399 767 2775 833 subsistentia,
2802 768 2857 822 in
2885 783 2989 837 qua
3026 777 3136 822 tam
3166 770 3428 823 miracula

1815 874 2085 932 quamque
2117 861 2400 930 passiones
2456 875 2556 932 per
2602 875 2822 916 omnem
2854 876 2967 917 sua:
3004 862 3429 931 dispensationis

1814 954 2284 1010 conversationem
2316 969 2423 1009 non
2454 953 2755 1011 secundum
2804 956 3145 1024 phantasiam
3194 954 3292 1008 sed
3344 968 3431 1009 ve-

1815 1044 2014 1100 raciter
2046 1045 2459 1111 demonstravit,
2512 1045 2642 1102 dum
2686 1045 2951 1100 naturalis
3010 1044 3314 1100 differentia
3375 1045 3430 1099 in

1813 1138 2001 1194 eadem
2032 1153 2138 1194 una
2168 1138 2466 1195 substantia
2490 1146 2851 1210 cognoscatur
2880 1138 2935 1194 in
2983 1139 3086 1193 hoc
3114 1139 3259 1208 quod
3304 1152 3429 1194 cum

1814 1230 2039 1286 alterius
2064 1233 2450 1289 communione
2497 1244 2729 1304 utraque
2790 1241 2980 1287 natura
3034 1231 3299 1298 indivise,
3346 1231 3430 1287 in-

1815 1320 2039 1377 confuse
2086 1323 2298 1394 propria
2348 1325 2465 1379 vult
2523 1332 2687 1395 atque
2742 1333 2998 1394 operatur
3026 1324 3216 1395 :jnxta
3262 1339 3425 1395 quam

1814 1415 2081 1472 rationem
2114 1426 2170 1474 et
2208 1417 2342 1474 duas
2367 1418 2642 1474 naturales
2664 1418 2974 1474 voluntates
2996 1426 3051 1472 et
3080 1418 3427 1487 operatione:

1814 1508 2139 1565 conﬁtemur
2169 1510 2234 1564 ad
2271 1511 2500 1567 salutem
2536 1510 2759 1565 humani
2791 1510 3011 1582 generis
3037 1510 3432 1566 convenienter

1814 1610 2222 1659 concurrentes.
2251 1602 2347 1657 llis
2378 1603 2542 1672 igitur
2568 1618 2693 1659 cum
2725 1603 2877 1659 omni
2920 1601 3163 1671 undique
3191 1601 3427 1673 diligen-

1814 1693 1885 1748 tia
1915 1701 1973 1748 et
1997 1708 2125 1749 cura
2153 1708 2184 1748 a
2207 1695 2364 1750 nobis
2384 1695 2648 1762 deﬁnitis.
2677 1695 3027 1752 decernimus
3055 1693 3218 1749 aliain
3260 1692 3422 1748 ﬁdo-rm

1814 1783 1945 1839 nulli
1978 1786 2142 1841 licere
2164 1786 2414 1856 proferre
2440 1797 2534 1842 aut
2561 1787 2911 1843 conscribere
2940 1786 3025 1842 vel
3070 1800 3433 1855 componere,

1812 1887 1903 1933 aut
1918 1893 2115 1949 sapere
2140 1880 2227 1937 vel
2249 1882 2410 1937 etiam
2436 1880 2639 1937 docere
2659 1881 2841 1938 aliter.
2860 1880 2968 1937 Eos
2982 1893 3163 1937 autem
3183 1881 3273 1951 qui
3292 1896 3431 1950 prir-

1810 1972 2141 2039 sumpserint
2160 1973 2243 2026 vel
2258 1986 2586 2043 componere
2604 1974 2769 2029 [idem
2792 1974 2954 2028 aliam
2972 1974 3055 2028 vel
3075 1972 3321 2044 proferre
3349 1973 3431 2027 vel

1810 2062 2008 2119 docere
2022 2064 2105 2119 vel
2136 2063 2349 2120 tradere
2372 2063 2517 2121 aliud
2535 2065 2849 2137 symbolum
2870 2063 3179 2121 volentibus
3207 2079 3277 2119 ex
3298 2079 3431 2135 gen-

1813 2154 2008 2210 tilitate
2048 2158 2291 2211 converti
2334 2158 2400 2213 ad
2448 2157 2778 2229 agnitionem
2826 2158 3072 2213 veritatis
3113 2156 3194 2211 vel
3229 2170 3301 2210 ex
3344 2154 3431 2224 ju-

1810 2232 2021 2303 daismo
2050 2248 2168 2304 sive
2191 2262 2259 2304 ex
2290 2249 2531 2319 qualibet
2562 2248 2796 2321 haerese,
2821 2264 2918 2307 seu
2949 2250 3246 2305 novitatem
3278 2248 3431 2303 vocis

1810 2340 1929 2396 sive
1950 2345 2219 2397 sermonis
2248 2343 2689 2400 adinvcntionem
2719 2345 2786 2400 ad
2813 2345 3228 2402 subversionem
3254 2344 3428 2398 intro-

1810 2434 2117 2491 ducendam
2178 2451 2370 2493 eorum
2419 2454 2541 2509 quas
2601 2452 2745 2495 nunc
2780 2455 2812 2493 a
2863 2439 3021 2495 nobis
3068 2437 3429 2494 determinat:

1811 2540 1971 2597 sunt;
2003 2529 2125 2598 hos,
2169 2531 2440 2603 siquidem
2496 2533 2741 2604 episcopi
2786 2533 3026 2590 existunt
3053 2542 3147 2588 aut
3194 2531 3420 2599 clerici.

1810 2622 2020 2679 alienos
2048 2636 2191 2689 esse,
2232 2624 2773 2697 episcoposquidem
2799 2624 2873 2681 ab
2896 2626 3235 2698 episcOpatn,
3267 2622 3431 2681 cleri-

1810 2731 1906 2773 cos
1934 2731 2066 2773 vero
2095 2732 2125 2771 a
2157 2716 2305 2773 clero
2342 2734 2357 2771 :
2406 2718 2453 2774 si
2500 2728 2683 2777 autem
2737 2719 2992 2777 monachi
3041 2718 3285 2777 existunt
3337 2718 3431 2777 vel

1810 2807 1958 2877 laici,
1986 2808 2437 2866 anathematizari
2468 2825 2590 2869 eos.

1891 2900 1957 2955 Et
1987 2900 2442 2972 subscriptiones.

1881 2990 2199 3051 Theodorus
2233 2982 2451 3051 humilis
2484 3006 2769 3067 presnster
2817 3003 3022 3054 sancta
3079 2994 3270 3052 Roma:
3314 2995 3430 3052 Ec-

1808 3083 2031 3152 clesiae,
2087 3089 2266 3143 iocum
2318 3101 2720 3160 repraesentans
2775 3091 3075 3163 Agathonis
3123 3090 3428 3147 beatissimi

1810 3180 2130 3237 universalis
2158 3198 2311 3255 papae
2341 3186 2488 3241 urbis
2514 3184 2707 3242 Roma:
2735 3170 3057 3258 subscripsi.

1881 3271 2153 3344 Georgius
2178 3274 2397 3332 humilis
2428 3278 2719 3352 presbyter
2734 3288 2939 3336 sanctae
2961 3279 3149 3335 Romae
3168 3279 3428 3336 Ecclesia:

1810 3375 1868 3419 ut
1908 3380 2094 3431 supra.

1882 3457 2122 3514 Joannes
2152 3458 2371 3517 humilis
2393 3460 2654 3521 diaconus
2678 3474 2884 3524 sancta
2930 3465 3117 3523 Roma:
3162 3466 3425 3527 Ecclesire

1812 3557 1870 3604 ut
1896 3564 2086 3620 supra.

1883 3641 2017 3699 Item
2070 3644 2334 3718 Georgius
2390 3648 2764 3707 misericordia
2798 3651 2893 3709 Dei
2943 3654 3230 3725 episcopus
3281 3656 3425 3713 Con-

1808 3740 2234 3811 stantinopoleos
2275 3758 2433 3799 novas
2462 3744 2649 3801 Rome
2678 3745 2943 3803 deﬁniens
2984 3748 3306 3821 subscripsi.

1886 3831 1953 3888 Et
1982 3836 2166 3890 caeteri
2188 3834 2440 3893 similiter
2466 3837 2695 3909 legimus
2726 3849 2781 3895 et
2803 3842 3202 3899 consensimus.

1884 3924 2082 3981 Sancta
2135 3928 2378 3999 synodus
2409 3932 2733 3986 exclamavit
2764 3950 2774 3984 :
2804 3932 2997 3989 Multos
3024 3948 3198 3989 annos
3251 3934 3422 4005 impe-

1808 4016 1975 4073 ratori
1997 4035 2013 4085 ;
2034 4018 2252 4074 Christo
2276 4020 2477 4077 dilecto
2501 4022 2821 4093 imperatori
2849 4026 3050 4082 multos
3078 4040 3270 4084 annos.
3312 4030 3418 4084 0r-

1810 4106 2046 4165 thodose
2085 4124 2277 4166 omnes
2306 4110 2600 4169 credimus.
2652 4114 3073 4173 llluminatorem
3107 4119 3276 4189 pacis,
3313 4118 3421 4175 Do-

1808 4201 1979 4263 mine,
2006 4216 2305 4258 conserva.
2331 4203 2603 4259 Marciano
2651 4222 2793 4261 novo
2822 4206 3181 4265 Constantino
3211 4219 3416 4267 (eterna

1807 4294 2102 4359 memoria;
2152 4292 2280 4348 item
2314 4309 2453 4350 novo
2483 4295 2786 4354 Justiniano
2819 4298 3174 4358 Constantino
3215 4313 3419 4361 aeterna

1807 4388 2092 4453 memoria,
2120 4389 2210 4458 qui
2231 4389 2481 4459 deposuit
2510 4392 2797 4451 haereticos
2823 4412 2836 4450 :
2862 4396 3107 4463 Domine,
3128 4412 3414 4455 conserva.

1806 4476 2074 4548 Nestorio,
2110 4480 2399 4555 Eutycheti
2439 4498 2600 4557 atque
2636 4488 2842 4546 Severo
2884 4492 3169 4549 anathema
3194 4494 3292 4559 sit;
3342 4493 3415 4549 si-

146 4572 277 4619 toreta
296 4564 525 4623 Leonem
552 4566 1401 4635 manifestissimeinquientem‘t;
1420 4573 1497 4624 ait
1518 4571 1691 4624 enim:
1727 4604 1784 4666 Β
1808 4573 1952 4628 milia
1980 4577 2062 4631 eis
2085 4578 2423 4648 sapientibus
2466 4583 2755 4641 anathema
2789 4602 2802 4641 :
2828 4585 3119 4644 Theodoro
3150 4588 3414 4645 Pharani-

147 4654 333 4725 Utraque
362 4660 533 4718 tortus
560 4673 687 4714 cum
720 4658 944 4715 alterius
972 4663 1357 4716 communione
1386 4661 1527 4731 quod
1568 4676 1695 4731 proo

146 4747 279 4811 prium
296 4758 396 4818 est,
422 4749 608 4806 Verbo
638 4751 847 4806 scilicet
871 4761 1132 4821 operante
1163 4752 1304 4822 quod
1335 4752 1497 4808 Verbi
1520 4762 1624 4821 est,
1646 4763 1699 4810 et

142 4853 264 4895 εει-ηε
306 4853 646 4913 exsequente
693 4844 836 4914 quod
890 4845 1072 4900 carnis
1115 4856 1221 4901 est.
1270 4845 1382 4902 Nec
1441 4848 1587 4903 enim
1644 4847 1693 4901 iu

144 4947 362 4998 umquam
425 4952 594 4991 unam
647 4935 897 4992 dabimus
962 4939 1265 4995 naturalem
1325 4944 1699 5009 operationem

146 5018 213 5074 Dei
256 5033 306 5079 et
355 5039 660 5092 creaturae.
716 5038 770 5083 ut
802 5043 977 5099 neque
1030 5029 1173 5099 quod
1214 5041 1455 5087 creatum
1507 5043 1589 5088 est
1647 5032 1699 5088 in

144 5116 333 5172 divinam
362 5121 641 5176 elevemus
685 5122 1005 5189 essentiam,
1042 5138 1216 5191 neque
1254 5125 1397 5194 quod
1443 5126 1701 5181 eximium

143 5204 200 5257 es:
223 5206 400 5265 divina:
434 5222 643 5267 natura:
665 5212 733 5265 ad
765 5221 1172 5281 competentem
1202 5216 1473 5271 creaturis
1523 5216 1701 5273 locum

144 5296 434 5365 dejieiamus.
506 5300 679 5359 Unius
736 5304 882 5359 enim
945 5304 1188 5371 ejusdem
1265 5315 1371 5361 tam
1443 5307 1702 5364 miracula

142 5404 361 5463 quamque
405 5396 693 5467 passiones
730 5398 1108 5468 cognoscimus
1140 5399 1438 5477 secundum
1473 5401 1617 5457 aliud
1647 5415 1702 5459 et

142 5484 253 5537 aliud
289 5502 494 5555 earum,
531 5505 600 5545 es
628 5488 819 5559 quibus
852 5499 909 5546 et
937 5500 1182 5561 constat,
1232 5504 1545 5551 naturarum
1589 5498 1702 5570 68

143 5584 179 5624 et
200 5592 242 5629 in
261 5580 443 5648 quibus
488 5581 656 5637 habet
685 5598 831 5649 esse,
860 5585 1000 5639 sicut
1029 5584 1363 5642 admirabilis
1396 5588 1567 5659 inquit
1595 5590 1702 5661 Cy-

142 5666 560 5741 rillus.l7ndiqne
610 5673 769 5743 igitur
823 5677 1157 5731 inconl'usnm
1202 5688 1361 5748 atque
1411 5682 1697 5740 indivisum

144 5768 486 5817 conservantes
529 5764 693 5819 celeri
736 5768 882 5822 ‘vnee
926 5779 1115 5822 cuneta
1154 5772 1492 5842 proletiantts,
1532 5792 1695 5834 unum

197 5878 214 5903 ⁸
237 5872 285 5927 la
320 5878 568 5948 reliquis,
594 5889 790 5951 praeter
821 5881 960 5951 BIL,
986 5899 1063 5939 me
1101 5882 1294 5941 Putris.

1809 4680 1934 4723 tano
1974 4671 2291 4740 anathema;
2322 4674 2510 4745 Sergio
2556 4688 2611 4733 et
2654 4679 2898 4735 Honorio
2920 4686 3242 4750 anathema;
3276 4684 3413 4757 ΡΠ·
3508 4746 3515 4752 ,

1810 4762 1906 4816 rho
1949 4772 2006 4819 et
2032 4764 2195 4821 Paulo
2223 4769 2548 4833 anathema;
2583 4770 2810 4842 Cyroet
2837 4773 3006 4829 Paulo
3029 4774 3045 4846 [
3068 4774 3162 4842 U.,
3189 4775 3279 4843 6.,
3312 4773 3411 4834 Pe-

1808 4850 1926 4924 tro]
1976 4855 2307 4925 anathema;
2358 4858 2592 4916 Macario
2641 4871 2699 4919 et
2753 4863 3031 4935 Stephano
3085 4868 3406 4936 anathema,

1808 4938 2131 5014 l’olyeronio
2172 4962 2311 5003 novo
2334 4948 2539 5006 Simoni
2577 4952 2865 5012 anathema
2898 4972 2913 5011 :
2943 4959 3192 5015 omnibus
3231 4961 3406 5017 hatre-

1809 5035 1926 5091 ticis
1952 5038 2064 5109 69
2089 5040 2377 5098 anathema
2405 5060 2419 5098 :
2447 5045 2531 5101 his
2560 5047 2650 5117 qui
2673 5049 3103 5118 praedicaverunt
3134 5055 3218 5109 vel
3264 5070 3402 5123 prte-

1806 5127 1987 5184 dicant
2014 5137 2070 5185 et
2098 5143 2320 5202 sperant
2348 5135 2548 5194 docere
2580 5153 2747 5195 unam
2776 5141 3109 5200 voluntatem
3156 5154 3211 5201 et
3241 5160 3403 5201 unam
3461 5190 3464 5193 η

1805 5234 2173 5289 operationem
2222 5227 2277 5281 in
2335 5226 2708 5288 incarnatione
2737 5232 3157 5306 dispensationis
3200 5235 3405 5295 Christi

1805 5315 1917 5368 veri
1940 5313 2038 5371 Dei
2068 5319 2265 5387 nostri,
2288 5322 2599 5379 anathema.

1792 5436 2143 5493 Dilectissimis
2191 5436 2449 5561 grauibus
2503 5438 2751 5493 universis
2803 5438 3155 5494 Ecclesiarum
3204 5437 3397 5494 Christi

1978 5506 2184 5561 manu“
2223 5525 2281 5561 us
2307 5524 2397 5561 uer
2426 5507 2742 5561 Hispaniam
2771 5512 3060 5561 constitutis
3085 5510 3208 5561 Leo.

1978 5506 2281 5573 precantibus
2307 5524 2397 5578 per
2426 5507 2742 5580 Hispaniam
2771 5512 3060 5565 constitutis
3085 5510 3208 5562 Leo.

1858 5597 1993 5653 Cum
2024 5597 2237 5653 diversa
2268 5599 2377 5655 sint
2407 5598 2684 5655 hominum
2717 5601 2891 5655 studia
2924 5601 3117 5672 quibus
3164 5600 3395 5654 humana

1789 5690 2086 5761 dispensari
2126 5691 2363 5746 creditur
2388 5691 2516 5754 vita,
2550 5708 2711 5747 unum
2743 5703 2821 5747 est
2857 5702 3038 5747 tamen
3073 5692 3283 5761 pietatis
3315 5695 3398 5741 nt—

1792 5783 1994 5847 iicittm,
2025 5787 2167 5853 quod
2200 5793 2376 5854 potest
2407 5786 2471 5837 ad
2503 5794 2718 5839 interna:
2743 5785 2867 5839 vita:
2914 5786 3208 5848 put-dueere
3242 5801 3387 5853 quae-

1858 5893 1886 5935 δ
1918 5894 1973 5952 In
2009 5895 2253 5967 reliquis,
2282 5907 2473 5968 t'tt'mlcr
2508 5897 2643 5953 Ιῖἶῖ..
2673 5899 3032 5969 ἱηψιίγεχιέιη.
