3882 6332
148 412 225 469 iis

612 392 1024 459 CRECOBUSI
1064 386 1406 451 CONCILIA.
1444 414 1514 427 -—
1549 369 2446 439 CONSTANTINDPOUTANUM
2492 360 2890 422 SECCNM’SI.

3310 352 3408 409 llo

146 523 311 601 synodo
330 536 537 597 persuze
557 517 979 589 subscriptionis
1005 510 1403 569 confessionem
1428 517 1683 575 tanquam
1715 504 1769 561 Α
1795 500 1905 553 lum
1958 496 2252 552 salutiferae
2301 492 2479 549 crucis
2509 486 2867 601 Cbristozqoi
2903 486 2956 601 ip
3110 494 3413 551 suspensus

148 634 340 685 presens
366 616 547 685 spiritu
580 614 892 678 conveniat,
926 618 1189 673 quatenus
1243 603 1470 656 Domino
1502 607 1689 651 nostro

147 712 243 766 Jcsu
268 711 486 772 Christo,
516 722 637 761 cum
666 708 719 759 in
769 702 1007 774 glorioso
1058 715 1118 751 ac
1152 696 1377 751 terribili
1415 699 1692 762 potentatu

146 806 196 859 ad
240 802 557 873 iudicandum
617 796 901 853 advenerit
946 792 1063 866 [G.,
1092 786 1350 857 venerit],
1385 801 1506 841 cum
1540 783 1694 837 titulo

146 894 411 951 orthodoxae
434 890 795 947 confessionis
834 899 1125 941 occurrens
1157 889 1466 936 consortem
1497 892 1556 932 se
1587 887 1696 930 tra-

147 988 322 1043 ditionis
345 985 646 1052 apostolica:
678 997 775 1052 per
800 995 988 1034 manus
1017 993 1130 1032 sure
1162 975 1495 1030 demonstret
1519 972 1696 1039 signa-

146 1083 307 1144 culum,
340 1091 392 1132 ut
418 1093 535 1131 cum
563 1074 936 1143 apostolorum
984 1068 1205 1132 Christi,
1242 1080 1469 1136 quorum
1494 1064 1696 1117 confes-

146 1178 313 1227 sionem
343 1170 450 1225 Zelo
482 1184 623 1222 vera:
658 1166 876 1235 pietatis
894 1160 1258 1232 amplectitur.
1295 1159 1452 1213 beato
1476 1169 1698 1210 consor-

146 1267 200 1318 tio
223 1265 523 1334 perfruatur,
557 1261 851 1314 revolvens
896 1268 1113 1323 semper
1149 1254 1201 1305 in
1255 1249 1436 1304 cordis
1487 1244 1699 1300 arcanis

148 1360 417 1413 sententiam
460 1355 671 1409 Domini
734 1349 1075 1421 praedicantis
1135 1363 1149 1399 :
1217 1344 1318 1413 Qui
1363 1358 1442 1394 me
1493 1338 1698 1409 confes-

146 1470 210 1503 sua
237 1452 369 1519 fuerit
396 1466 564 1501 coram
592 1446 907 1507 hominibus,
933 1440 1216 1509 conﬁtebor
1263 1445 1310 1490 et
1339 1452 1431 1505 ego
1466 1450 1581 1488 eum
1610 1449 1700 1485 co-

146 1559 230 1594 ma
259 1540 400 1594 Patre
422 1556 528 1593 meo
568 1540 657 1608 qui
699 1539 753 1590 in
774 1536 909 1589 caelis
964 1542 1034 1587 est
1076 1530 1190 1602 [G.,
1226 1528 1315 1597 qui
1342 1535 1411 1581 est
1444 1528 1494 1579 in
1510 1524 1696 1593 cretis}.

148 1633 249 1697 Qui:
276 1645 321 1686 et
350 1645 441 1686 nos
472 1637 555 1699 qui
593 1630 723 1682 licet
772 1627 1031 1695 impares,
1065 1623 1179 1676 vice
1214 1630 1392 1673 tamen
1420 1617 1700 1685 apostolo-

149 1740 238 1776 rum
263 1723 496 1791 principis
530 1721 805 1788 fungimur
824 1760 839 1783 ,
867 1718 993 1769 dum
1023 1724 1325 1769 vestrarum
1354 1708 1703 1777 subscriptio-

150 1831 246 1869 num
277 1815 476 1883 paginas
505 1828 628 1867 cum
665 1812 757 1865 Dei
790 1808 1043 1879 praesidio
1072 1820 1169 1876 per
1212 1808 1436 1858 latorem
1470 1816 1704 1870 praesen-

1797 602 1900 655 est,
1932 590 2095 645 totius
2122 591 2367 656 corporis
2415 586 2654 639 membra
2714 581 2884 635 clavis
2916 578 3224 633 divinorum
3259 590 3412 627 tuan-

1798 684 2048 739 datorum
2076 682 2397 751 obstringat,
2449 688 2506 731 ut
2562 678 2654 730 tali
2686 672 2969 744 signaculo
3014 670 3411 723 communitum

1800 776 2055 833 reseratis
2080 775 2257 843 jauuis
2287 773 2434 841 regni
2463 766 2708 824 caelestis
2739 764 3109 831 apostolorum
3158 763 3416 828 princeps

1800 870 1865 923 ad
1898 883 2082 923 secum
2135 864 2516 937 perfruendam
2568 858 2957 914 beatitudinem
2988 866 3252 909 aeternam
3286 866 3418 904 sus-

1800 962 1984 1031 cipiat.

1804 1059 2028 1112 Domino
2054 1055 2278 1125 glorioso
2303 1054 2414 1121 ﬁlio
2463 1047 2734 1117 Simplicio
2779 1044 2953 1125 comiti
2983 1042 3087 1098 Leo
3141 1041 3418 1111 episcenos

2288 1116 2463 1179 servits
2494 1116 2754 1175 seruorum
2797 1116 2917 1170 Dei.

1874 1247 2009 1302 Cum
2037 1244 2307 1313 singulare
2339 1242 2406 1295 sit
2438 1248 2639 1295 nostra:
2668 1235 2856 1289 salutis
2879 1232 3177 1289 remedium
3217 1244 3342 1282 vera
3367 1230 3421 1281 in

1804 1341 1972 1395 Deum
2007 1337 2281 1393 confessio
2303 1350 2368 1389 ex
2405 1330 2702 1401 apostolica
2732 1327 3026 1381 traditione
3054 1322 3417 1382 descendens.

1804 1448 1925 1487 cum
1954 1448 2053 1499 qna
2086 1430 2223 1483 beati
2253 1437 2516 1496 martyres
2572 1419 2942 1489 temporaliter
2993 1418 3335 1469 decertantes
3369 1420 3425 1464 et

1806 1532 2023 1577 internae
2049 1521 2175 1573 vita:
2208 1518 2427 1588 praemia
2460 1520 2796 1577 meruerunt,
2835 1524 2929 1577 pro
2959 1523 3063 1577 qua
3092 1503 3426 1577 probatissi-

1807 1614 1879 1669 mi
1911 1613 1938 1651 ι’
1966 1620 2173 1667 sancta:
2201 1609 2455 1663 Ecclesia:
2488 1604 2675 1658 Patres
2720 1613 2881 1671 atque
2923 1600 3176 1654 doctores
3206 1595 3425 1648 diversa

1806 1706 2103 1762 certamina
2128 1715 2181 1757 et
2210 1702 2500 1756 immensas
2548 1694 2876 1749 afﬁictiones
2910 1690 3149 1760 perpessi
3181 1690 3424 1740 animam

1810 1800 2025 1852 tradere
2046 1809 2207 1864 quam
2243 1793 2401 1845 fidem
2434 1803 2619 1844 veram
2674 1784 2905 1853 prodere
2947 1781 3269 1847 delegerunt
3302 1776 3426 1849 [1th,

152 1912 252 1962 timo
280 1907 680 1976 susceperimus,
710 1905 808 1957 has
830 1903 967 1971 apud
1001 1901 1141 1955 beati
1161 1898 1308 1954 Petri
1331 1896 1701 1965 apostolorum
1735 1873 1785 1933 Β
1813 1888 2252 1958 ηδιυετιιηιι.ει
2282 1900 2511 1955 quorum
2541 1879 2775 1951 regulari
2806 1877 3072 1937 doctrina,
3097 1888 3257 1945 quam
3282 1885 3427 1925 nunc

153 2001 363 2070 principis
398 2001 797 2056 confessionem
850 1994 1195 2065 deponimus,
1230 2004 1288 2047 ut
1334 2006 1403 2047 eo
1434 1990 1705 2046 mediante

152 2102 275 2160 atque
300 2091 671 2153 intercedente,
706 2104 734 2142 a
758 2102 863 2158 quo
916 2086 1240 2139 Christiana:
1267 2083 1388 2137 ﬁdei
1424 2081 1703 2135 descendit

152 2198 245 2238 vera
273 2184 490 2252 traditio,
521 2182 785 2236 oﬁeratur
812 2180 1041 2233 Domino
1093 2176 1223 2230 Jesu
1254 2174 1475 2231 Christo
1506 2173 1570 2225 ad
1627 2182 1703 2226 te-

155 2275 409 2328 stimonium
433 2285 483 2329 et
509 2274 737 2345 gloriam
772 2272 889 2339 ejus
919 2269 1233 2339 mysterium
1274 2266 1508 2321 ﬁdeliter
1531 2266 1703 2320 conﬁ-

153 2370 334 2423 tentium
358 2385 413 2425 ac
459 2368 944 2431 subscribentium,
972 2365 1062 2435 qui
1126 2380 1269 2419 vera:
1303 2365 1370 2417 de
1401 2378 1461 2417 se
1491 2360 1706 2417 confes-

152 2460 284 2512 sionis
307 2462 641 2528 prmeonium,
679 2459 825 2528 quod
886 2472 981 2526 per
1028 2465 1108 2509 tot
1161 2466 1466 2524 temporum
1522 2455 1706 2524 lapsus

153 2550 368 2607 haereticis
389 2554 796 2619 Opprimebatur
820 2550 1049 2614 insidiis,
1077 2564 1142 2603 ex
1194 2549 1459 2617 inspirato
1490 2562 1587 2614 per
1619 2561 1707 2600 se-

154 2642 294 2696 dulum
316 2642 377 2711 pii
403 2644 657 2713 principis
687 2642 925 2697 studium
949 2642 1097 2695 clare
1122 2640 1364 2695 veritatis
1395 2639 1563 2694 radiis
1594 2639 1708 2692 ubi-

157 2750 232 2799 que
265 2737 507 2789 concessit
556 2735 887 2803 folgescerc.
931 2734 1117 2789 Oblata
1176 2734 1356 2802 itaque
1389 2733 1577 2786 salutis
1610 2748 1705 2800 op.

158 2828 423 2893 pstrtunitale
442 2838 494 2881 ut
521 2844 651 2883 vere
684 2829 925 2881 divinum
952 2842 1145 2879 tnuntts
1172 2822 1384 2879 efﬁcaci
1417 2823 1708 2878 sedulitate

156 2918 564 2990 72lructuosum
616 2936 719 2974 vos
772 2920 1054 2973 hortamur
1082 2918 1393 2981 ostendere,
1429 2927 1483 2970 ut
1538 2916 1707 2986 gloria

154 3010 268 3064 vobis
294 3025 403 3068 ante
428 3014 591 3067 Deum
646 3021 920 3067 accrescat
951 3011 1018 3065 de
1067 3011 1414 3066 conscientiae
1452 3008 1703 3078 puritate.

155 3101 261 3158 Deus
296 3120 381 3160 vos
427 3106 731 3160 incolumes
781 3103 1072 3167 custodiat,
1106 3103 1446 3158 dilectissimi
1490 3100 1703 3154 fratres.

420 3196 767 3251 Dilectissimo
805 3196 953 3265 fratri
998 3196 1210 3263 Quirico
1250 3192 1374 3247 Leo.

208 3286 271 3339 Ad
296 3290 613 3359 agnitionem
644 3298 839 3341 vestrm
866 3284 1172 3340 dilectionis
1194 3284 1535 3343 deducimus,
1560 3280 1703 3351 quod

159 3376 336 3434 latorem
366 3382 709 3448 praesentiunt
765 3380 987 3433 Petrum
1022 3378 1291 3431 notarium
1338 3376 1705 3445 regionarium

160 3478 312 3524 sanctae
340 3481 528 3527 nostra:
560 3470 821 3526 Ecclesiae
848 3471 959 3525 illic
990 3469 1400 3537 preperavimns
1431 3467 1706 3521 destinare

159 3574 249 3613 cum
271 3566 559 3619 tractatoria
593 3565 659 3618 ad
692 3578 883 3619 omnes
914 3578 1018 3617 una
1062 3561 1343 3615 vobiscum
1378 3560 1576 3613 Christi
1610 3559 1709 3613 Ec-

160 3652 387 3709 clesiarum
417 3656 711 3723 antistites,
753 3654 915 3713 simul
966 3654 1129 3708 etiam
1174 3652 1237 3707 ad
1271 3650 1711 3721 praecellentissi-

162 3760 271 3800 mutn
298 3758 441 3818 atque
473 3749 997 3804 Christianissimum
1028 3762 1212 3815 regem
1247 3746 1413 3799 ﬁlium
1441 3756 1708 3811 nostrum,

161 3838 209 3891 ad
226 3840 597 3912 gloriosumque
627 3841 904 3906 comitem,
935 3840 1179 3895 contradi
1205 3852 1420 3909 quoque
1448 3836 1711 3891 facientes

161 3930 294 3986 eidem
313 3948 553 4001 responsa
587 3936 751 3990 linteo
770 3944 819 3999 ιι,
842 3932 1215 3988 deﬁnitionem
1232 3930 1558 3985 venerabilis
1578 3944 1710 3999 syn-

162 4023 252 4089 odi,
299 4042 403 4095 qua:
450 4044 545 4096 per
596 4042 787 4082 novam
822 4026 909 4099 [T.
942 4025 997 4094 1,
1032 4023 1127 4089 U.,
1153 4022 1243 4089 6.,
1282 4021 1505 4093 nonani]
1538 4036 1711 4091 nuper

163 4113 353 4182 elapsam
408 4118 754 4172 indictionem
812 4119 867 4172 in
920 4114 1525 4186 ConstantinOpolitana
1579 4114 1713 4169 urbe

164 4220 254 4262 cum
283 4210 362 4265 Dei
392 4212 639 4280 przesidio
672 4226 769 4282 pro
808 4210 1107 4266 stabilitate
1159 4209 1479 4265 orthodoxae
1508 4220 1712 4263 nosme

166 4298 257 4353 fidei
284 4304 539 4358 celebrata
568 4312 685 4370 est,
717 4304 1165 4359 acclamationem
1220 4316 1435 4373 quoque
1464 4316 1714 4356 reveren-

167 4392 437 4451 tissimorum
490 4400 871 4467 episcoporum
927 4397 983 4451 in
1031 4411 1093 4450 ea
1152 4394 1626 4461 convenientium,
1659 4402 1714 4449 et

170 4486 349 4543 edictuin
379 4491 602 4560 piissimi
634 4491 726 4545 ﬁlii
758 4490 926 4545 nostri
956 4499 1116 4559 atque
1161 4488 1568 4544 clementissimi
1600 4488 1715 4541 int-

1734 3238 1782 3303 C

1809 2002 1980 2057 usque
2011 1986 2127 2039 haec
2158 1990 2343 2035 sancta
2376 1978 2573 2031 Christi
2607 1972 2848 2027 Ecclesia
2904 1971 2971 2024 ab
3008 1970 3127 2037 ejus
3151 1965 3428 2035 apostolo-

1811 2097 1932 2137 rum
1968 2076 2210 2148 principe
2235 2079 2553 2128 conservata
2584 2079 2747 2135 atque
2776 2074 3093 2133 praestructa
3128 2061 3430 2132 pra-dicare

1808 2172 2171 2244 cognoscitur,
2199 2169 2305 2238 73
2335 2178 2389 2220 et
2423 2180 2516 2233 per
2542 2161 2871 2233 apostolicos
2902 2171 3253 2213 successores
3283 2158 3429 2209 salu-

1811 2263 2224 2320 tarisinstitutio
2248 2274 2344 2329 per
2372 2257 2466 2311 Dei
2489 2256 2714 2323 gratiam
2744 2253 2809 2305 ad
2832 2266 2931 2305 nos
2954 2266 3123 2319 usque
3149 2249 3427 2317 pvrtinxit,

1808 2360 1981 2415 sedet
2017 2368 2409 2427 prmcessorum
2452 2360 2759 2404 nostrorum
2804 2360 2902 2416 pro
2962 2346 3080 2415 ejus
3128 2344 3429 2399 stabilitate

1810 2452 2034 2509 nimium
2065 2450 2355 2504 desudavit
2385 2445 2675 2509 instantia;
2708 2458 2899 2498 verum
2952 2451 3073 2507 post
3128 2450 3206 2493 tot
3252 2448 3429 2493 certa-

1810 2548 1959 2601 mina
1994 2554 2047 2601 et
2078 2544 2403 2598 afﬁictiones
2434 2542 2752 2595 innumeras
2802 2536 3033 2591 diversis
3086 2533 3426 2602 temporibus

1810 2653 1839 2693 a
1868 2653 2010 2691 verat
2044 2636 2165 2691 fidei
2217 2635 2428 2689 infestis
2479 2632 2721 2696 effectas,
2777 2629 2995 2683 tandem
3044 2642 3280 2695 superna
3311 2625 3426 2680 cle-

1810 2733 2012 2787 mentia
2040 2726 2667 2798 corimperialecaelesti
2718 2726 2885 2793 gratia
2935 2733 3273 2791 pertestttans
3301 2717 3423 2790 [1].,

1810 2820 1900 2885 6.,
1932 2820 2292 2893 prtestrueos]
2334 2830 2389 2874 et
2444 2821 2657 2873 fervore
2687 2832 2799 2871 sua:
2839 2815 3025 2886 gratia:
3052 2813 3119 2867 ad
3153 2813 3428 2883 indagan-

1810 2915 1932 2970 dam
1966 2930 2107 2969 vera:
2134 2914 2346 2983 pietatis
2369 2914 2731 2982 integritatem
2762 2910 3065 2964 accendens
3090 2908 3160 2961 de
3189 2906 3422 2960 diversis

1813 3008 1997 3063 mundi
2031 3008 2271 3077 partibus
2308 3022 2479 3075 nuper
2534 3006 2819 3061 concilium
2854 3003 3167 3058 universale
3192 3015 3425 3071 congre-

1809 3106 1925 3175 gari
1978 3105 2265 3173 disposuit,
2317 3102 2369 3156 in
2425 3117 2532 3169 quo
2591 3103 2753 3155 etiam
2803 3099 2960 3169 legati
3012 3098 3171 3164 hujus
3224 3103 3430 3149 sancta:

1811 3197 2123 3265 apostolica:
2156 3194 2432 3258 Ecclesiae,
2466 3207 2623 3259 quam
2656 3190 2836 3245 divina
2862 3190 3180 3259 dignatione
3208 3187 3413 3255 dispen-

1812 3291 2036 3345 sandam
2069 3294 2429 3356 suscepimus,
2465 3295 2518 3343 et
2544 3288 2898 3342 conciliorum
2931 3286 3108 3341 eidem
3139 3286 3429 3355 snbjaceu»

1814 3386 1945 3438 tittnt
1984 3384 2348 3451 responsales,
2382 3397 2485 3435 una
2533 3397 2653 3435 eum
2702 3381 3058 3434 serenissinto
3088 3380 3198 3433 filio
3232 3387 3423 3433 nostro

1814 3476 2144 3545 imperatore
2177 3474 2390 3541 pietatis
2415 3472 2717 3542 insignibus
2760 3480 2814 3523 et
2837 3470 3020 3523 infulis
3078 3469 3333 3523 redimite
3370 3467 3425 3522 in

1814 3568 2006 3623 eodem
2038 3580 2197 3620 sacro
2226 3564 2461 3619 concilio
2488 3564 2897 3623 convenientes,
2931 3577 2997 3615 ex
3035 3562 3249 3629 scriptis
3285 3575 3419 3628 pon-

1816 3659 2109 3714 tificalibus
2148 3668 2459 3711 sanctorum
2504 3655 2721 3709 Patrum
2776 3652 3105 3708 testimoniis
3155 3651 3426 3706 roboratis

1814 3752 2131 3820 apostolica:
2162 3749 2469 3803 traditionis
2500 3750 2739 3816 regulam
2778 3748 2918 3802 hanc
2962 3754 3203 3799 sanctam
3240 3744 3427 3799 Eccle-

1815 3843 1951 3898 siam
1974 3843 2157 3897 divino
2188 3843 2472 3899 subnixam
2525 3842 2729 3896 auxilio
2778 3842 2988 3909 integre
3024 3843 3320 3907 praedicare
3348 3846 3430 3892 at-

1816 3947 1920 4008 qtte
1950 3953 2170 3993 servare
2202 3939 2326 3993 totis
2358 3939 2569 3993 nixibus
2631 3939 3018 4006 probaverunt.
3042 3936 3247 3991 'l‘omus
3278 3938 3425 3991 enim

1817 4030 2019 4083 domini
2053 4029 2353 4099 Agathonis
2400 4029 2710 4097 apostolica:
2757 4031 3041 4083 memorias
3072 4030 3252 4097 magni
3288 4043 3424 4097 pon-

1818 4124 1973 4178 tificis
1988 4124 2268 4192 nostrique
2285 4123 2617 4187 decessoris,
2642 4137 2802 4192 quem
2825 4121 2892 4175 ad
2914 4121 3427 4189 tranquillissimum

1819 4218 2201 4287 imperatorem
2232 4217 2524 4278 direxerat,
2553 4218 2623 4267 ita
2653 4225 2772 4271 erat
2801 4229 2871 4268 ex
2902 4220 3214 4267 sanctorum
3246 4210 3429 4267 conci-

1820 4308 2014 4362 liorum
2041 4306 2452 4362 deﬁnitionibus
2484 4307 2878 4375 beatorumque
2907 4304 3126 4359 Patrum
3184 4305 3429 4359 teSIimo-

1818 4402 1921 4455 niis
1952 4409 2007 4454 et
2035 4398 2429 4455 assertionibus
2459 4399 2707 4451 veritatis
2761 4398 3078 4464 instructus,
3124 4408 3185 4450 ut
3208 4406 3262 4450 et
3292 4399 3430 4451 inte-

1816 4497 2067 4564 gritatem
2094 4495 2411 4564 apostoliczc
2456 4494 2579 4547 ﬁdei
2638 4493 2967 4548 lucidissime
2998 4492 3344 4562 patefaceret,
3368 4503 3424 4548 et

168 4583 397 4647 parueris,
429 4584 509 4637 cui
534 4597 635 4650 pro
663 4581 754 4636 Dei
774 4581 1076 4636 ministerio
1099 4579 1255 4652 [T3,
1286 4579 1381 4641 Η..
1404 4576 1706 4650 mysterio],

1822 4587 2023 4643 erroris
2047 4587 2287 4641 hmretici
2336 4586 2573 4641 latebras
2617 4587 2903 4652 revelaret,
2938 4596 2992 4640 et
3024 4600 3092 4641 ex
3127 4588 3244 4656 ejus
3278 4589 3429 4641 inex-

168 4674 271 4737 qttod
299 4676 645 4745 suscepimus,
677 4686 729 4729 et
760 4674 1083 4730 rectitudine
1110 4672 1426 4741 apostolica:
1463 4673 1583 4727 ﬁdei
1616 4688 1710 4740 per

170 4778 286 4821 vitam
306 4767 501 4822 salvare
524 4777 634 4821 tam
665 4780 762 4821 nos
778 4780 1047 4835 quamque
1076 4765 1395 4820 commissas
1420 4763 1576 4818 nobis
1598 4763 1715 4817 ani-

170 4870 251 4907 mas
299 4862 677 4935 praestolamur,
731 4859 1125 4929 providentiam
1182 4868 1343 4928 atque
1390 4871 1713 4912 concursum

171 4962 337 5002 omnem
384 4953 640 5006 exhibeat
682 4959 860 5005 vestra
893 4949 944 5003 in
992 4948 1211 5004 Christo
1268 4948 1504 5012 dilectio,
1540 4956 1595 5001 ut
1618 4963 1715 5016 pro

174 5043 461 5105 nigrantibus
488 5045 684 5100 studiis
714 5044 1041 5114 evangelica:
1069 5054 1230 5109 atque
1252 5042 1565 5110 apostolica:
1591 5041 1715 5096 ﬁdei

180 5146 336 5189 uerna:
358 5136 702 5191 beatitudinis
729 5150 851 5191 cum
912 5135 1084 5191 beatis
1112 5134 1313 5190 Christi
1345 5134 1714 5202 apostolorum

174 5226 446 5295 lHiucipibus
494 5229 694 5283 habere
742 5228 1071 5284 consortium
1116 5227 1457 5283 mereamini.
1493 5228 1632 5282 Deus
1664 5238 1718 5284 te

177 5316 438 5375 incolumem
461 5320 755 5387 custodiat,
779 5319 1137 5375 dilectissime
1165 5317 1353 5376 frater.

227 5406 593 5467 lienedictionis
625 5416 807 5482 itaque
833 5413 1001 5482 gratia
1030 5426 1248 5467 crucem
1278 5413 1485 5467 clavem
1516 5412 1719 5468 haben-

178 5508 253 5549 tem
278 5502 335 5555 dc
387 5507 553 5560 sacris
602 5504 833 5558 vinculis
890 5505 1125 5558 auctoris
1173 5504 1343 5559 nostri
1376 5504 1516 5558 beati
1573 5505 1718 5560 Petri

178 5593 355 5645 tiostoli
383 5603 480 5650 tua:
500 5595 780 5650 dilectioni
808 5596 1104 5650 direximus
1134 5636 1149 5659 ,
1183 5607 1239 5650 ut
1269 5597 1565 5664 praesulare
1608 5613 1719 5652 meo

180 5690 297 5733 illum
323 5684 405 5739 Dei
430 5700 484 5743 et
509 5688 741 5759 proximi
800 5688 1035 5742 cbaritas
1084 5688 1305 5755 vinciat,
1341 5698 1395 5743 et
1426 5704 1521 5759 per
1545 5691 1719 5745 vexil-

232 5825 249 5849 '
270 5817 314 5871 lo
340 5820 393 5877 Β.
420 5822 506 5887 ειη
535 5841 780 5889 responsa
818 5826 993 5880 (intra.
1024 5824 1079 5881 In
1132 5828 1345 5881 ert-teris
1374 5826 1661 5883 Codicibus
1698 5847 1711 5885 :

184 5892 584 5955 ’ﬂpoualiintro.
622 5896 815 5953 Vocem
870 5896 1163 5952 lintrumin
1214 5909 1398 5954 nostro
1453 5901 1718 5967 glossario

1823 4678 2201 4748 pugnabilibus
2248 4679 2433 4741 dictis,
2480 4693 2577 4747 per
2604 4678 2833 4746 gratiam
2886 4677 2979 4733 Dei
3034 4678 3102 4732 de
3148 4679 3425 4733 hominum

1820 4771 2075 4826 cordibus
2100 4770 2341 4824 haeretici
2384 4770 2652 4839 dogmatis
2710 4770 2921 4825 sublata
2964 4771 3211 4840 caligine,
3247 4773 3427 4827 lumen

1822 4877 1967 4917 vera:
1991 4861 2350 4915 confessionis
2381 4859 2604 4915 effulsit.
2639 4861 2695 4915 in
2719 4876 2825 4930 quo
2848 4862 3267 4917 mansuetissimi
3294 4864 3428 4931 prin-

1820 4956 1955 5023 cipis
1990 4955 2139 5008 labor
2190 4969 2286 5019 pro
2318 4961 2479 5006 rectzc
2514 4953 2635 5007 fidei
2663 4952 2861 5022 pietate
2904 4953 3216 5022 prmclnruit
3241 4955 3291 5007 in
3325 4968 3427 5007 sa!-

1820 5048 1955 5101 culis
1996 5046 2248 5100 cronibus
2274 5046 2684 5108 eollaudandus,
2721 5058 2781 5098 ιιι
2809 5060 2873 5098 eo
2908 5047 3121 5099 favente
3172 5058 3295 5099 cum
3332 5045 3427 5100 Dei

1822 5135 2074 5206 prznsidio
2113 5140 2313 5190 veritas
2366 5136 2680 5204 apostolicae
2732 5134 2854 5189 ﬁdei
2904 5136 3147 5189 bravium
3189 5135 3428 5191 victoriae

1822 5238 2083 5293 sumeret,
2116 5230 2481 5297 tlivinitusque
2537 5244 2854 5283 concessum
2884 5229 3173 5296 imperium
3208 5232 3425 5299 pietatis

1823 5324 2125 5392 insignibus
2174 5324 2479 5377 decoraret.
2515 5321 2747 5388 Ideoque
2796 5331 2849 5378 et
2903 5337 2997 5377 vos
3047 5322 3424 5395 gloriosissimi

1820 5416 2017 5471 Christi
2053 5416 2306 5470 Ecclesia:
2336 5414 2451 5481 filii,
2488 5414 2541 5467 in
2594 5416 2788 5482 quibus
2842 5414 3060 5483 pietatis
3093 5417 3423 5471 desiderium

1822 5508 2005 5579 pollet,
2030 5507 2353 5576 evangelicae
2375 5513 2535 5574 atque
2567 5508 2879 5576 apostolicae
2909 5506 3277 5573 praedicationi
3313 5521 3425 5561 ma-

1823 5617 1948 5657 num
1974 5600 2317 5669 suifragando
2368 5600 2644 5666 porrigite,
2706 5608 2763 5651 ut
2814 5598 2976 5652 etiam
3028 5608 3239 5653 vestras
3266 5598 3424 5652 Chri-

1824 5696 2178 5751 Stianissimas
2222 5695 2470 5763 regiones
2503 5693 2730 5746 sincera:
2776 5692 2920 5756 ﬁdei,
2954 5707 3114 5760 quam
3174 5692 3416 5762 diligitis,

1822 5832 2063 5886 consulat
2095 5828 2283 5881 lector.

1897 5905 1917 5935 "
1953 5901 2014 5958 'l'.
2046 5903 2171 5966 1,2,
2202 5897 2497 5951 beatissimi.
2526 5894 2613 5957 Η..
2645 5895 2737 5960 6.,
2773 5896 3160 5964 promotissimi.
