3882 6408
451 448 555 505 117

1143 441 1521 503 COLLECTIO
1560 428 1884 492 C.\.\0.\L.ll
1926 429 1979 482 .‘5.
2025 426 2294 490 lSlDUflO
2335 434 2601 495 iilSi’AL.
2642 437 2995 498 ASCRIPTA.

3601 432 3703 492 H8

448 563 623 634 fulgor
642 561 885 630 irradiet,
910 568 967 617 ut
1002 560 1313 631 apostolica:
1365 557 1733 630 prmdicationi
1779 558 2021 614 faventes
2044 571 2101 618 Δ
2124 554 2435 625 probentur,
2466 564 2521 612 et
2552 558 2693 626 apud
2722 558 2917 626 Deum,
2965 555 3033 611 ad
3059 555 3215 627 cujus
3243 553 3473 625 gloriam
3511 551 3626 608 laus
3652 559 3704 608 et

447 666 606 724 atque
632 653 1025 710 collaborantes
1063 654 1388 709 consortium
1422 652 1656 707 fidelium
1684 652 1824 720 apud
1854 652 2019 707 Deum

446 745 647 802 habere
672 746 1011 813 mereamini,
1044 746 1110 801 ad
1139 762 1295 816 quem
1318 745 1574 815 redigitur
1605 744 1725 816 [U.,
1755 741 2017 815 dirigitur]

444 841 511 897 de
538 854 778 896 eo'vera:
820 838 1175 895 confessionis
1223 839 1521 908 integritas.
1578 836 1733 905 Quod
1782 837 1925 893 enim
1950 836 2020 891 ad

443 940 684 986 nostrum
713 932 944 986 olficiutu
978 931 1166 999 quibus
1188 930 1483 984 animarum
1507 927 1830 996 dispensatio
1868 942 2018 982 com-

444 1021 609 1079 missa
659 1033 742 1079 est
783 1022 1135 1089 competehat,
1186 1020 1544 1075 definitionem
1596 1020 1762 1072 sancti
1805 1018 2017 1074 concilii

441 1117 578 1170 sexti
604 1130 699 1183 per
728 1129 919 1168 novam
964 1113 1307 1170 indictionem
1336 1114 1390 1166 in
1432 1110 2018 1179 Constantinopolitana

441 1207 572 1261 urbe
594 1207 872 1270 celebrati,
909 1216 961 1261 et
983 1205 1419 1261 acclamationem
1448 1205 1817 1259 universorum
1859 1218 2014 1259 reve-

439 1306 862 1354 renussimoruni
896 1299 1291 1368 episcoporum,
1322 1300 1449 1367 quas
1466 1305 1522 1351 et
1570 1294 2019 1364 prosphoneticus

436 1388 527 1465 [Τ.
560 1392 611 1455 1,
642 1391 695 1455 2,
726 1388 816 1457 G.,
850 1388 1311 1460 prosphoneticos]
1338 1388 1554 1453 dicitur,
1585 1388 1677 1441 sed
1702 1397 1758 1443 et
1785 1388 2017 1443 edictum

436 1481 562 1537 fidei
584 1498 613 1535 a
643 1483 879 1550 pussimo
899 1482 1139 1552 Augusto
1156 1492 1339 1536 nostro
1379 1481 1725 1537 serenissimo
1777 1480 1885 1536 filio
1913 1481 2017 1537 huc

434 1576 754 1633 destinatum
778 1578 974 1633 vestris
996 1577 1105 1649 7A.
1125 1591 1336 1647 quoque
1381 1577 1667 1647 provinciis
1715 1576 2016 1632 innotescec

434 1682 517 1735 re,
547 1682 640 1737 per
672 1668 892 1724 latorem
927 1668 1270 1736 praesentium
1309 1668 1522 1723 Petrum
1548 1668 1811 1723 notarium
1844 1671 2015 1739 regio-

434 1762 643 1815 narium
675 1772 873 1815 sancta:
901 1771 1099 1815 nostrae
1132 1760 1386 1814 Ecclesiae
1410 1760 1533 1815 illuc
1560 1760 1793 1831 dirigere
1822 1760 2014 1817 ali‘ectu

434 1865 657 1923 paterno
711 1855 1112 1919 maturavimus,
1145 1862 1201 1908 ut
1247 1853 1313 1908 de
1344 1853 1429 1926 [Τ.
1461 1856 1517 1920 1,
1547 1854 1602 1920 2,
1633 1856 1791 1928 unde]
1829 1858 2011 1926 profe-

2121 646 2383 703 stabilitas
2407 648 2530 704 fidei
2565 649 2883 706 Christiana:
2907 648 3184 720 redigitur,
3208 645 3603 705 commendatio
3624 645 3702 700 eis

2122 747 2282 808 atque
2307 741 2576 811 susceptio
2605 741 2712 813 75
2739 742 2805 796 ad
2830 741 3053 797 salutem
3076 738 3376 794 animarum
3402 734 3700 808 proveniat.

2121 830 2369 888 Officium
2395 834 2618 903 proinde
2651 835 2867 903 pietatis
2891 842 3228 901 assumptum
3251 831 3521 902 vigilantia
3547 838 3702 898 atque

2120 925 2339 979 solertia
2386 924 2505 997 [U.,
2559 926 2799 996 vigilanti
2844 922 3089 996 solertia]
3119 924 3485 980 condecorans
3513 920 3700 976 festina

2124 1017 2408 1087 perlicere,
2433 1019 2557 1088 quia
2585 1029 2642 1074 et
2674 1018 2987 1088 tibimetipsi
3015 1017 3347 1074 thesaurizas
3377 1016 3499 1071 boni
3527 1016 3703 1085 operis

2119 1107 2374 1173 fructum,
2432 1117 2487 1164 et
2532 1110 2953 1180 suscipientibus
3005 1108 3260 1178 provides
3290 1108 3524 1166 cmlestis
3553 1105 3701 1177 regni

2118 1201 2501 1258 beatitudinem
2544 1203 2943 1273 perfectamque
2972 1202 3280 1272 apostolica:
3324 1202 3448 1258 fidei
3488 1200 3701 1257 confes-

2117 1294 2326 1349 sionem
2355 1295 2605 1362 adipisci.
2644 1295 2963 1351 Benedictus
2990 1296 3163 1365 gratia
3202 1295 3294 1350 Dei
3325 1293 3611 1364 presbyter
3651 1302 3704 1348 et

2118 1386 2319 1442 electus
2347 1396 2547 1443 sancta:
2574 1387 2717 1443 sedis
2765 1387 3075 1457 apostolica:
3103 1386 3417 1456 subscripsi.

2188 1478 2409 1533 Domino
2435 1490 2482 1533 et
2508 1480 2933 1535 excellentissimo
2966 1481 3074 1548 ﬁlio
3117 1478 3327 1550 Ervigio
3368 1480 3478 1547 regi
3506 1476 3633 1531 Leo.

2187 1572 2320 1629 Cum
2369 1589 2504 1629 unus
2550 1572 2643 1645 [υ.
2675 1574 2802 1627 add.
2852 1584 2906 1629 et
2944 1571 3199 1645 aeternus]
3247 1580 3422 1628 exstet
3463 1586 3554 1625 rex
3583 1584 3703 1624 om-

2116 1664 2261 1721 nium
2315 1668 2474 1734 Deus,
2516 1668 2605 1737 qui
2649 1678 2841 1723 cuncta
2887 1670 3094 1724 creavit
3144 1678 3201 1723 et
3246 1684 3316 1723 ex
3369 1667 3537 1723 nihilo
3586 1681 3707 1737 quae

2115 1760 2316 1815 creavit
2342 1763 2477 1828 regit
2506 1770 2559 1816 et
2584 1761 2823 1817 coutinet
2848 1804 2862 1827 ,
2894 1762 2984 1832 qui
3014 1777 3139 1816 vere
3167 1761 3286 1816 Rex
3320 1775 3503 1831 regum
3536 1768 3623 1814 est
3651 1773 3703 1813 et

2117 1848 2374 1907 Dominus
2395 1853 2803 1917 dominantium,
2822 1851 2964 1908 idem
2989 1851 3551 1924 incomprehensibilis
3577 1865 3704 1921 pro-

434 1955 523 1999 etu
547 1944 862 2014 evangelicae
884 1954 1042 2015 atque
1057 1923 1365 2014 apostolicae
1384 1923 1800 2015 praedicationis,
1820 1923 1876 2001 ut
1898 1962 2010 2004 me-
2040 1923 2088 1984 Β
2119 1942 2371 1999 videmiae
2416 1959 2528 2000 suae
2559 1945 2842 2001 libramine
2876 1956 2983 2000 tant
3039 1923 3406 2015 temporaliter
3434 1958 3704 2015 quamque

432 2038 537 2093 rito
565 2038 685 2093 fidei
714 2054 854 2092 verte
874 2047 1178 2103 consortes,
1220 2039 1496 2095 nobiscum
1544 2039 1631 2113 [Τ.
1664 2041 1715 2105 1,
1747 2042 1804 2107 2,
1832 2042 2012 2096 vobis-

432 2128 576 2199 cum]
610 2130 931 2185 unanimiter
957 2130 1227 2186 tmtetnini.
1255 2131 1461 2186 Hortati
1506 2138 1685 2186 autem
1716 2147 1901 2189 sumus
1928 2148 2014 2189 re-

432 2221 699 2276 verendos
726 2222 1085 2277 Ecclesiarutn
1108 2226 1347 2279 omnium
1380 2225 1653 2293 praesules,
1684 2234 1741 2281 ut
1769 2227 2009 2283 subscri-

432 2315 645 2384 ptiones
702 2313 818 2386 [U.,
869 2315 1209 2388 scriptiones]
1263 2331 1390 2372 suas
1454 2317 1627 2374 eidem
1704 2321 2012 2389 apostolica:

430 2412 591 2472 atque
618 2404 862 2473 synodali
888 2405 1182 2460 deﬁnitioni
1235 2407 1571 2473 subuectant,
1597 2418 1652 2464 et
1700 2418 1884 2478 utpote
1917 2426 2011 2480 pro

428 2495 552 2549 filiis
574 2503 731 2564 atque
760 2509 880 2550 cum
906 2496 1026 2550 filiis
1058 2507 1234 2565 patres
1264 2511 1361 2552 sua
1389 2500 1600 2554 nomina
1623 2500 1675 2554 in
1702 2500 2010 2570 ltujusmodi

428 2588 569 2644 libro
594 2590 715 2643 vitae
743 2588 1062 2656 describant,
1088 2589 1153 2645 ad
1183 2590 1391 2646 laudem
1425 2591 1654 2649 fideliter
1684 2608 2009 2651 concurren-

432 2682 563 2736 tium
584 2691 638 2737 et
663 2682 856 2737 Christi
885 2680 1174 2752 Evangelio
1195 2683 1640 2739 collaborantium
1663 2695 1715 2741 et
1736 2702 2013 2744 commen-

431 2773 705 2828 dationem
737 2773 803 2828 ad
861 2773 1045 2838 Deum,
1079 2790 1238 2844 quem
1281 2784 1406 2831 tunc
1459 2791 1763 2854 mercamur
1812 2778 2011 2837 habere

427 2864 718 2939 prapitium
750 2864 877 2919 dum
907 2880 1025 2933 ejus
1047 2865 1169 2920 fidei
1195 2866 1471 2923 veritatem
1516 2869 1887 2926 immutilatam
1917 2870 2005 2946 [T.

428 2954 482 3022 1,
512 2955 569 3025 2,
596 2954 952 3028 immutatam]
978 2956 1081 3012 fine
1111 2967 1260 3013 tenus
1292 2968 1317 2995 η
1350 2973 1751 3018 conservamus.
1802 2962 2011 3019 incolu-

423 3060 566 3103 mem
595 3048 815 3107 gloriam
840 3058 1070 3103 vestram
1104 3049 1271 3116 gratia
1304 3062 1535 3117 superna
1558 3052 1847 3106 custodiat.

498 3138 578 3193 Ad
620 3147 924 3207 perpetuam
976 3137 1200 3207 proinde
1245 3151 1438 3194 vestras
1468 3139 1715 3210 gloriosa:
1740 3141 2009 3197 Christia-

426 3231 613 3288 nitatis
675 3230 1059 3300 protectionem
1118 3230 1478 3287 venerabilem
1533 3247 1743 3289 crucem
1801 3235 2005 3290 clavem

423 3321 712 3378 habentem
766 3319 834 3375 de
891 3319 1214 3374 salutaribus
1276 3320 1503 3382 vinculis
1550 3324 1786 3377 auctoris
1836 3326 2003 3380 nostri

423 3413 568 3473 Petri
603 3414 797 3468 Christi
846 3412 1212 3481 apostolorum
1246 3414 1500 3483 principis
1548 3430 1643 3483 per
1684 3428 2003 3485 prtesentem

424 3508 671 3580 gerulum
718 3505 1035 3571 direximus,
1084 3514 1143 3560 ut
1188 3505 1340 3576 cujus
1370 3509 1631 3563 sinceram
1662 3507 2004 3564 dilictioucm

423 3599 608 3671 geritis
640 3608 691 3653 et
721 3596 1021 3653 luminartis
1068 3596 1297 3654 fideliter
1343 3598 1633 3669 providetis
1680 3597 2007 3654 traditionis-

422 3709 527 3763 que
556 3689 935 3748 rectitudiuem
963 3692 1226 3747 veraciter
1266 3692 1671 3761 amplectimini,
1700 3691 1815 3762 ejus
1859 3692 2005 3764 jugi-

420 3794 510 3841 ter
545 3785 839 3854 apostolica
867 3784 1092 3839 tuitione
1119 3783 1422 3839 salvetnini.
1454 3784 1624 3838 Amen
1666 3781 1718 3838 δ.

422 3899 726 3957 Benedictus
755 3899 1012 3971 presbyter
1056 3908 1115 3971 eti
1132 3901 1186 3953 in
1218 3899 1309 3953 Dei
1349 3899 1551 3953 nomine
1594 3899 1778 3954 electus
1820 3910 2008 3956 sancite

564 3973 697 4027 sedis
737 3974 1032 4040 apostolica
1084 3970 1241 4026 Petro
1302 3971 1501 4025 notario
1552 3972 1861 4043 regionart'o.

494 4065 651 4120 Juxta
691 4064 830 4135 quod
876 4073 1018 4118 tuam
1063 4064 1432 4119 Strenuitatcm
1459 4064 1770 4131 apostolica:
1802 4078 2006 4120 memo-

420 4160 516 4215 ria:
574 4158 825 4212 dominus
872 4160 981 4213 Leo
1028 4173 1162 4228 papa
1191 4157 1505 4227 Hispaniam
1545 4159 1873 4227 provinciam
1927 4158 2007 4214 ire

421 4253 683 4321 disposuit
728 4253 792 4308 ad
819 4252 1363 4322 pmcellentissimum
1391 4262 1447 4308 et
1493 4252 2005 4309 Christianissimum

424 4360 601 4414 regem
649 4356 703 4399 et
750 4345 1117 4400 sanctissimos
1166 4344 1604 4415 archiepiscopus
1637 4354 1690 4400 et
1731 4343 2003 4400 Ecclesia-

422 4450 541 4489 rum
570 4436 810 4491 omnium
857 4436 1112 4504 praesules
1152 4436 1351 4491 ibidem
1376 4437 1717 4503 constitutos.
1750 4435 1910 4491 simul
1951 4445 2006 4491 et

422 4528 716 4595 gloriosum
766 4529 1053 4592 comitem,
1107 4541 1207 4597 pro
1258 4527 1640 4583 innotescenda
1684 4528 2004 4583 venerabilis

424 4632 591 4674 sexta:
628 4620 815 4687 synodi
858 4618 1189 4683 definitione,
1236 4621 1618 4675 acclamatione
1648 4634 1859 4691 quoque
1884 4638 2002 4690 qua:

423 4720 476 4765 et
505 4710 950 4779 pr05phoneticus
980 4711 1175 4767 dicitur
1203 4713 1757 4769 reverentissimorum
1806 4716 2009 4785 episco-

428 4818 613 4871 porum
647 4803 737 4871 qui
765 4804 818 4859 in
847 4802 1037 4857 eodem
1064 4817 1093 4857 a
1132 4803 1239 4858 Deo
1270 4814 1593 4873 congregato
1619 4806 1849 4860 concilio
1878 4822 2007 4863 con-

420 4904 687 4950 venerunt
736 4894 801 4949 ad
850 4894 1327 4949 clementissimum
1382 4896 1698 4964 principem,
1733 4906 1787 4951 et
1830 4897 2007 4954 edicto

425 4988 666 5055 ejusdem
699 4986 925 5057 piissimi
958 4986 1213 5056 principis
1266 4986 1461 5056 ubique
1490 4987 1816 5057 generaliter
1844 4989 2007 5045 desti-

420 5074 585 5142 nato,
643 5090 739 5144 pro
784 5077 1091 5144 apostolica;
1149 5085 1351 5138 nostra:
1411 5077 1531 5132 fidei
1584 5078 1836 5135 firmitate
1882 5094 2003 5135 cum

417 5181 630 5225 summo
664 5166 874 5231 pietatis
906 5168 1085 5223 studio
1114 5170 1455 5223 commissum
1498 5170 1850 5226 ministerium
1886 5188 2005 5240 per-

416 5275 537 5332 age.
578 5259 1015 5331 Subscriptiones
1040 5275 1255 5331 quoque
1299 5262 1853 5320 reverentissimorum
1885 5266 2005 5338 epi-

420 5368 709 5423 scoporum
780 5364 900 5422 post
961 5354 1204 5409 eamdem
1266 5354 1579 5426 synodicam
1637 5356 2002 5418 definitionem

418 5462 541 5502 cum
606 5459 814 5500 summa
871 5444 1160 5502 sedulitate
1218 5454 1381 5516 atque
1445 5448 1720 5518 vigilantia
1776 5466 2004 5521 procura

414 5536 689 5607 subjungi,
719 5547 776 5592 ut
798 5548 852 5594 et
879 5538 1038 5593 iidem
1066 5540 1491 5597 reverentissimi
1541 5543 1781 5613 episcopi
1805 5546 2005 5602 omnis-

415 5642 520 5696 que
573 5642 667 5696 per
692 5642 786 5682 eos
835 5628 1081 5698 religiosa
1112 5631 1385 5699 provincia
1414 5645 1699 5691 consortes
1721 5635 1998 5693 nobiscum

414 5716 688 5773 catholicae
732 5729 896 5791 atque
927 5720 1232 5790 apostolicae
1274 5721 1576 5780 traditionis
1607 5734 1663 5780 et
1706 5724 1832 5782 fidei
1856 5740 2003 5783 com-

487 5854 627 5934 ιΑΕξ
650 5856 717 5913 G.
747 5858 800 5912 in
826 5858 887 5912 Β.
908 5858 998 5924 R.,
1026 5859 1127 5934 ﬁne
1151 5869 1429 5934 teneamus.
1449 5864 1514 5919 Τ.
1546 5865 1599 5934 1,
1628 5866 1729 5932 ﬁne
1757 5874 1999 5926 tenemus.

414 5923 479 5982 Τ.
509 5925 563 5993 2,
590 5926 742 5995 ﬁnem
774 5923 1034 5985 tenemus.
1056 5930 1142 6000 0.,
1183 5933 1287 6002 ﬁde
1315 5942 1478 5991 tenus.

2031 3280 2079 3344 C

2116 2036 2363 2092 localiter
2384 2036 2629 2092 diversos
2660 2038 2711 2093 in
2742 2038 2900 2094 terris
2930 2053 3154 2109 regnare
3184 2039 3443 2109 disponit,
3472 2053 3702 2108 quorum

2115 2128 2216 2181 etsi
2246 2127 2413 2182 divisa
2445 2126 2565 2199 [U.,
2591 2128 2826 2201 diversa]
2852 2138 2976 2183 sunt
3011 2143 3193 2197 regna,
3234 2130 3494 2199 aequalem
3523 2138 3703 2183 tamen

2116 2221 2183 2274 de
2214 2220 2441 2289 singulis
2471 2222 2736 2278 rationem
2768 2221 3187 2291 dispensationis
3230 2219 3461 2289 expetit,
3512 2234 3706 2274 unam-

2115 2325 2225 2384 que
2266 2310 2332 2365 de
2383 2312 2464 2366 eis
2514 2326 2654 2367 vera:
2700 2326 2812 2366 sua:
2863 2311 3219 2367 confessionis
3248 2312 3476 2366 hostiam
3528 2309 3705 2365 laudis

2114 2412 2417 2471 exspectat,
2450 2412 2504 2458 et
2532 2404 2633 2457 hoc
2658 2405 2833 2459 solum
2883 2418 3107 2458 munere
3131 2404 3272 2458 circa
3302 2402 3580 2457 hominum
3613 2417 3707 2474 ge-

2115 2508 2213 2548 nus
2242 2494 2611 2561 complacatur
2644 2494 2763 2563 ejus
2793 2494 3091 2564 majestatis
3122 2494 3475 2558 immensitas,
3507 2493 3637 2547 dum
3670 2505 3701 2547 ι

2115 2586 2323 2641 cunctis
2361 2600 2485 2640 vera
2510 2584 2576 2639 dc
2604 2599 2669 2640 eo
2711 2584 2798 2659 [Τ.
2828 2587 2878 2651 1,
2908 2585 2963 2651 2,
2997 2586 3065 2642 de
3107 2585 3235 2658 Deo]
3266 2586 3532 2641 confessio
3563 2599 3706 2655 prae—

2113 2677 2340 2743 dicatur,
2375 2684 2433 2732 ut
2460 2677 2560 2732 etsi
2601 2677 3019 2747 dispositionum
3066 2678 3438 2749 temporalium
3487 2676 3706 2732 videtur

2113 2784 2235 2825 esse
2266 2768 2575 2835 diversitas,
2606 2771 2747 2825 circa
2772 2770 2890 2839 ejus
2922 2770 3043 2826 fidei
3066 2771 3444 2826 rectitudinem
3478 2770 3706 2826 unitatis

2111 2864 2459 2922 consonantia
2491 2870 2755 2918 teneatur.
2794 2864 2904 2917 lloc
2944 2863 3106 2917 etiam
3140 2872 3194 2918 et
3231 2864 3284 2918 in
3329 2862 3529 2918 sanctis
3587 2862 3707 2918 suis

2110 2955 2393 3024 discipulis
2425 2955 2679 3010 Salvator
2710 2954 2895 3009 mundi
2934 2955 3027 3009 Dei
3060 2955 3227 3011 Filius
3254 2970 3375 3011 esse
3401 2957 3708 3025 constituit,

2111 3046 2202 3117 qui
2254 3048 2469 3101 beatum
2518 3045 2733 3101 Petrum
2767 3046 2848 3101 sui
2882 3046 2997 3101 vice
3044 3045 3427 3116 discipulorum
3478 3062 3711 3102 suorum

2114 3138 2340 3193 instituit
2379 3139 2702 3207 principem,
2751 3139 2904 3206 cujus
2952 3139 3173 3193 salutari
3206 3141 3589 3209 prmdicatioue
3621 3150 3709 3194 at-

2112 3246 2219 3300 que
2264 3232 2548 3287 traditione
2575 3232 2644 3285 ab
2671 3231 2774 3286 bac
2801 3241 2987 3287 sancta
3034 3234 3326 3302 apostolica
3355 3233 3564 3289 Christi
3613 3234 3715 3288 Ec-

2109 3324 2305 3390 clesia,
2358 3327 2502 3379 velut
2555 3340 2585 3379 a
2624 3322 2774 3379 fonte
2830 3324 3229 3395 prmdicationis
3283 3325 3711 3396 progrediente,

2109 3425 2317 3473 cuncta:
2373 3420 2623 3488 regiones
2675 3420 2870 3490 quibus
2926 3422 3086 3474 etiam
3144 3430 3380 3476 vestrum
3431 3420 3713 3491 fastigium

2112 3513 2357 3579 prresidet
2382 3513 2449 3568 ad
2491 3513 2848 3585 cognitionem
2878 3512 3121 3569 veritatis
3149 3522 3205 3567 et
3248 3514 3389 3567 viam
3422 3514 3546 3567 vita:
3578 3528 3709 3585 per-

2110 3601 2283 3657 ductae
2330 3610 2497 3669 sunt,
2550 3603 2807 3672 regnique
2852 3604 3015 3657 vestri
3065 3603 3283 3658 culmen
3332 3604 3598 3673 illustrat,
3658 3614 3720 3661 et

2110 3693 2235 3748 dum
2267 3707 2365 3762 per
2390 3695 2615 3762 gratiam
2670 3695 2760 3749 Dei
2788 3696 2987 3762 pietate
3016 3695 3275 3769 regnetis,
3306 3694 3375 3750 de
3413 3696 3721 3766 temporali

2109 3800 2276 3855 regno
2321 3790 2540 3841 aeternae
2589 3785 2932 3840 beatitudinis
2979 3801 3201 3857 regnum
3252 3787 3534 3856 acquiritis
3587 3790 3717 3846 :ad

2110 3876 2250 3945 quod
2282 3874 2572 3945 perfectius
2593 3877 2975 3941 obtinendum,
3005 3879 3145 3933 sicut
3169 3880 3433 3935 instanter
3453 3895 3713 3951 oramus,

2108 3968 2237 4022 dum
2293 3968 2386 4024 Dei
2436 3968 2744 4040 dignatione
2804 3979 3010 4039 patrum
3061 3971 3251 4027 ordine
3302 3975 3602 4045 fungimur,
3658 3986 3718 4033 et

2110 4063 2253 4118 beati
2281 4062 2425 4119 Petri
2474 4066 2842 4133 apostolorum
2876 4066 3131 4137 principis
3162 4068 3287 4123 licet
3336 4070 3576 4139 impares
3611 4086 3720 4141 pro

2108 4156 2399 4211 commisso
2443 4155 2622 4211 divina
2662 4171 2763 4227 ope
2803 4153 3104 4214 ministerio
3157 4159 3333 4216 locum
3382 4160 3720 4232 implemus.

2108 4249 2180 4304 ita
2230 4250 2572 4320 praedicando
2622 4261 2784 4319 atque
2834 4252 3229 4308 commonendo
3269 4254 3336 4308 ad
3376 4254 3551 4310 beata:
3584 4257 3722 4312 vita:

2107 4344 2359 4399 meritum
2390 4359 2649 4398 conamur
2697 4346 3019 4414 provehere.
3054 4344 3267 4403 Initium
3308 4351 3506 4417 quippe
3537 4360 3726 4405 atter-

2108 4450 2191 4489 naa
2224 4434 2571 4490 beatitudinis
2604 4436 2907 4493 obtinenda:
2949 4449 3093 4494 recta
3147 4444 3455 4510 apostolicae
3505 4446 3727 4510 praedi-

2108 4525 2337 4581 cationis
2383 4538 2466 4584 est
2508 4529 2712 4598 regula,
2744 4544 2901 4597 quam
2933 4530 3037 4586 etsi
3068 4530 3393 4588 labefactare
3420 4532 3557 4590 olim
3592 4537 3729 4603 qui-

2033 4620 2233 4705 Ddam
2291 4619 2454 4674 moliti
2503 4630 2647 4683 sunt.
2707 4622 2989 4677 haereticos
3041 4624 3093 4678 in
3148 4624 3440 4682 Ecclesiam
3499 4629 3733 4687 Christi

2111 4708 2465 4765 intromittere
2524 4721 2789 4769 enitentes
2823 4728 3064 4771 errores:
3097 4716 3192 4771 sed
3223 4720 3534 4788 evangelica
3576 4723 3733 4779 veri-

2113 4808 2195 4855 tas
2236 4802 2422 4857 vincit.
2452 4802 2557 4858 Pro
2589 4820 2706 4873 ejus
2736 4806 3027 4863 Stabilitate
3081 4807 3406 4865 immutilate
3435 4817 3729 4869 servantia

2111 4894 2349 4949 diversas
2375 4895 2725 4952 afﬂictionum
2758 4898 2980 4953 insidias
3009 4900 3126 4955 iith
3166 4902 3463 4970 apostolica
3495 4905 3729 4961 Christi

2114 4985 2345 5041 Ecclesia
2397 4986 2653 5042 sustinuit
2709 5003 2923 5060 semper
2977 4999 3031 5046 et
3082 4994 3331 5060 sustinet,
3386 5006 3438 5049 et
3466 5009 3730 5064 superam

2108 5086 2275 5153 gratia
2301 5085 2627 5155 suﬂ'ragante
2659 5086 2821 5142 illaesa
2850 5088 3105 5157 persistit.
3133 5088 3285 5146 Nunc
3310 5102 3518 5147 autem.
3574 5106 3730 5161 σιηηιι

2109 5190 2227 5232 cum
2256 5178 2546 5247 gratiarum
2575 5178 2786 5233 actione
2814 5180 2866 5233 in
2894 5179 3057 5235 Deum
3088 5181 3420 5235 exsultantes
3446 5181 3693 5237 effusam
3719 5229 3728 5243 ,

2109 5284 2205 5339 per
2252 5286 2441 5324 novatn
2500 5270 2584 5341 [Τ.
2644 5271 2694 5335 1,
2731 5268 2821 5339 (1.,
2874 5270 2964 5338 G.,
2998 5270 3217 5340 nonam]
3268 5276 3730 5343 nuperelapsuu

2108 5366 2449 5423 ittdictionem
2507 5367 2614 5439 76
2666 5368 2939 5437 piissimus
2998 5380 3160 5441 atque
3206 5370 3736 5429 CltristiattESsinms

2107 5465 2290 5516 noster
2311 5460 2419 5517 imo
2435 5461 2689 5516 Ecclesiae
2706 5460 2797 5518 Dei
2818 5461 2956 5518 illius
2981 5464 3273 5532 imperator
3298 5465 3361 5519 ad
3389 5471 3733 5534 opust-ilics.-

2107 5554 2380 5609 memoria:
2430 5563 2672 5609 nostrum
2724 5556 3065 5612 decessorem
3120 5559 3455 5628 Agathonem
3514 5578 3737 5632 papam

2106 5652 2267 5713 atque
2319 5645 2625 5714 pontificem
2677 5650 2874 5718 scripta
2906 5650 3197 5718 imperialia
3232 5650 3467 5719 dirigens
3498 5656 3737 5711 affatim

2107 5738 2357 5796 hortatus
2387 5749 2492 5807 est,
2525 5750 2582 5796 ut
2608 5742 2675 5797 ab
2710 5741 2815 5797 hac
2839 5740 2924 5814 [Τ.
2957 5744 3011 5809 1,
3038 5742 3096 5811 2,
3122 5744 3249 5799 add.
3280 5742 3486 5817 nostra]
3522 5764 3739 5808 saucza

2182 5872 2210 5914 ιδ
2240 5873 2317 5933 Ex
2342 5873 2407 5931 U.
2431 5882 2483 5933 et
2505 5872 2596 5945 G.,
2620 5876 3002 5951 cumhmevox
3028 5876 3239 5937 desitin
3254 5876 3317 5938 Β.
3336 5876 3427 5948 Β..
3460 5878 3536 5938 Τ.
3574 5886 3643 5958 1,
3672 5888 3740 5947 2.
