3882 6334
185 350 262 408 149
674 339 1086 399 ΟΒᾸΞΕΟΒυΜ
1123 333 1459 396 CONCILIA.
1499 361 1569 375 —
1607 331 1720 389 (ἶοῗ

1832 327 2481 388 ΑχτικῡροιιτΑΝωι
2521 327 2924 388 SECUNDUM.

3320 329 3340 384 1
3351 329 3420 385 50

180 465 433 534 apostolica
480 458 618 516 sedis
661 458 905 512 Ecclesia
956 456 1022 510 de
1049 453 1298 508 omnibus
1347 447 1794 518 adjacentibusA
1825 444 1875 498 iu
1924 444 2121 499 deitate
2185 453 2347 514 atque
2419 445 2753 501 humanitate
2805 444 3019 500 Domitii
3069 443 3240 500 nostri
3296 443 3422 501 Jesu

179 554 507 617 eireverendis
545 554 790 608 conciliis
824 552 1050 620 legatos,
1097 558 1205 602 tam
1249 549 1316 599 de
1352 543 1717 596 Ecclesiarum

180 651 444 723 prtesulibus
467 659 734 716 quamque
778 645 846 697 de
874 643 994 696 aliis
1026 640 1305 695 ordinibus
1333 633 1719 690 ecclesiasticis

158 763 270 803 'ctun
295 741 589 813 dogmaticis
621 740 818 794 litteris
864 735 1360 802 venerabiliumque
1407 729 1622 782 Patrum
1657 727 1721 782 li-

181 843 262 894 bris
287 852 341 889 ac
371 831 683 889 testimoniis
725 831 1016 883 instructos
1069 827 1121 880 in
1174 825 1374 895 regiam
1408 822 1721 876 Constanti-

180 928 489 999 nopolitanam
539 926 730 977 urbem
769 921 1047 988 dirigeret,
1101 917 1240 986 quod
1294 916 1386 968 Dei
1418 924 1546 967 nutu
1592 911 1718 966 effe-

175 1036 285 1078 ctum
321 1031 465 1087 atque
495 1016 790 1086 perfectum
830 1020 932 1066 est.
968 1011 1172 1077 Quibus
1223 1009 1348 1062 illuc
1379 1007 1447 1058 ob
1497 1008 1596 1059 hoc
1625 1003 1720 1059 ad-

176 1113 462 1168 ventantibus
502 1109 791 1165 concilium
837 1121 902 1162 ex
955 1103 1182 1159 diversis
1235 1100 1418 1155 mundi
1479 1098 1722 1168 partibus

175 1210 262 1270 ejus
303 1209 453 1276 pietas
517 1201 897 1271 cottgrcgavit,
948 1207 1002 1253 et
1051 1195 1356 1251 commissa:
1404 1191 1720 1258 reipublicae

176 1300 286 1356 curis
316 1312 487 1367 parum
521 1309 614 1363 per
647 1309 706 1347 se
738 1291 946 1362 positis,
993 1290 1045 1343 in
1099 1285 1407 1341 venerando
1439 1283 1718 1351 episcopo-

173 1409 261 1447 rum
304 1393 501 1445 Patrum
551 1387 638 1461 [Τ.
689 1389 739 1450 l,
789 1386 847 1452 2,
895 1383 1140 1455 fratrum]
1191 1381 1417 1437 concilio
1471 1378 1719 1433 residens

176 1487 412 1540 veritatem
462 1482 768 1551 apostolica:
804 1477 1106 1533 traditionis
1151 1485 1201 1530 et
1231 1472 1610 1529 rectitudinem
1657 1471 1720 1521 ﬁ—

176 1581 242 1633 di-i
285 1594 370 1647 per
405 1584 613 1630 sanctas
655 1572 891 1644 synodos
944 1567 1442 1633 venerabiliumquc
1498 1563 1715 1620 Patrum

179 1668 454 1731 testimonia,
504 1675 558 1721 et
595 1665 926 1720 assertiones
957 1673 1354 1733 praecesserunt
1408 1666 1716 1712 nostrorum

173 1760 485 1829 apostolorum
567 1754 880 1823 pontiﬁcum
942 1751 1210 1807 subtiliter
1263 1759 1423 1818 atque
1487 1747 1716 1802 attonite

174 1852 430 1906 examinare
467 1848 609 1912 fecit,
639 1858 694 1902 et
721 1860 864 1900 verae
908 1843 1029 1899 ﬁdei
1053 1840 1418 1898 sinceritatem
1453 1853 1482 1891 a
1531 1836 1719 1907 legatis

173 1945 297 2013 hujus
340 1950 526 1997 sancte
580 1938 892 2008 apostolica:
920 1935 1068 1991 sedis
1101 1932 1415 1997 monstrari,
1447 1930 1588 2000 quod
1626 1943 1720 1996 per

173 2034 244 2089 Dei
290 2035 494 2103 gratiam
543 2031 757 2100 imperii
822 2029 1098 2083 adnitente
1170 2024 1422 2092 praesidio
1479 2032 1718 2091 carptum

175 2137 299 2192 atque
319 2135 571 2194 peractum
599 2130 685 2177 est
704 2138 720 2186 ;
740 2132 794 2176 et
813 2118 1206 2192 perfectissime
1225 2116 1412 2171 claruit
1433 2129 1575 2169 vera:
1596 2113 1720 2167 ﬁdei

178 2227 334 2270 nostrae
361 2217 616 2271 veracitas
650 2214 806 2285 juxta
837 2210 1140 2267 veneranda
1186 2207 1417 2264 concilia
1449 2215 1503 2262 et
1535 2208 1722 2276 proba-

179 2309 326 2364 hilium
359 2308 567 2364 Patrum
616 2307 916 2371 doctrinas,
947 2305 1078 2360 etin
1121 2319 1227 2358 uno
1276 2302 1506 2357 Domino
1535 2307 1722 2353 nostro

179 2403 273 2460 Jesu
314 2404 512 2460 Christo
542 2404 652 2458 ﬁlio
705 2402 826 2466 Dei,
865 2401 1166 2470 eodemque
1223 2413 1352 2454 vero
1401 2397 1511 2452 Deo
1559 2405 1722 2466 atque

181 2494 390 2564 perfecto,
436 2504 490 2551 et
534 2495 729 2551 eodem
791 2493 1008 2549 homine
1054 2508 1182 2548 vero
1238 2502 1400 2559 atque
1456 2489 1717 2560 perfecto,

180 2586 286 2639 sicut
325 2589 448 2641 duas
487 2583 922 2654 inseparabiliter
972 2592 1026 2638 et
1077 2582 1356 2637 iuconiuse
1401 2580 1722 2634 conﬁtemur

179 2686 368 2744 naturas,
415 2677 465 2734 id
515 2687 603 2734 est
653 2677 892 2732 divinant
940 2683 995 2731 et
1043 2675 1354 2739 humanam,
1407 2673 1477 2726 ita
1508 2680 1562 2727 et
1588 2671 1722 2725 duas

177 2773 397 2826 naturales
438 2772 745 2827 voluntates
789 2780 844 2824 et
887 2769 1023 2825 duas
1073 2768 1346 2822 naturales
1375 2767 1721 2836 operatioucs

177 2877 268 2917 cum
287 2878 453 2919 omnes
484 2865 687 2919 habere
721 2863 1077 2932 praedicemus
1111 2861 1406 2916 secundum
1431 2860 1720 2930 qualitates

177 2968 222 3008 ac
263 2957 591 3024 proprietates
658 2955 713 3008 in
759 2970 826 3008 eo
882 2953 1321 3010 concurrentium
1377 2960 1721 3016 naturarum;

175 3048 267 3114 quia
308 3047 378 3104 sic
420 3063 539 3104 eum
587 3063 754 3103 unum
803 3046 1079 3102 Christum
1122 3059 1392 3115 unamque
1436 3058 1721 3114 personam

175 3149 334 3193 saucla:
375 3141 653 3194 Trinitatis
703 3154 827 3195 esse
856 3137 1146 3194 credimus.
1197 3148 1254 3191 ut
1299 3146 1355 3192 et
1385 3135 1618 3191 divinam
1665 3142 1718 3188 et

178 3229 410 3286 luunanam
438 3243 685 3287 naturam
715 3244 769 3287 et
799 3232 988 3287 harum
1022 3241 1332 3286 naturarum
1357 3230 1716 3298 proprietates

177 3321 422 3390 inconfuse,
461 3324 695 3378 indivise
726 3332 781 3378 et
808 3322 1129 3377 indiminute
1169 3336 1293 3376 eum
1341 3319 1543 3374 habere
1585 3333 1722 3387 pra:-

176 3415 388 3472 dicemus.
430 3422 628 3474 Verum
685 3419 958 3489 piissimus
1005 3419 1299 3489 imperator
1346 3417 1516 3486 gratia
1550 3418 1720 3471 sancti

176 3507 361 3576 Spiritus
405 3513 693 3579 animatus,
731 3521 788 3565 et
833 3511 1074 3566 laborent
1119 3525 1214 3580 pro
1243 3507 1566 3564 Christianae
1595 3509 1719 3564 ﬁdei

179 3603 367 3669 puritate
407 3617 596 3675 sponte
625 3619 952 3676 perpessus,
1009 3604 1306 3660 Ecclesiam
1366 3603 1462 3658 Dei
1498 3603 1720 3659 catholi-

177 3707 268 3747 cam
289 3695 345 3749 ab
369 3699 567 3752 erroris
600 3697 838 3752 haeretici
870 3697 1078 3750 macula
1111 3695 1338 3749 summis
1382 3695 1594 3750 nixibus
1623 3712 1722 3762 puo

180 3784 348 3841 riticare
377 3791 587 3844 molitus
615 3800 720 3854 est,
762 3798 817 3844 et
868 3787 1127 3858 quidquid
1158 3787 1511 3842 offensionem
1567 3787 1724 3842 Chri-

181 3882 332 3936 stianis
359 3883 560 3954 pepulis
593 3891 801 3951 poterat
826 3896 1090 3953 generare
1115 3880 1183 3936 de
1205 3881 1383 3936 medio
1409 3881 1500 3934 Dei
1534 3881 1723 3937 Eccle-

180 3972 252 4025 site
294 3973 405 4030 fecit
449 3973 689 4041 auferri,
745 3989 1042 4046 omnesque
1090 3974 1357 4029 haeretica:
1407 3973 1722 4030 assertionis

179 4072 379 4118 auctores
397 4066 705 4122 venerando
727 4075 984 4122 censente
1015 4064 1132 4139 [U.,
1167 4063 1564 4136 consentiente]
1596 4081 1725 4121 con-

181 4154 274 4208 cilio
291 4158 614 4214 condemnati
641 4158 710 4214 de
731 4159 1010 4215 catholica:
1029 4159 1292 4215 Ecclesiae
1310 4159 1725 4216 annuntiatione

182 4250 359 4317 projecti
386 4261 528 4318 sunt,
556 4252 610 4306 id
633 4261 718 4310 est
739 4253 1059 4309 Theodorus
1087 4252 1484 4309 Pharanitanus
1511 4254 1725 4322 episco-

181 4353 270 4405 νας,
297 4343 450 4413 Cyrus
491 4345 906 4412 Alexandrinus,
937 4345 1178 4416 Sergius,
1212 4345 1430 4413 Paulus,
1484 4346 1720 4417 Pyrrhus

180 4440 220 4482 et
257 4431 423 4490 Petrus
469 4435 741 4506 quondam
801 4436 1383 4507 Constantiuopolitani
1439 4439 1724 4506 praesules,

1823 538 2018 592 Christi
2091 554 2252 594 unant
2313 539 2648 595 voluntatem
2716 554 2984 608 unamque
3050 539 3428 606 operationem

1824 632 2199 701 pm-dicantes,
2251 631 2553 686 doctrinam
2605 632 2915 686 haereticam
2951 630 3295 700 impudenter
3327 630 3425 685 de-

1823 725 2044 779 fendere
2070 725 2428 789 conabantur;
2484 738 2661 792 neque
2701 725 2868 789 enim,
2901 732 2958 778 ut
2989 723 3297 778 sacerdotes
3331 723 3431 779 Dei

1821 824 2158 885 oportuerat,
2189 825 2500 869 sanctarum
2531 814 2931 885 Scripturarum
2955 823 3009 869 et
3034 815 3249 868 Patrum
3271 815 3428 869 testi-

1823 911 2018 963 moniis
2044 910 2145 964 hoc
2174 909 2642 974 demonstrabant,
2675 907 2770 963 sed
2803 907 3090 962 mundanis
3122 906 3428 976 sophisma-

1825 1001 1965 1055 tibus
2035 1000 2393 1070 Evangelium
2462 1000 2661 1056 Christi
2717 999 2911 1054 callide
2977 1000 3428 1054 machinabantur

1824 1102 2157 1158 pervertere.
2204 1093 2350 1158 Quos
2378 1108 2566 1148 omnes
2597 1107 2720 1148 cum
2775 1092 2885 1146 suis
2917 1091 3194 1148 erroribus
3245 1091 3431 1146 divina

1823 1203 2054 1244 censura
2097 1188 2165 1244 de
2227 1197 2410 1243 sancta
2440 1203 2534 1242 sua
2584 1186 2813 1257 projecit
2865 1187 3130 1252 Ecclesia,
3181 1195 3238 1242 et
3289 1201 3430 1241 nunc

1823 1297 2057 1352 superno
2106 1281 2320 1337 favente
2352 1281 2604 1348 prtesidio
2637 1280 2692 1335 in
2726 1294 2885 1334 unam
2941 1295 3086 1334 verae
3133 1280 3257 1334 ﬁdei
3295 1294 3430 1334 cono

1823 1373 2134 1428 sonantiam
2187 1386 2378 1428 omnes
2432 1372 2525 1426 Dei
2592 1371 2848 1427 Ecclesiae
2916 1371 3177 1440 prtcsulcs
3227 1371 3430 1437 ubique

1823 1467 2176 1531 eoiicordant,
2206 1474 2260 1521 et
2293 1465 2490 1520 factum
2523 1475 2606 1520 est
2635 1481 2797 1518 unum
2829 1481 2890 1520 os
2923 1476 2978 1520 et
3007 1465 3204 1518 fabium
3237 1481 3427 1528 unum,

1828 1573 2072 1627 unusque
2093 1572 2221 1626 grex
2256 1567 2312 1613 et
2341 1573 2480 1612 unus
2504 1565 2686 1626 pastor
2714 1557 2960 1612 Christus
2995 1557 3164 1612 Filius
3200 1557 3313 1622 Dei,
3338 1557 3433 1623 qui

1824 1651 2154 1705 unanimiter
2203 1666 2231 1704 a
2284 1650 2494 1706 cunctis
2534 1651 2654 1721 ejus
2701 1649 3076 1706 sacerdotibus
3105 1659 3266 1718 atque
3308 1649 3428 1720 [U.,

1828 1741 2000 1809 reque:
2057 1742 2340 1797 sinceriter
2371 1743 2715 1813 prmdicatur.
2762 1741 2968 1797 idcirco
3000 1752 3053 1796 et
3079 1742 3243 1797 vestri
3275 1742 3430 1797 Citri-

1751 1813 1797 1871 Β
1830 1833 1988 1887 stiani
2055 1834 2206 1904 regni
2277 1831 2550 1901 fastigium
2605 1833 2843 1887 studimn
2899 1833 3113 1901 pietatis
3163 1843 3425 1900 assumat,

1822 1933 2093 1993 quatenus
2147 1925 2261 1979 haec
2290 1923 2540 1978 omnibus
2593 1923 2687 1978 Dei
2749 1923 3028 1987 Ecclesiis,
3082 1926 3426 1992 przesnlihus,

1822 2015 2217 2081 sacerdotibus,
2249 2015 2461 2071 clericis
2509 2025 2562 2070 et
2607 2016 2824 2084 populis
2862 2016 2928 2069 ad
2960 2015 3174 2070 laudem
3203 2015 3296 2070 Dei
3332 2033 3432 2084 pro

1824 2107 1990 2163 veSIri
2019 2123 2232 2177 quoque
2268 2107 2418 2176 regni
2448 2107 2748 2162 stabilitate
2788 2117 2949 2177 atque
2980 2108 3152 2163 salute
3185 2109 3428 2163 omnium

1826 2200 2172 2268 praedicetur,
2206 2210 2260 2254 ut
2295 2200 2436 2254 Deus
2467 2201 2811 2268 omnipotens
2841 2201 2908 2252 ab
2934 2200 3185 2254 omnibus
3219 2202 3428 2268 populis

1826 2293 2150 2347 unanimiter
2186 2291 2518 2363 gloriﬁcetur
2548 2307 2611 2347 ac
2635 2291 2989 2348 collaudetur.
3041 2291 3428 2346 Definitioneut

1825 2385 2048 2454 proinde
2088 2385 2257 2440 sancti
2311 2385 2548 2452 concilii,
2582 2397 2636 2440 et
2683 2385 3132 2440 acclamationem
3165 2399 3426 2439 reveren-

1827 2476 2157 2532 tissimorum
2196 2476 2606 2546 episcoporum,
2636 2492 2757 2547 quae
2805 2473 3259 2546 prosphoneticus
3288 2473 3428 2529 dici-

1826 2577 1931 2638 tur,
1965 2569 2033 2624 ad
2067 2569 2364 2640 piissimum
2395 2572 2802 2640 imperatorem,
2847 2577 2902 2624 et
2927 2568 3158 2623 edictum
3190 2567 3429 2622 clemen-

1826 2660 2015 2714 tissimi
2088 2661 2428 2730 imperatoris
2499 2676 2595 2730 pro
2658 2676 2801 2716 verte
2870 2661 2996 2716 ﬁdei
3083 2659 3429 2715 confessione

1825 2753 2193 2820 conscriptum
2243 2763 2296 2807 et
2329 2753 2524 2822 ubique
2578 2753 2888 2808 mandatum
2940 2754 3285 2822 perlatorem
3316 2753 3426 2822 78

1827 2843 2174 2912 praesentium
2219 2845 2436 2898 Petrum
2486 2845 2754 2900 notarium
2805 2846 3175 2916 rcgiouarium
3225 2857 3429 2899 sanetae

1829 2946 2029 2988 nostra:
2071 2935 2328 2990 Ecclesia:
2379 2938 2504 2992 illuc
2531 2939 2882 3007 prteviditnus
2935 2937 3230 3003 destinare,
3287 2946 3345 2993 ut
3376 2938 3432 2992 in

1827 3028 2014 3084 eadem
2066 3044 2236 3084 sacra:
2273 3030 2464 3101 synodi
2510 3031 2841 3095 deﬁnitione,
2878 3042 3134 3102 tanquam
3184 3047 3282 3102 pro
3312 3032 3429 3101 spi-

1830 3120 2110 3176 ritualibus
2162 3122 2285 3178 ﬁliis
2335 3131 2548 3190 patres,
2599 3137 2787 3178 omnes
2817 3125 2981 3177 vestri
3031 3122 3430 3192 religiosissimi

1831 3209 1983 3282 regni
2019 3213 2380 3268 Ecclesiarum
2433 3215 2701 3269 antistites
2747 3216 2900 3283 juxta
2924 3225 3168 3272 tenorem
3211 3230 3242 3270 a
3271 3217 3428 3272 nobis

1827 3305 1956 3360 illuc
1989 3307 2314 3361 destinatum
2363 3305 2790 3375 subscriptiones
2843 3322 2970 3362 suas
3018 3309 3158 3363 sicut
3188 3309 3238 3362 in
3285 3309 3427 3364 libro

1830 3398 1955 3450 vitae
2005 3412 2101 3464 per
2150 3411 2262 3450 suae
2304 3394 2661 3452 confessionis
2713 3397 3047 3466 signaculum
3079 3397 3428 3455 ascribendas

1831 3490 2202 3558 unusquisque
2271 3487 2563 3557 subjungat
2617 3496 2720 3542 :ut
2766 3503 2872 3558 pax
2929 3499 2983 3544 ct
3032 3491 3318 3546 concordia
3371 3494 3427 3549 in

1828 3581 2087 3635 Ecclesiis
2141 3579 2236 3634 Dei
2292 3580 2458 3634 vestri
2519 3578 2766 3634 sublimis
2839 3580 2995 3648 regni
3050 3583 3426 3650 temporibus,

1827 3671 1938 3726 Deo
1981 3672 2316 3727 concedente
2367 3682 2656 3741 vestraque
2711 3669 3116 3728 Cliristianilate
3167 3672 3424 3737 favente,

1825 3765 2274 3838 crebrescat[U.,
2300 3764 2530 3836 crescat]
2577 3773 2634 3820 et
2675 3775 2922 3832 maneat;
2959 3767 3124 3836 utqui
3184 3777 3425 3822 vestrum

1827 3863 2047 3917 culmen
2081 3876 2308 3930 regnare
2339 3858 2626 3929 disposuit,
2659 3873 2771 3914 sua:
2801 3857 2925 3915 ﬁdei
2975 3859 3268 3916 Stabilitate
3298 3860 3431 3915 sub-

1828 3955 2012 4008 nixum
2067 3951 2330 4008 concedat
2375 3965 2472 4020 per
2522 3950 2754 4017 plurima
2788 3959 3029 4020 tempora
3083 3965 3339 4020 prospere
3366 3965 3430 4009 ac

1827 4046 1931 4101 sibi
1974 4045 2170 4114 placito
2222 4044 2571 4100 commissum
2630 4041 2886 4114 p0puium
2953 4042 3288 4112 dispensare.
3342 4045 3430 4098 lti-

1828 4136 2097 4192 columem
2123 4135 2503 4192 excellentiam
2535 4142 2769 4192 vestram
2791 4133 2963 4206 gratia
2985 4149 3219 4206 superna
3241 4146 3430 4193 custo-

1827 4227 1960 4286 diat.
1987 4228 2162 4283 Amen
2196 4235 2242 4276 δ’.

1827 4341 1907 4400 De
1933 4341 1959 4382 δ
1988 4344 2067 4398 Itis
2107 4345 2195 4413 qui
2225 4352 2403 4397 contra
2452 4346 2693 4412 prmities
2720 4343 3052 4413 ecclesiarum
3083 4341 3180 4398 Dei
3226 4346 3441 4412 precari

2008 4412 2257 4470 canuntur
2306 4415 2497 4468 latrare
2527 4413 2639 4487 [G.,
2683 4412 2964 4486 oblatrure]
2996 4413 3246 4485 alloquio.

179 4531 218 4575 et
251 4540 336 4580 una
373 4543 487 4582 cum
519 4529 603 4585 eis
645 4529 916 4585 llonorius
960 4529 1254 4597 Romanus,
1281 4531 1370 4601 qui
1401 4531 1720 4587 immacula-
1747 4541 1804 4604 D
1902 4533 2112 4588 Placuit
2165 4532 2290 4587 huic
2335 4540 2537 4587 sancta:
2587 4530 2797 4602 synodo
2842 4531 3141 4587 secundum
3193 4532 3434 4602 priorum

181 4623 262 4669 tam
300 4621 597 4686 apostolicae
642 4621 946 4678 traditionis
1001 4623 1265 4693 rugularn,
1315 4639 1476 4695 quam
1525 4642 1557 4679 a
1587 4641 1725 4694 pra:-

180 4714 431 4770 cessorilius
461 4717 576 4771 suis
603 4718 829 4785 accepit,
860 4715 1116 4772 maculari
1148 4718 1253 4789 77
1294 4719 1571 4774 consensit
1597 4718 1719 4791 [U.,

179 4805 435 4876 concessit].
463 4807 569 4862 Sed
598 4817 650 4862 et
677 4807 942 4863 Macarius
958 4808 1327 4865 Antiocltenus
1349 4825 1470 4866 cum
1493 4812 1725 4879 Stepha-

182 4906 230 4944 no
249 4896 344 4962 ejus
368 4896 624 4965 discipulo
678 4902 788 4954 imo
817 4900 1085 4958 haeretica:
1118 4903 1400 4971 pravitatis
1439 4906 1722 4976 magistro,

180 4993 218 5036 et
252 4988 546 5061 f’olycronio
593 4994 824 5063 quodam
873 4994 1064 5049 insano
1110 5009 1240 5049 sene
1301 5012 1440 5052 novo
1473 4998 1718 5068 Simone,

181 5081 243 5146 oni
269 5099 350 5150 per
372 5085 632 5142 luereticre
659 5086 1056 5156 praedicationis
1088 5087 1335 5144 ﬁduciam
1366 5090 1726 5158 pollicebatur

182 5171 362 5244 implere
406 5196 577 5251 neque
625 5195 814 5235 rursus
855 5179 923 5236 ad
976 5182 1116 5237 viam
1165 5197 1310 5237 verae
1362 5182 1722 5242 confessionis

181 5268 327 5322 nitent
371 5272 621 5327 confusus
667 5272 950 5338 converti,
1003 5281 1209 5328 :eterna
1264 5276 1719 5334 comiemnatienc

182 5357 416 5416 mulctatus
457 5375 561 5421 est.
612 5364 680 5419 Et
720 5379 908 5421 omnes
939 5364 973 5418 ii
1000 5378 1121 5420 cum
1153 5365 1308 5432 Ario,
1358 5366 1717 5437 Apollinario,

183 5446 396 5523 Nestorio,
425 5458 740 5526 Eutychete,
782 5457 1006 5528 Severo,
1041 5459 1374 5532 Theodosio,
1415 5463 1721 5523 Themistio

235 5613 365 5692 'j’ox
385 5619 540 5674 Amen
561 5622 841 5692 desumpta
864 5630 945 5678 est
972 5636 1037 5679 ex
1063 5620 1130 5678 Β.
1154 5630 1209 5678 et
1238 5621 1331 5692 G.,
1352 5637 1473 5681 cum
1494 5623 1632 5682 desit
1662 5625 1713 5682 in

183 5678 307 5764 B-‘R:
337 5698 387 5764 et
422 5692 656 5764 reliquis.

237 5753 258 5792 δ
292 5758 432 5817 istius
455 5753 554 5819 hoc
590 5767 710 5821 loco
739 5766 960 5822 canonis
988 5768 1273 5823 lectionem
1314 5755 1578 5822 exhibent
1628 5784 1717 5823 so-

187 5822 267 5884 lum
287 5830 492 5894 Codices
519 5835 580 5894 υ.
611 5846 668 5894 et
715 5833 805 5905 G.,
832 5853 863 5895 e
885 5822 1110 5908 quorum
1155 5839 1327 5910 primo
1359 5849 1565 5898 textum
1594 5822 1717 5899 cum

1831 4627 2166 4683 sanctionem
2197 4640 2488 4693 canonum,
2517 4634 2576 4680 ut
2600 4626 2690 4697 qui
2722 4631 3126 4695 contemptores
3175 4625 3434 4683 Ecclesia:

1829 4720 2027 4778 Christi
2059 4721 2144 4776 vel
2168 4721 2336 4775 sacris
2370 4717 2488 4790 ejus
2515 4719 2847 4775 antistitibus
2879 4718 3198 4788 persistunt,
3228 4735 3258 4775 a
3286 4732 3434 4777 coetu

1831 4812 2071 4868 ﬁdelium
2128 4811 2362 4868 triennio
2389 4812 3015 4876 excommunicarentur,
3070 4811 3243 4867 donec
3272 4811 3435 4869 forsi-

1831 4919 1920 4964 tan
1971 4908 2339 4979 resipiscendo
2375 4909 2475 4964 sub
2519 4906 2887 4964 satisfactione
2938 4906 3289 4977 paenitudinis
3332 4906 3432 4962 ad-

1829 5000 1968 5055 mitti
2021 5001 2235 5054 demum
2281 4999 2346 5053 ad
2396 4998 2833 5054 communionem
2893 4997 3123 5066 possint.
3180 4997 3341 5053 Certe
3385 4999 3434 5054 si

1827 5109 2016 5156 eorum
2041 5095 2218 5150 adhuc
2243 5092 2471 5148 nefanda
2527 5092 2826 5161 procacitas
2867 5088 3272 5159 perseverando
3299 5102 3431 5144 ausa

1827 5187 1987 5244 fuerit
2035 5200 2208 5259 erepta
2262 5185 2631 5243 indesinenter
2678 5186 2987 5240 obtrectare
3018 5191 3066 5252 ο,
3103 5183 3299 5253 placuit
3328 5197 3429 5238 nec

1827 5284 1882 5340 in
1913 5283 2074 5340 ﬁnem
2118 5284 2197 5338 eis
2221 5282 2401 5339 saltim
2429 5281 2681 5338 viaticum
2714 5279 2844 5334 dare
2875 5287 2935 5334 ut
2964 5277 3050 5334 vel
3090 5277 3366 5347 suppliciis
3397 5273 3426 5314 ιι

1827 5377 2062 5435 sentiant
2092 5376 2234 5446 quod
2285 5375 2373 5431 hic
2406 5389 2570 5430 sensu
2626 5380 2901 5442 torpentes
2927 5371 3307 5442 neglexerunt,
3336 5367 3425 5421 di-

1825 5480 1981 5529 cente
2007 5481 2198 5527 sancto
2247 5468 2450 5541 Spiritu
2490 5482 2589 5541 per
2634 5466 2955 5539 prophetam
2991 5482 3006 5522 :
3039 5461 3421 5520 Tantummodo

1825 5634 2156 5694 variantibus
2177 5629 2401 5686 alterius
2431 5625 2748 5683 lectionibus
2793 5620 3245 5691 deprompsimus.

1897 5718 1920 5746 ε
1964 5706 2052 5769 6.,
2092 5705 2245 5775 fuerit
2271 5702 2471 5755 demum
2497 5698 2622 5775 (alia
2648 5697 2952 5775 obtrectare.

1893 5778 1917 5817 ἀ
1960 5761 2053 5846 6.,
2081 5761 2204 5834 dare
2231 5775 2276 5831 si
2319 5770 2576 5845 quatnodo
2603 5784 2736 5823 nunc
2763 5767 2840 5823 re!
2867 5761 3163 5835 suppliciis.
