3882 6354
431 340 529 401 151

1147 341 1519 401 COLLECTIO
1556 340 1877 400 CANUNU.“
1918 343 1971 395 S.
2020 337 2287 396 lSli)Ull0
2332 339 2593 400 IIISPAL.
2636 339 2995 402 ASCRIPTA.

3585 344 3694 404 151

429 457 542 512 sola
568 457 763 512 vexatio
790 456 1098 513 intellectum
1126 458 1266 511 dabit
1292 458 1525 523 audilui;
1557 466 1610 511 et
1637 458 1851 527 egregio
1876 471 2005 525 quo-
2038 455 2082 515 Α
2113 453 2250 522 quod
2298 453 2425 522 agit,
2468 457 2571 509 nisi
2619 468 2741 512 cum
2787 470 2883 526 pro
2920 453 3120 511 eisdem
3151 453 3305 511 malis
3352 455 3528 526 puniri
3574 455 3690 531 jam

429 552 551 605 dum
579 560 861 606 attestante
880 552 1120 614 doctore,
1152 550 1240 619 qui
1270 550 1426 618 hujus
1449 550 1740 617 prmiltetirc
1766 563 1999 603 consona

424 653 561 697 voce
587 641 875 711 alloquitur
901 640 1085 695 dicens
1109 656 1121 694 :
1155 639 1335 694 Nescit
1360 640 1533 694 omnis
1565 640 1773 709 iniquus
1804 640 1998 692 malum

438 791 3311 817 Μ*

2116 544 2357 614 (ceperit.

2042 883 2120 959 Χ

1323 1050 1989 1139 CONCILIUM
2062 1050 2793 1135 EPHESINUM-

427 1227 859 1273 DUCENTORUM
898 1226 1329 1271 EPISCOPORUM
1368 1225 1685 1281 EABI'I'UM,
1714 1224 2035 1268 ADVERSUS
2070 1225 2433 1269 NESTOBIUM
2472 1224 3274 1270 CONSTANTINOPOLITANUM
3314 1224 3705 1277 EPISCOPUII.

509 1310 614 1363 QUI
661 1309 880 1350 PUEUM
927 1300 951 1327 ⁸
1000 1307 1295 1349 ΠΟΜῙΝΕΜ
1340 1307 1421 1347 EX
1468 1305 1705 1347 SANC'I‘A
1753 1305 2014 1347 VIRGINE
2058 1306 2259 1348 MARIA
2306 1307 2525 1350 NA'I'UM
2572 1306 2878 1349 ASSEBUIT
2909 1331 2927 1357 ο
2972 1306 3057 1346 UT
3102 1306 3297 1348 ΑιῐΔιί
3360 1306 3705 1348 PEESONAM

510 1388 758 1440 CARNIS,
807 1388 999 1430 ALIAM
1044 1386 1338 1428 FACERET
1381 1383 1693 1437 DEITATIS,
1748 1384 1869 1426 NEC
1917 1384 2093 1427 UNUI
2140 1385 2462 1429 CHRISTUM
2510 1387 2573 1428 IN
2624 1386 2828 1428 VEBBO
2863 1385 2966 1427 DEI
3004 1385 3081 1426 ET
3114 1384 3321 1427 CABNI
3357 1386 3706 1445 SENTIRET,

507 1470 625 1511 εει)
671 1467 1025 1510 SEPARATIM
1074 1464 1279 1517 ATQUE
1330 1464 1678 1507 BEJUNCTIM
1727 1463 2023 1506 Αιτιςιιωί
2065 1464 2288 1507 FILIUM
2336 1466 2469 1525 DEI,
2517 1466 2815 1509 ALTEEUM
2861 1464 3124 1508 BONINIS
3171 1465 3617 1507 PBEDICARET.

500 1596 746 1669 79-80
782 1595 1040 1651 Convenit
1091 1603 1268 1648 autem
1300 1592 1415 1647 haec
1442 1592 1678 1662 synodus
1709 1588 2013 1645 Theodosio

430 1688 652 1744 Juniore
685 1686 841 1741 tertio
885 1684 1095 1738 decimo
1142 1682 1263 1755 [U.,
1312 1683 1521 1737 decimo
1550 1677 1764 1751 quarto]
1816 1689 1873 1736 et
1902 1679 2011 1734 Va-

2122 1589 2285 1644 nitam
2344 1590 2660 1646 sanctissimi
2718 1597 2773 1643 et
2817 1587 3247 1645 venerantissinii
3300 1590 3711 1644 consacerdotis

2116 1684 2221 1753 81
2267 1684 2434 1737 nostri
2483 1682 2737 1738 Romana:
2791 1684 3035 1753 praesulis
3092 1682 3347 1737 Ecclesia:
3398 1681 3708 1748 Ctelestiui,

431 1777 723 1834 lentiniano
756 1772 913 1829 tertio
962 1771 1269 1828 consulibus
1298 1785 1403 1825 aera
1432 1784 1695 1826 cccctxtx
1722 1767 1749 1806 δ
1772 1769 1856 1822 cui
1877 1783 2008 1840 syn-
2038 1796 2090 1859 Β
2118 1773 2253 1827 scias
2285 1783 2337 1827 te
2381 1773 2583 1828 nullam
2632 1785 2828 1828 sortem
2863 1772 2951 1845 [Τ.
2982 1772 3035 1837 l,
3094 1771 3323 1844 partem]
3379 1772 3580 1827 habere
3610 1787 3713 1826 no-

429 1873 535 1929 odo
574 1869 827 1941 praesedit
856 1867 1195 1923 beatissimus
1230 1863 1495 1950 quondam
1535 1862 1767 1928 Cyrillus
1788 1862 2012 1917 Alexan-

430 1963 567 2019 drite
593 1963 892 2031 episcopus,
927 1960 1017 2029 qui
1045 1973 1165 2014 cum
1224 1958 1368 2013 omni
1416 1957 1646 2013 concilio
1671 1955 1737 2010 ad
1765 1955 2011 2012 eumdem

437 2056 741 2111 Nestorium
780 2052 895 2107 haec
923 2048 1197 2120 synodalia
1226 2048 1441 2104 decreta
1476 2046 1791 2103 transmisit.

430 2187 696 2259 Religioso
716 2197 763 2243 et
785 2186 893 2242 Deo
914 2188 1117 2241 amabili
1139 2187 1485 2259 consuetudini
1506 2186 1747 2259 Nestorio
1764 2184 2011 2259 Cyrillus,

498 2255 577 2313 uel
606 2276 719 2329 qua:
744 2261 974 2313 convenit
1001 2262 1136 2325 apud
1168 2257 1281 2327 |U.,
1303 2256 1389 2328 ad]
1417 2255 1678 2323 Ephesum
1702 2258 1948 2327 synodus.

504 2371 638 2428 Cum
661 2372 905 2429 Salvator
934 2378 1117 2426 noster
1144 2379 1327 2439 aperte
1349 2369 1685 2437 pronuntiet:
1715 2368 1814 2433 Qui
1843 2367 2015 2437 diligit

428 2476 627 2537 patrem
655 2476 743 2517 aut
770 2474 983 2517 matrem
1018 2478 1174 2529 super
1219 2478 1297 2515 me
1324 2476 1425 2514 non
1475 2469 1547 2514 est
1590 2475 1668 2513 me
1713 2458 1919 2526 dignus,
1963 2468 2014 2513 et

428 2560 519 2629 qui
544 2558 714 2628 diligit
744 2560 911 2626 ﬁlium
949 2564 1038 2609 aut
1066 2557 1224 2624 ﬁliam
1265 2570 1415 2624 super
1441 2568 1521 2605 me
1560 2567 1661 2605 non
1714 2560 1788 2605 est
1815 2567 1893 2605 me
1920 2551 2014 2606 di-

429 2668 595 2724 gnus;
637 2651 762 2721 quid
828 2664 925 2704 nos
955 2649 1219 2717 patiemur
1256 2646 1344 2715 qui
1371 2644 1715 2713 depascimur
1742 2656 1772 2696 a
1804 2651 1891 2697 tua
1921 2656 2011 2697 re-

432 2747 630 2817 ligione
678 2756 736 2799 ut
788 2755 839 2799 te
883 2758 1042 2813 super
1078 2740 1351 2795 Christum
1403 2739 1723 2793 salvatorem
1768 2738 2011 2791 omnium

428 2835 914 2909 diligamus?’Quid
952 2835 1095 2888 enim
1128 2833 1278 2887 nobis
1305 2832 1357 2885 in
1400 2829 1488 2885 die
1531 2828 1713 2899 jndicii
1754 2826 2010 2896 proderit,

426 2937 522 2983 aut
558 2942 714 2996 quam
744 2925 1163 2981 satisfactionem
1189 2921 1425 2992 reperire
1472 2922 1767 2991 poterimus
1798 2926 2012 2989 propter

423 3030 535 3077 tam
586 3022 894 3075 diuturnum
939 3017 1211 3073 silentium
1266 3015 1335 3069 de
1390 3013 1610 3083 prolatis
1641 3027 1671 3066 a
1725 3021 1777 3065 te
1824 3020 2011 3068 contra

428 3126 552 3167 eum
604 3106 990 3179 blasphemiis?
1042 3107 1107 3161 Et
1152 3104 1414 3175 siquidem
1444 3113 1498 3159 te
1527 3100 1897 3156 tantummodo
1920 3101 2013 3155 la-

429 3202 590 3258 deres
639 3202 839 3255 docens
887 3200 987 3253 ista
1038 3196 1127 3249 vel
1180 3195 1451 3261 sentiens,
1508 3191 1810 3248 sollicitudo
1856 3190 2012 3245 nobis

430 3294 608 3348 minor
651 3292 907 3346 existeret
954 3301 1123 3342 :cum
1179 3300 1306 3340 vero
1352 3292 1515 3339 totam
1566 3281 2012 3338 scandalisaveris

425 3384 751 3449 Ecclesiam,
782 3392 838 3439 et
874 3380 1191 3435 fermentum
1221 3376 1449 3433 insolitae
1479 3374 1754 3444 pravitatis
1784 3384 1838 3427 et
1862 3388 2013 3429 novas

428 3476 655 3531 haeresis
704 3472 981 3528 miscueris
1032 3471 1087 3524 in
1140 3468 1350 3537 ponulis
1404 3480 1504 3521 nec
1553 3475 1759 3518 tantum
1814 3462 2013 3517 ibidem

431 3567 645 3637 positis,
678 3564 770 3618 sed
819 3561 1015 3627 ubique
1063 3555 1499 3622 consistentibus,
1532 3570 1652 3609 nam
1682 3563 1891 3608 tuarum
1922 3566 2015 3607 ex-

430 3658 761 3727 positionum
820 3652 941 3705 libri
970 3665 1062 3719 per
1116 3656 1307 3702 cuncta
1347 3646 1547 3715 vulgati
1576 3652 1733 3707 sunt;
1765 3656 1885 3710 qua:
1916 3656 2014 3709 pro

424 3758 615 3805 nostro
672 3744 887 3799 silentio
935 3741 1073 3796 ratio
1102 3740 1240 3793 ultra
1284 3738 1367 3793 vel
1420 3732 1785 3791 excusationis
1829 3746 2013 3786 sermo

425 3840 655 3897 sufficiat
703 3843 795 3891 aut
838 3831 1105 3904 quomodo
1150 3844 1253 3883 non
1308 3840 1535 3882 necesse
1585 3825 1657 3879 sit
1704 3822 2013 3879 meminisse

426 3930 627 3988 Christi
675 3924 888 3981 Domini
931 3923 1007 3977 sic
1059 3918 1287 3975 dicentis
1333 3916 1505 3975 :Non
1534 3914 1717 3985 putetis
1744 3914 1882 3983 quod
1926 3928 2012 3965 ve-

424 4024 585 4078 nerim
606 4035 781 4087 pacem
806 4017 1003 4069 mittere
1029 4013 1083 4067 in
1112 4021 1322 4076 terram,
1350 4009 1440 4064 sed
1471 4008 1720 4080 gladium,
1742 4004 1854 4058 veni
1880 4003 2014 4057 enim

422 4126 663 4183 separare
712 4107 969 4162 hominem
1014 4104 1259 4157 adversus
1303 4110 1498 4169 patrem
1528 4113 1679 4152 suum
1711 4136 1726 4161 ,
1754 4104 1801 4149 et
1851 4094 2013 4163 ﬁliam

424 4207 671 4259 adversus
698 4209 915 4253 matrem
942 4196 1126 4250 suam?
1165 4192 1296 4249 Nam
1342 4206 1463 4247 cum
1495 4189 1705 4245 laeditur
1733 4187 1886 4253 fides,
1917 4200 2011 4257 pa-

424 4308 637 4356 rentum
669 4293 973 4351 reverentia
1004 4290 1148 4343 velut
1180 4285 1383 4342 inutilis
1412 4293 1467 4339 et
1495 4282 1794 4353 periculosa
1817 4280 2011 4348 despi-

424 4390 596 4452 citur.
640 4396 695 4441 et
753 4398 905 4439 amor
943 4394 1069 4449 erga
1120 4377 1259 4432 filios
1305 4376 1604 4443 fratresque
1654 4372 1873 4426 vitatur.
1925 4370 2009 4425 Ad

426 4488 759 4550 postremum
788 4476 949 4527 etiam
976 4483 1137 4537 super
1180 4468 1351 4534 ipsam
1392 4468 1556 4520 vitam
1586 4478 1732 4519 mors
1764 4462 1942 4531 potius
1978 4476 2007 4515 a

433 4569 541 4640 piis
564 4567 691 4622 viris
717 4564 951 4635 eligitur,
976 4571 1036 4615 ut
1058 4559 1332 4615 meliorem
1364 4558 1839 4620 resurrectionem,
1868 4556 2007 4608 sicut

424 4664 686 4731 scriptum
731 4668 841 4723 est,
872 4662 1288 4724 consequantur.
1345 4653 1480 4708 Ecce
1520 4651 1697 4719 itaque
1745 4658 1796 4703 te
1844 4648 2007 4703 simul

425 4768 547 4810 cum
594 4759 776 4805 sancta
804 4747 1010 4817 synodo
1048 4758 1165 4813 qum
1209 4743 1348 4811 apud
1397 4742 1626 4813 amplam
1654 4740 1847 4797 urbem
1900 4739 2009 4795 Ro.

426 4858 571 4900 mam
623 4846 945 4910 congregata
1004 4846 1109 4901 est,
1178 4834 1499 4904 praesidente
1554 4834 1897 4888 sanctissimo
1952 4841 2009 4888 et

425 4934 876 4990 venerantissimo
926 4928 1092 4985 fratre
1134 4936 1189 4983 et
1239 4927 1621 4983 consacerdote
1670 4936 1855 4983 nostro
1880 4924 2006 4982 Coe-

426 5024 628 5083 lestino
666 5024 939 5093 episcopo.
987 5020 1068 5075 his
1098 5020 1314 5089 scriptis
1342 5018 1611 5086 synodicis
1644 5025 1698 5073 te
1718 5018 1827 5084 jam
1852 5017 2009 5072 tertio

427 5120 801 5177 convenimus.
830 5114 1110 5170 consilium
1142 5114 1329 5167 dantes
1354 5120 1412 5166 ut
1437 5125 1466 5164 a
1499 5121 1603 5165 tam
1631 5112 1810 5181 pravis
1838 5110 2009 5164 absti-

426 5224 559 5267 neas
586 5208 935 5276 distortisque
981 5204 1343 5273 dogmatibus,
1395 5217 1513 5271 quas
1570 5210 1626 5257 et
1672 5201 1878 5256 sentire
1906 5216 2009 5257 co-

428 5300 704 5375 gnosceris
761 5310 816 5355 et
862 5298 1086 5361 docere;
1145 5296 1376 5365 recipias
1414 5308 1540 5349 vero
1588 5293 1747 5348 fidem
1804 5300 2007 5349 rectam

431 5392 686 5451 Ecclesiis
728 5406 824 5457 per
853 5389 1194 5444 beatissimos
1242 5388 1519 5457 apostolos
1562 5394 1617 5440 et
1658 5387 2009 5455 evangelistas

430 5491 500 5542 ab
530 5484 680 5541 initio
731 5482 997 5547 traditam,
1032 5480 1121 5549 qui
1151 5488 1206 5534 et
1252 5478 1425 5535 oculis
1453 5479 1808 5548 inspexerunt
1832 5489 1884 5534 et
1908 5482 2013 5534 mi-

430 5578 589 5634 nistri
616 5573 764 5628 verbi
790 5571 951 5626 fuisse
980 5579 1363 5627 monstrantur.
1417 5570 1569 5637 Quod
1601 5570 1649 5626 si
1693 5573 1793 5626 hoc
1824 5570 2010 5639 religio

436 5681 523 5726 tua
564 5670 737 5723 facere
767 5664 1036 5720 distulerit
1072 5665 1221 5735 juxta
1254 5664 1558 5718 dilationem
1611 5663 1805 5718 litteris
1835 5663 2010 5733 prtefi-

505 5813 533 5844 ι
575 5803 655 5860 Ex
687 5802 937 5860 omnibus
975 5800 1279 5861 CodiCIbus.
1310 5799 1369 5857 In
1391 5800 1486 5869 Α..
1517 5799 1758 5870 primum.

2117 1864 2341 1931 biscum,
2370 1880 2468 1920 nec
2496 1865 2669 1920 locum
2700 1874 2790 1919 aut
2814 1864 3138 1932 colloquium
3168 1877 3291 1918 cum
3324 1864 3420 1918 Dei
3448 1863 3713 1919 sacerdo-

2114 1956 2252 2011 tibus
2298 1964 2351 2011 et
2381 1958 2647 2026 episcopis
2676 1957 2941 2012 obtinere.
2995 1955 3111 2009 Non
3143 1956 3285 2011 enim
3327 1953 3406 2009 fas
3461 1966 3545 2009 est
3574 1970 3712 2011 con-

2114 2059 2355 2103 temnere
2398 2062 2494 2102 nos
2542 2048 2810 2103 Ecclesiae
2841 2048 2910 2100 ita
2952 2046 3194 2100 turbatas
3224 2056 3279 2101 et
3307 2044 3712 2101 scandalizatus

2113 2140 2338 2208 populos
2370 2138 2639 2205 fidemque
2671 2137 3027 2191 rectissimam
3056 2136 3335 2200 violatam,
3382 2134 3711 2203 dissipatum

2112 2232 2238 2301 quin
2262 2229 2423 2286 etiam
2455 2245 2667 2301 gregem
2695 2245 2855 2301 quem
2884 2228 3161 2284 custodire
3191 2228 3482 2290 debueras,
3532 2228 3713 2299 siqui-

2113 2322 2236 2378 dem
2288 2322 2438 2390 juxta
2490 2336 2587 2376 nos
2636 2329 2848 2375 amator
2899 2320 3035 2375 recti
3074 2318 3344 2389 dogmatis
3395 2319 3713 2375 cxstitisses

2112 2422 2421 2468 sanctorum
2455 2412 2675 2467 Patrum
2716 2411 2942 2482 vestigia
2987 2411 3071 2478 pia
3103 2418 3446 2465 consectans.
3499 2411 3712 2465 Omnes

2114 2504 2291 2573 itaque
2336 2516 2471 2572 quos
2532 2513 2747 2572 pr0pter
2798 2502 2955 2555 fidem
3002 2511 3088 2555 tua
3148 2500 3333 2567 religio
3379 2516 3407 2553 a
3461 2515 3714 2555 conamu-

2114 2594 2273 2647 nione
2303 2594 2532 2647 removit
2580 2602 2672 2645 aut
2701 2592 2768 2646 ab
2819 2592 3009 2647 ordine
3062 2606 3162 2645 suo
3210 2592 3477 2661 deposuit,
3538 2592 3715 2646 laicos

2115 2695 2204 2742 aut
2248 2686 2494 2751 clericos,
2538 2685 2591 2739 in
2638 2695 2876 2740 nostram
2929 2685 3366 2739 communionem
3414 2682 3714 2752 recipimus

2114 2776 2224 2850 [T.,
2255 2779 2305 2843 i,
2338 2776 2393 2839 2,
2424 2775 2516 2841 6.,
2545 2775 2853 2846 recipimus]
2891 2794 2904 2829 :
2938 2792 3042 2829 non
3072 2776 3217 2829 enim
3262 2775 3466 2843 justum
3496 2785 3583 2829 est
3608 2790 3715 2830 eos

2114 2870 2218 2924 tuis
2244 2869 2476 2925 decretis
2497 2869 2727 2938 opprimi
2750 2869 2841 2937 qui
2880 2874 3142 2922 noverunt
3174 2875 3316 2919 recta
3346 2866 3577 2931 sentire,
3608 2866 3713 2934 qui

2114 2960 2275 3015 etiam
2307 2961 2443 3015 bene
2484 2960 2744 3014 facientes
2766 2959 2861 3012 tibi
2904 2958 3321 3027 prudentissime
3350 2958 3713 3024 restiterunt;

2117 3052 2220 3107 hoc
2251 3052 2390 3107 idem
2423 3064 2654 3121 namque
2685 3050 2736 3104 in
2775 3050 3001 3119 epistola
3032 3062 3195 3117 quam
3224 3047 3418 3101 misisti
3461 3047 3529 3101 ad
3564 3062 3717 3116 prc-

2038 3146 2289 3216 csulem
2362 3144 2553 3212 amplae
2634 3143 2816 3198 Romae
2891 3149 3135 3196 sanctum
3200 3147 3257 3193 et
3327 3139 3717 3207 wepiscopurn

2115 3246 2361 3293 nostrum
2387 3236 2738 3292 Caelestinum
2770 3224 3076 3305 significare
3124 3233 3344 3287 curasti.
3377 3232 3493 3287 Non
3524 3242 3717 3290 autem

2113 3330 2312 3385 sufficit
2363 3340 2469 3383 tute
2518 3328 2763 3397 religioni
2812 3325 3149 3381 solummodo
3213 3325 3335 3380 fidei
3400 3326 3718 3396 symbolum

2113 3420 2359 3476 confiteri
2388 3420 2529 3490 quod
2554 3420 2857 3487 expositum
2884 3425 2967 3471 est
3002 3431 3096 3485 per
3121 3416 3262 3469 idem
3296 3425 3504 3483 tempus
3532 3417 3720 3473 sancti

2115 3512 2347 3580 Spiritus
2372 3513 2614 3579 largitate
2636 3526 2664 3563 a
2688 3508 2993 3563 venerando
3016 3516 3069 3562 et
3087 3520 3278 3574 magno
3304 3506 3541 3560 concilio
3563 3506 3720 3575 apud

2115 3601 2346 3657 Niczeatn
2395 3612 2750 3671 congregato;
2783 3599 2884 3653 hoc
2911 3599 3053 3653 enim
3105 3610 3204 3651 nec
3251 3597 3571 3651 intellexisti
3605 3612 3719 3654 nec

2116 3705 2260 3749 recte
2311 3695 2691 3762 interpretatus
2721 3706 2801 3755 es,
2826 3690 3071 3757 quinimo
3102 3701 3381 3757 perverse,
3413 3687 3540 3740 licet
3572 3702 3719 3743 sono

2113 3788 2262 3843 vocis
2312 3788 2501 3841 eadem
2549 3786 2709 3839 verba
2746 3783 3035 3854 protuleris
3084 3800 3097 3834 :
3127 3782 3226 3835 sed
3256 3793 3594 3847 consequens
3621 3790 3721 3840 est

2113 3890 2167 3937 et
2188 3880 2535 3951 jurejurando
2568 3879 2724 3933 fateri
2749 3887 2821 3943 te,
2849 3878 2993 3947 quod
3035 3872 3456 3929 anathematizes
3484 3873 3719 3943 quidem

2115 3980 2204 4025 tua
2231 3971 2431 4039 polluta
2464 3979 2518 4023 et
2550 3968 2769 4038 profana
2795 3967 3065 4037 dogmata,
3088 3966 3288 4020 sentias
3317 3973 3495 4020 autem
3518 3973 3577 4019 et
3601 3964 3722 4020 do-

2114 4076 2238 4117 ceas
2265 4077 2385 4131 quae
2418 4075 2515 4115 nos
2555 4059 2786 4114 universi
2830 4072 2924 4125 per
2963 4056 3235 4112 Orientem
3275 4070 3371 4111 seu
3420 4071 3518 4125 per
3547 4057 3721 4113 Occi-

2114 4152 2327 4206 dentem
2354 4150 2594 4221 epiSCOpi
2624 4159 2676 4204 et
2703 4149 2942 4219 magistri
2976 4147 3341 4217 prasulesque
3383 4147 3717 4216 populorum

2113 4245 2384 4300 credimus
2430 4252 2485 4299 et
2518 4244 2797 4297 docemus.
2848 4241 3097 4309 Epistolis
3144 4250 3321 4295 autem
3372 4240 3441 4293 ab
3471 4240 3719 4298 Alexan-

2112 4339 2263 4396 drina
2293 4349 2394 4392 tua:
2421 4336 2661 4406 religioni
2687 4333 2909 4388 directis
2940 4331 3177 4388 Ecclesia
3206 4345 3531 4386 consensum
3563 4346 3715 4401 pra:-

2115 4432 2226 4485 buit
2272 4438 2379 4485 tam
2440 4441 2503 4483 ea
2557 4442 2675 4496 quas
2730 4425 2867 4495 apud
2927 4424 3110 4478 urbem
3164 4422 3390 4477 Romam
3444 4427 3716 4480 cenvenit

2035 4501 2092 4563 Ῑ)
2116 4532 2298 4578 sancta
2329 4521 2595 4591 synodus,
2626 4533 2782 4588 quam
2815 4518 2974 4572 etiam
3005 4530 3101 4571 nos
3141 4530 3329 4569 omnes
3357 4516 3499 4569 velut
3554 4526 3718 4573 recte

2113 4612 2765 4680 irrepreltensibiliterque
2818 4604 3158 4677 conscriptis.
3224 4604 3581 4660 Subdidimus
3614 4622 3722 4660 an-

2112 4715 2217 4760 tem
2243 4704 2324 4758 ltis
2347 4704 2543 4758 nostris
2568 4702 2911 4767 litteris,qu:e
2935 4708 2987 4753 te
3009 4698 3212 4751 sentire
3243 4706 3490 4766 oporteat
3518 4707 3576 4752 et
3608 4700 3715 4753 do-

2111 4811 2259 4863 cere,
2286 4804 2340 4851 et
2365 4810 2395 4849 a
2424 4796 2616 4865 quibus
2644 4792 2915 4846 abstinere
2943 4789 3260 4853 conveniat;
3297 4790 3412 4841 haec
3440 4801 3521 4843 est
3556 4792 3717 4845 enim

2111 4889 2243 4943 fides
2272 4887 2548 4942 catholica:
2583 4884 2833 4940 Ecclesia:
2873 4881 2959 4938 cui
3008 4882 3187 4937 cuncti
3216 4883 3563 4937 consentiunt
3617 4899 3719 4939 or-

2111 4979 2328 5036 thodoxi
2361 4992 2456 5045 per
2494 4976 2764 5031 Orientem
2797 4974 3250 5041 Occidentemque
3280 4971 3588 5040 pontifices.

2182 5092 2464 5149 Credimus
2489 5092 2541 5145 in
2564 5104 2728 5145 unum
2757 5089 2927 5143 Deum
2980 5086 3193 5141 Patrem
3241 5084 3712 5153 omnipotentem,

2112 5186 2350 5243 omnium
2381 5180 2676 5237 visibilium
2700 5189 2755 5234 et
2784 5176 3125 5235 invisibilium
3149 5175 3489 5231 conditorem
3526 5194 3538 5229 :
3570 5187 3631 5232 et
3656 5179 3717 5234 in

2111 5295 2273 5335 unum
2306 5276 2588 5333 Dominum
2621 5273 2805 5329 Jesum
2829 5272 3101 5327 Christum
3135 5270 3327 5325 Filium
3362 5271 3453 5325 Dei
3512 5280 3716 5327 natum

2111 5375 2178 5429 de
2199 5373 2356 5429 Patre
2377 5370 2704 5438 unigenitum
2722 5408 2738 5433 ,
2764 5366 2864 5421 hoc
2889 5374 2971 5419 est
2996 5378 3060 5418 es
3086 5361 3175 5434 [Β.
3200 5363 3291 5426 Π..
3324 5361 3387 5415 Ε.
3416 5362 3472 5430 5,
3498 5360 3595 5426 0.,
3614 5364 3718 5436 de]

2111 5464 2408 5523 substantia
2442 5462 2637 5527 Patris,
2671 5462 2832 5517 Deum
2864 5474 2930 5514 ex
2965 5458 3105 5523 Deo,
3138 5456 3315 5510 lumen
3359 5470 3425 5510 ex
3470 5457 3713 5525 lumine,

2114 5561 2276 5615 Deum
2301 5572 2484 5613 verum
2507 5572 2571 5611 es
2603 5555 2710 5608 Deo
2749 5566 2895 5616 vero,
2929 5559 3132 5613 natum,
3170 5564 3275 5602 non
3328 5548 3528 5603 factum
3557 5591 3571 5613 ,
3607 5554 3720 5606 lio-

2111 5650 2354 5707 mousion
2394 5647 2541 5702 Patri
2568 5648 2668 5700 hoc
2698 5652 2778 5699 est
2805 5642 2957 5697 unius
2984 5654 3106 5695 cum
3151 5640 3309 5693 Patre
3358 5640 3719 5709 substantiae,

2182 5787 2211 5829 δ
2231 5787 2309 5845 Ex
2330 5784 2442 5853 ΑΒ..
2474 5785 2538 5843 Τ.
2560 5786 2616 5852 2,
2642 5782 2705 5841 υ.
2728 5782 2785 5839 ln
2811 5781 2941 5837 A.et
2957 5778 3180 5849 reliquis
3205 5793 3345 5835 τινα
3368 5792 3713 5839 accounts.
