3882 6338
164 358 245 415 153
1088 347 1496 411 ειιιεοιιυιι
1534 346 1720 407 ϐΟΝΟ

1828 347 1878 405 ι.
1918 376 1991 391 -
2030 346 2457 408 EPBBSINUM.

3318 348 3423 409 ιιιι

161 498 233 552 per
256 493 396 551 quem
424 477 602 535 omnia
631 476 772 533 tacta
803 486 931 534 sunt
961 478 1014 533 iu
1040 474 1178 531 caelo
1206 482 1263 529 et
1292 474 1346 529 in
1373 482 1518 530 terra
1544 479 1592 536 ³,
1621 469 1711 541 qui
1743 469 1788 527 Α
1819 468 1961 523 enim
1998 467 2230 523 Verbum
2256 466 2576 525 habitaverit
2605 467 2657 523 in
2704 465 2879 533 nobis,
2905 477 2961 523 et
3001 466 3204 524 dictum
3251 468 3323 524 sit
3367 470 3417 526 in

160 587 339 647 propter
374 589 469 630 nos
522 573 779 629 homines
819 581 879 629 et
927 580 1145 641 propter
1192 578 1432 623 nostram
1484 565 1714 620 salutem

159 668 465 723 tleseenditet
488 665 803 719 incarnatus
832 674 939 727 est.
980 672 1035 718 et
1084 662 1247 715 homo
1299 661 1470 713 iactus
1523 670 1715 727 passus

159 774 236 827 est,
261 772 309 817 et
330 775 608 831 resurgens
638 760 731 831 [Β.
764 759 856 824 R.,
892 757 979 823 Τ..
1010 757 1067 822 2,
1100 753 1416 822 resurrexit]
1448 751 1603 805 tertia
1631 748 1717 803 die

162 853 362 907 ascendit
389 853 439 906 in
467 853 665 915 celos;
699 850 828 905 inde
872 860 1132 905 venturus
1179 849 1289 918 82
1337 854 1421 899 est
1472 842 1716 912 judicare

162 942 277 994 viros
301 951 352 995 et
372 950 611 994 mortuos
636 957 650 991 :
678 949 738 994 et
766 942 821 993 in
844 938 1102 1007 Spiritum
1120 945 1386 990 sanetum.
1413 931 1517 987 Eos
1538 940 1717 985 autem

161 1033 228 1099 qui
255 1033 422 1084 dicunt
455 1048 467 1081 :
502 1040 617 1085 erat
644 1040 866 1101 tempus
896 1030 1111 1101 quando
1152 1041 1259 1081 non
1300 1035 1438 1092 erat,
1464 1033 1518 1080 et
1562 1034 1720 1079 ante—

161 1136 285 1189 quam
313 1132 613 1176 nasceretur
642 1137 757 1177 non
785 1131 934 1186 erat.
966 1130 1023 1176 et
1050 1117 1175 1189 quia
1206 1133 1272 1173 ex
1306 1116 1464 1172 nullis
1496 1124 1721 1170 exstan-

163 1211 274 1265 tibus
294 1213 448 1266 iactus
476 1221 559 1268 est
601 1223 700 1266 aut
738 1228 803 1268 ea
854 1214 957 1267 alia
1008 1211 1305 1265 substantia
1355 1208 1439 1262 ve!
1487 1207 1720 1262 essentia

164 1304 309 1359 dicant
337 1320 471 1373 esse,
500 1316 592 1359 aut
636 1304 1055 1359 convertibilem
1106 1313 1197 1355 aut
1247 1300 1263 1373 [
1292 1298 1359 1353 Ε.
1392 1302 1447 1363 5,
1482 1298 1540 1353 Τ.
1584 1300 1630 1362 l,
1662 1297 1718 1364 2,

161 1394 234 1466 et]
283 1398 714 1451 commutabilem
770 1397 861 1451 Dei
914 1395 1105 1449 Filium
1156 1391 1185 1432 ι
1239 1409 1253 1447 :
1306 1390 1724 1447 anathematizat

166 1488 394 1543 catholica
420 1500 473 1544 et
499 1490 801 1559 apostolica
831 1489 1091 1543 Ecclesia.

217 1580 487 1645 Sequentes
519 1596 540 1623 ε
565 1584 755 1651 itaque
803 1596 900 1649 per
946 1582 1126 1634 omnia
1161 1586 1468 1636 sanctorum
1504 1578 1723 1633 Patrum

162 1672 518 1736 coulessiones,
563 1688 707 1742 quas
750 1674 1004 1743 loquente
1050 1674 1102 1726 in
1152 1671 1231 1726 eis
1278 1678 1467 1725 sancto
1519 1670 1723 1736 Spiritu

163 1765 473 1829 protulerunt,
501 1775 557 1819 et
586 1766 880 1820 intentioni
912 1780 1033 1835 quas
1064 1774 1145 1818 est
1176 1764 1227 1817 in
1274 1777 1466 1817 eorum
1513 1760 1727 1815 intelle-

1819 561 2035 616 Christo
2068 563 2312 617 habitare
2339 570 2555 618 onlnem
2590 562 2982 630 plenitudinem
3026 564 3245 619 deitatis
3294 578 3420 619 cor-

1823 651 2078 720 poraliter
2098 664 2150 707 et
2181 663 2359 709 tamen
2375 655 2723 724 intelligimus
2740 670 2885 720 eum,
2906 656 3047 726 quod
3073 671 3201 711 caro
3225 657 3421 724 fat-ms,

1824 760 1927 799 non
1956 747 2097 801 sicut
2127 748 2179 801 in
2227 748 2428 802 sanctis
2470 747 2710 803 habitare
2750 746 2978 816 dicatur,
3012 763 3109 802 nec
3161 750 3321 804 talem
3366 750 3419 805 in

1826 838 1949 907 ipso
1983 838 2369 894 habitationem
2404 841 2599 894 factam
2646 838 2875 895 delinire
2916 841 3272 905 tentavimus;
3324 840 3419 894 sed

1828 934 2008 988 unitus
2029 934 2179 1001 juxta
2214 944 2460 988 naturam
2484 949 2583 988 nec
2612 934 2664 987 in
2689 949 2906 988 carnem
2931 936 3146 1004 penitus
3177 950 3423 990 commu-

1826 1035 1966 1081 tatus
1990 1028 2146 1080 talem
2172 1026 2275 1080 sibi
2306 1026 2432 1081 fecit
2460 1026 2847 1080 habitationem
2889 1025 3102 1093 qualem
3145 1036 3198 1079 et
3244 1026 3419 1079 anima

1826 1121 2059 1175 nominis
2093 1121 2292 1175 habere
2319 1119 2558 1175 creditur
2588 1120 2651 1173 ad
2686 1119 2961 1189 proprium
3004 1133 3220 1188 corpus.
3274 1117 3423 1174 Unus

1827 1214 1987 1281 igitur
2038 1224 2121 1269 est
2166 1214 2451 1277 Christus,
2504 1213 2673 1267 Filius
2723 1223 2775 1267 et
2824 1212 3099 1274 Dominus,
3144 1226 3248 1265 non
3280 1212 3425 1265 velut

1826 1308 2261 1375 eunjunctionem
2312 1306 2608 1375 quamlibet
2658 1306 2709 1357 in
2778 1305 2982 1357 unitate
3033 1303 3308 1374 dignitatis
3372 1313 3425 1356 et

1826 1397 2161 1453 auctoritatis
2188 1398 2418 1451 hominis
2443 1397 2689 1451 habentis
2716 1398 2781 1449 ad
2806 1397 2995 1460 Deum,
3023 1411 3125 1449 non
3149 1402 3293 1449 enim
3332 1410 3425 1462 po.

1828 1501 1926 1546 te5t
1958 1492 2111 1546 unire
2142 1500 2366 1546 naturas
2395 1491 2510 1544 sola
2542 1489 2818 1561 dignitatis
2849 1489 3152 1559 :equalitas.
3192 1488 3430 1557 Denique

1828 1588 2020 1644 Petrus
2049 1598 2104 1643 et
2126 1586 2359 1641 Joannes
2376 1587 2613 1655 aequales
2637 1595 2763 1639 sunt
2783 1587 3100 1639 alterutrum
3128 1582 3429 1653 dignitatis,

1830 1689 2048 1749 prepter
2103 1679 2245 1748 quod
2302 1688 2356 1733 et
2401 1678 2637 1746 apostoli
2690 1687 2745 1732 et
2788 1677 2959 1729 sancti
3014 1673 3262 1742 discipuli
3311 1686 3432 1727 esse

1832 1780 2221 1834 monstrantur,
2253 1780 2626 1823 verumtamen
2653 1777 2879 1837 uterque
2901 1782 3006 1819 non
3034 1779 3173 1819 unus
3202 1773 3306 1828 €81,
3332 1778 3433 1818 nec

161 1855 299 1908 ctibus
324 1856 483 1925 :equis
526 1858 777 1925 vestigiis
827 1855 1173 1919 inhaerentes,
1201 1864 1361 1923 atque
1394 1856 1496 1909 iter
1529 1852 1720 1907 ambu-
1752 1850 1800 1910 B
1828 1861 1979 1931 juxta
2008 1861 2348 1915 collationem
2381 1861 2463 1913 vel
2488 1862 2885 1913 eunuexioncm
2936 1854 3152 1910 modum
3203 1854 3433 1923 conjun-

162 1947 300 2001 iantes
350 1949 545 2017 regium
599 1950 925 2019 proﬁtemur
972 1947 1113 2017 quod
1159 1948 1334 2015 ipsum
1386 1946 1722 2014 unigenitum

164 2036 237 2092 llei
265 2037 479 2093 Verbum
511 2041 603 2095 Dei
641 2052 828 2095 natum
870 2056 936 2096 ex
987 2044 1100 2110 ipsa
1157 2040 1330 2095 Patris
1374 2041 1627 2103 essentia,
1659 2039 1727 2093 de

166 2128 250 2183 Deo
275 2146 389 2185 vero
420 2132 556 2187 Deus
599 2148 787 2194 verus.
831 2134 1009 2187 lumen
1059 2134 1126 2187 de
1173 2131 1395 2196 lumine,
1425 2147 1517 2200 per
1564 2145 1724 2197 quem

162 2222 302 2275 omnia
331 2222 456 2276 facta
482 2234 610 2278 sunt
643 2228 765 2279 sive
796 2226 847 2279 in
878 2227 1031 2281 caelis
1052 2226 1165 2280 sive
1198 2224 1247 2278 in
1279 2235 1417 2279 terra
1446 2223 1463 2295 [
1492 2222 1553 2275 Τ.
1586 2225 1638 2288 1,
1673 2222 1725 2277 ἱη

163 2311 345 2384 terris],
375 2316 560 2371 salutis
590 2326 799 2371 nostrm
815 2331 978 2371 causa
1010 2318 1349 2372 descendens
1379 2315 1444 2369 ad
1476 2315 1725 2371 exinani-

164 2406 323 2457 lionem
348 2420 462 2460 sese
483 2408 744 2478 dignatus
775 2419 857 2463 est
886 2410 1165 2463 inclinare.
1205 2408 1724 2462 lnearnatus-autem

162 2504 201 2547 et
228 2496 365 2549 homo
406 2497 600 2563 iactus,
638 2499 693 2552 id
748 2510 829 2554 est
870 2515 1089 2554 carnem
1145 2500 1214 2555 de
1266 2498 1485 2568 Virgine
1543 2509 1724 2554 sancta

162 2589 414 2656 suscipiens
440 2632 453 2653 ,
498 2605 738 2659 eamque
788 2592 1060 2661 propriam
1107 2590 1313 2645 faciens
1341 2632 1356 2657 ,
1388 2590 1723 2645 nativitatem

164 2689 359 2734 nostram
387 2697 452 2735 ex
482 2684 639 2737 vulva
676 2683 959 2748 sustinuit,
994 2685 1154 2737 homo
1177 2685 1245 2738 de
1272 2684 1506 2737 muliere
1537 2696 1725 2751 proce-

160 2770 262 2826 dens
288 2773 437 2845 [ιθ.
469 2775 795 2848 prodiens],
831 2792 929 2831 nec
951 2778 1093 2846 quod
1117 2788 1232 2832 erat
1257 2778 1539 2845 abjiciens.
1590 2774 1722 2830 Nam

160 2864 254 2921 licet
291 2865 449 2923 lactus
488 2874 560 2924 sit
607 2872 661 2924 in
703 2871 1069 2941 assumptione
1110 2871 1288 2925 carnis
1329 2882 1383 2925 et
1422 2871 1720 2940 sanguinis,

160 2965 298 3010 tamen
323 2960 475 3015 etiam
502 2964 582 3016 sic
616 2962 764 3030 quod
814 2972 933 3017 erat
985 2963 1127 3019 Deus
1176 2974 1365 3018 natura
1422 2965 1628 3018 scilicet
1669 2970 1725 3017 et

158 3050 338 3105 veritate
358 3053 679 3121 persistens.
706 3053 814 3108 Nec
841 3069 1058 3111 carnem
1083 3059 1258 3124 itaque
1286 3056 1518 3110 dicimus
1547 3056 1599 3109 in
1627 3070 1722 3113 ne-

158 3152 292 3196 utram
316 3146 522 3200 deitatis
562 3163 691 3202 esse
714 3164 1051 3215 conversam,
1089 3164 1189 3203 nec
1220 3149 1573 3205 substantiam
1602 3164 1717 3202 ear-

158 3234 225 3288 nis
248 3237 291 3289 in
316 3237 640 3294 ineﬂ‘abilem
672 3240 765 3295 Dei
798 3240 958 3295 Verbi
986 3242 1274 3311 essentiam
1301 3251 1711 3305 commutatam,

159 3326 543 3387 inconvertibilis
564 3333 715 3388 enim
750 3340 835 3389 est
862 3344 916 3389 et
946 3320 1405 3393 incommutabilis
1427 3377 1439 3400 ,
1467 3336 1720 3405 idemque

158 3418 401 3491 itsejima
426 3425 744 3495 Scriptttras
790 3426 991 3497 jugiter
1043 3441 1388 3497 permanens.
1434 3427 1593 3482 Visus
1640 3434 1724 3482 est

157 3523 298 3569 autem
328 3530 375 3571 et
404 3522 667 3585 parvulus
693 3523 897 3587 positus
926 3521 1103 3574 adhuc
1150 3521 1200 3573 in
1246 3520 1515 3574 cunabilis
1565 3528 1620 3575 et
1668 3521 1720 3573 in

157 3606 324 3663 sinibus
356 3610 485 3683 [U.,
513 3613 569 3667 in
604 3612 765 3685 sinu]
795 3614 1071 3682 genitricis
1107 3614 1340 3683 Virginis
1372 3615 1720 3680 constitutus,

161 3701 418 3757 universam
449 3715 760 3758 creaturam
787 3706 1030 3774 replebat
1076 3713 1131 3757 ιιι
1177 3705 1335 3770 Deus,
1365 3706 1594 3774 genitori
1624 3721 1722 3758 suo

157 3788 374 3845 indivisus
418 3796 706 3858 existens;
754 3795 899 3864 quod
943 3793 1186 3849 divinum
1247 3805 1330 3850 est
1401 3795 1544 3849 enim
1606 3796 1723 3851 sine

156 3887 415 3949 quantitate
446 3898 501 3943 et
530 3890 656 3941 sine
687 3889 826 3941 mole
876 3888 1246 3958 cognoscitur,
1278 3902 1379 3942 nec
1431 3888 1555 3942 ullis
1615 3898 1723 3943 ter-

161 3976 291 4029 minis
328 3980 656 4033 continetur.
706 3980 927 4034 Unitum
970 3993 1099 4049 ergo
1139 3979 1290 4033 carni
1342 3978 1573 4034 Verbum
1629 3979 1720 4034 Dei

154 4073 408 4126 secundum
448 4073 862 4126 subsistentiam
892 4068 918 4107 ἀ
950 4071 1289 4136 confitentes,
1320 4087 1483 4126 unum
1529 4072 1722 4126 adora-

156 4172 249 4212 mus
278 4160 458 4216 Filium
489 4172 546 4217 et
575 4162 860 4216 Dominum
887 4162 1068 4217 Jesunt
1096 4164 1395 4228 Christum,
1430 4179 1536 4218 non
1563 4178 1717 4219 seor-

155 4266 246 4305 sum
273 4266 524 4322 ponentes
562 4264 620 4309 et
649 4254 1073 4310 determinantes
1113 4255 1391 4310 hominem
1441 4264 1497 4310 et
1547 4254 1719 4311 Deum

158 4344 269 4397 velut
292 4346 516 4400 invicem
548 4345 651 4399 sibi
694 4346 973 4418 dignitatis
1023 4356 1078 4402 et
1122 4348 1464 4402 auctoritatis
1515 4348 1720 4404 unitate

154 4436 449 4501 coniunctos,
488 4438 597 4490 hoc
625 4436 769 4491 enim
804 4439 1013 4492 novitas
1037 4437 1185 4492 vocis
1206 4448 1291 4493 est
1313 4447 1367 4492 et
1388 4438 1534 4495 aliud
1561 4439 1717 4508 nihil,

1830 1953 2031 2007 ctionis
2060 1952 2431 2007 advertimus:
2479 1954 2579 2004 hoc
2604 1952 2748 2005 enim
2771 1949 2835 2003 ad
2872 1947 3129 2001 unitatem
3165 1962 3272 2001 non
3318 1943 3431 1999 suf-

1833 2046 1942 2099 ticit
1968 2045 2292 2109 naturalem,
2328 2058 2428 2097 nec
2478 2042 2773 2097 secundum
2823 2039 3254 2108 participatiuuis
3304 2036 3432 2093 eﬂ'e-

1829 2148 1969 2192 etum
1999 2138 2117 2209 [E.,
2149 2136 2213 2192 Β.
2248 2136 2346 2199 Β..
2380 2136 2679 2204 allectum],
2711 2136 2851 2189 sicut
2904 2149 3001 2187 nos
3046 2134 3207 2187 etiam
3255 2132 3436 2187 adita:-

1832 2241 2011 2286 rentes
2062 2232 2288 2284 Damino
2333 2246 2473 2285 unus
2520 2244 2640 2283 eum
2684 2244 2750 2284 eo
2798 2229 3019 2299 spiritus
3070 2242 3275 2292 sumus,
3325 2228 3433 2283 imo

1832 2322 2008 2391 potius
2048 2320 2451 2391 conjunctionis
2477 2335 2675 2375 nomen
2704 2321 2969 2374 evitamus
3018 2327 3271 2384 tauquam
3324 2334 3432 2373 non

1830 2416 2069 2471 existens
2098 2425 2121 2452 ο
2151 2417 2403 2471 idoneum
2436 2415 2577 2486 quod
2604 2415 2873 2484 signiticet
2899 2413 3120 2467 unitatis
3148 2427 3431 2467 areanum.

1829 2508 1932 2564 Sed
1958 2526 2129 2579 neque
2163 2509 2333 2563 Deum
2367 2519 2459 2562 aut
2512 2508 2798 2562 Dominum
2846 2506 3045 2561 Christi
3093 2504 3231 2577 [U.,
3281 2504 3433 2559 Chri«

1829 2601 2012 2671 stum]
2042 2602 2278 2657 Verbum
2316 2602 2407 2655 Dei
2441 2601 2617 2656 Patris
2641 2599 2961 2661 asserimus,
2997 2613 3065 2652 ne
3098 2597 3291 2651 iterum
3318 2611 3434 2649 rna-

1831 2695 2081 2751 nil'estius
2130 2695 2183 2748 in
2231 2697 2337 2749 duo
2378 2694 2686 2748 dividamus
2717 2707 2878 2745 unum
2908 2691 3206 2753 Christum,
3239 2688 3433 2743 Filium

1830 2799 1885 2843 et
1945 2788 2263 2853 Dominum,
2316 2797 2369 2840 et
2422 2788 2473 2839 in
2520 2787 2725 2839 crimen
2777 2780 3045 2850 saerilt-gii
3098 2781 3432 2845 recidamus,

1832 2880 2001 2935 Deum
2027 2879 2098 2934 illi
2124 2895 2182 2933 se
2224 2880 2397 2948 ipsum
2444 2877 2704 2931 facientes
2749 2885 2803 2930 et
2852 2874 3132 2927 Dominum
3187 2888 3201 2925 :
3254 2877 3429 2926 unitus

1828 2972 2024 3040 quippe
2066 2970 2481 3039 siculsuperius
2513 2969 2769 3033 diximus,
2805 2969 2941 3022 Dens
2991 2965 3228 3019 Verbum
3284 2962 3431 3018 carui

1828 3066 2123 3119 secundum
2156 3065 2566 3119 subsistentiam
2618 3063 2765 3135 1/E.,
2817 3062 2880 3118 Β.
2924 3063 3014 3126 li.,
3046 3057 3431 3132 substantiam]

1832 3158 1974 3214 Deus
2004 3160 2221 3230 quidem
2251 3170 2333 3213 est
2372 3158 2609 3213 omnium
2648 3168 2704 3212 et
2732 3157 3040 3211 dominatur
3069 3155 3435 3211 universitati.

1835 3253 2217 3307 Verumtamen
2248 3268 2347 3307 nec
2374 3267 2560 3307 servus
2590 3262 2673 3306 est
2713 3252 2813 3305 sibi
2848 3254 2964 3320 ipse
3014 3265 3111 3305 nec
3161 3250 3432 3315 dominus,

1826 3348 1949 3414 quia
1982 3347 2226 3415 ineptum
2261 3355 2343 3400 est
2369 3346 2450 3399 vel
2476 3346 2656 3413 potius
2682 3344 2902 3411 impium
2951 3343 3054 3398 hoc
3100 3343 3303 3396 sentire
3351 3340 3432 3396 vel

1828 3439 2010 3494 dicere
2045 3438 2327 3506 :quamvis
2355 3438 2499 3492 enint
2533 3437 2701 3491 Deum
2731 3450 2887 3491 suum
2944 3436 3155 3491 Patrem
3214 3434 3431 3499 dixerit,

1826 3546 1945 3584 cum
1980 3530 2119 3584 Deus
2149 3530 2220 3584 sit
2247 3530 2407 3583 etiam
2436 3531 2551 3597 ipse
2587 3537 2775 3581 natura
2799 3536 2853 3581 et
2883 3527 2949 3580 de
2980 3526 3129 3581 illius
3159 3525 3430 3590 essentia;

1828 3634 2007 3678 tamen
2029 3624 2336 3677 nullatenus
2355 3623 2667 3690 ignoramus
2690 3620 2831 3691 quod
2860 3634 3083 3674 manens
3109 3618 3247 3673 Deus
3271 3619 3430 3671 homo

1826 3733 2039 3788 quoque
2071 3718 2242 3772 factus
2272 3718 2364 3785 sit,
2402 3716 2490 3787 qui
2522 3716 2621 3769 sub
2654 3716 2762 3771 Deo
2788 3716 2936 3784 juxta
2987 3712 3224 3770 debitam
3258 3713 3432 3783 legem

1825 3819 2015 3862 natura
2047 3808 2403 3861 humanitatis
2433 3806 2688 3861 existeret
2744 3824 2757 3859 :
2806 3807 2920 3874 ipse
2968 3821 3094 3859 vero
3146 3805 3247 3859 sibi
3301 3820 3430 3875 quo-

1826 3902 1987 3957 modo
2010 3902 2091 3955 vel
2124 3902 2265 3955 Deus
2294 3900 2493 3970 poterit
2523 3914 2668 3965 esse,
2694 3898 2778 3953 vel
2804 3900 3092 3954 dominus?
3124 3899 3265 3968 Ergo
3294 3900 3431 3955 sicut

1826 3994 2030 4061 homo,
2083 4002 2343 4064 quantum
2401 3992 2666 4047 decenter
2720 3991 3102 4047 exinanitionis
3159 4006 3429 4047 mensura:

1825 4086 2094 4159 congruit,
2126 4088 2224 4142 sub
2282 4087 2399 4142 Deo
2439 4102 2499 4143 se
2550 4087 2830 4143 nobiseum
2864 4102 2984 4142 esse
3012 4088 3293 4153 disseruit,
3324 4086 3432 4141 hoc

1823 4181 1985 4233 etiam
2019 4179 2181 4232 modo
2222 4184 2322 4232 sub
2366 4178 2486 4247 lege
2518 4176 2690 4233 factus
2714 4189 2818 4244 est,
2842 4178 3087 4247 quamvis
3134 4179 3249 4247 ipse
3300 4194 3429 4246 pro-

1822 4270 2149 4339 mulgaverit
2206 4270 2379 4339 legem
2426 4280 2479 4325 et
2522 4270 2796 4341 legislator
2842 4280 2899 4326 ut
2952 4272 3091 4327 Deus
3138 4272 3429 4327 exstiterit.

1823 4362 2088 4417 Cavemtts
2115 4361 2133 4435 [
2160 4362 2256 4430 U.,
2288 4363 2587 4417 Caveamus
2610 4362 2627 4434 j
2652 4374 2831 4418 autem
2864 4366 2931 4419 de
2961 4362 3179 4419 Christo
3200 4365 3382 4420 dicere
3412 4383 3424 4419 :

1824 4466 2048 4525 propter
2068 4465 2435 4511 assumentem
2470 4470 2699 4510 veneror
2727 4467 3087 4525 assumptum,
3122 4466 3177 4512 et
3208 4470 3430 4528 propter

159 4539 233 4580 nec
267 4528 383 4584 item
436 4530 715 4584 Christum
770 4532 1086 4598 specialiter
1138 4531 1484 4587 nominantes
1548 4532 1717 4588 Deum

1828 4547 2149 4603 invisibiletn
2178 4549 2347 4602 adoro
2376 4548 2667 4607 visibilem.
2701 4551 3039 4606 Horrendum
3090 4567 3225 4607 vero
3269 4568 3432 4621 super

159 4616 347 4674 Verbum
370 4622 513 4690 quod
537 4637 609 4676 ex
634 4622 745 4677 Deo
772 4633 876 4687 est,
902 4638 1002 4677 nec
1029 4625 1264 4677 alterum
1289 4624 1540 4679 similiter
1560 4624 1719 4679 Citri-

156 4718 266 4762 stutn
293 4713 594 4780 specialiter
620 4715 710 4782 qui
739 4713 808 4767 de
838 4713 1066 4768 muliere
1095 4723 1253 4768 natus
1278 4724 1353 4768 est
1380 4730 1395 4779 ;
1427 4715 1522 4770 sed
1552 4730 1717 4771 unum

156 4802 452 4856 solummodo
477 4803 748 4857 Christum
778 4803 873 4857 Dei
900 4803 1073 4859 Patris
1099 4803 1331 4859 Verbum
1358 4821 1477 4859 (υιιι
1504 4809 1717 4876 propria

157 4906 284 4949 carne
309 4898 705 4965 cognoscimus.
736 4895 889 4950 Tunc
928 4906 953 4935 ο
992 4899 1136 4953 enim
1179 4899 1331 4968 juxta
1375 4914 1474 4954 nos
1527 4910 1719 4956 unctus

158 4996 230 5051 est,
258 4991 490 5059 quamvis
514 4989 760 5059 spiritum
796 4991 971 5061 dignis
1004 4993 1122 5062 ipse
1166 4996 1461 5049 contulerit
1508 5004 1565 5050 et
1610 5011 1719 5051 non

156 5079 204 5131 ad
226 5096 541 5149 mensuram,
569 5084 707 5138 sicut
736 5083 924 5139 beatus
953 5087 1284 5155 evangelista
1309 5086 1547 5143 Joannes
1571 5103 1719 5145 asse-

159 5174 256 5227 ruit.
280 5174 377 5230 Sed
403 5192 503 5232 nec
535 5177 667 5231 illud
690 5178 920 5233 dicimus
945 5178 1087 5247 quod
1148 5179 1236 5233 Dei
1284 5178 1523 5234 Verbum
1571 5182 1720 5237 velut

158 5266 339 5323 laciniae
362 5270 655 5337 communi,
682 5272 772 5339 qui
803 5271 870 5325 de
896 5279 1079 5325 sancta
1140 5270 1353 5341 Virgine
1405 5280 1565 5325 natus
1606 5283 1713 5341 est,

158 5357 386 5417 habitaret
426 5364 558 5436 {U.,
585 5363 677 5427 0.,
712 5361 1053 5434 habitarit],
1095 5364 1205 5435 83
1249 5380 1315 5419 ne
1359 5364 1524 5419 Deum
1559 5366 1719 5421 homo

157 5449 366 5509 Christus
415 5457 775 5512 habitatorem
834 5458 1113 5527 possidere
1150 5458 1419 5513 credatur.
1460 5460 1717 5527 Quamvis

212 5575 235 5643 ξ
268 5568 375 5643 ᾧ..
404 5582 543 5633 sunt,
576 5588 691 5641 qua
722 5574 771 5625 in
796 5574 919 5629 caelo
948 5585 993 5628 et
1025 5590 1139 5643 qua:
1158 5575 1209 5627 in
1237 5584 1389 5629 terra.

176 5636 233 5717 ’δ
275 5640 345 5694 Ea
390 5636 642 5717 omnibus
673 5643 960 5717 ,Codieibus
997 5636 1280 5716 desmupta
1317 5646 1475 5704 verba
1500 5646 1596 5703 Dei
1621 5648 1717 5706 Fi-

158 5713 275 5770 υκαι.
304 5727 422 5779 qua:
453 5713 644 5769 desunt
668 5716 720 5769 iu
751 5722 815 5769 Α.

214 5787 235 5859 ξ
260 5779 398 5859 τὲἳ,
413 5786 787 5859 substantiam:
813 5785 900 5855 U.,
926 5789 1198 5859 justitiam.

213 5845 238 5887 ι
270 5845 393 5919 .45.;
413 5853 542 5923 an,
574 5856 712 5922 15.5,
747 5856 810 5916 τ.
837 5845 900 5917 t.’
926 5845 986 5927 Ξ,
1022 5858 1116 5928 U.,
1140 5871 1261 5916 tunc
1279 5861 1414 5919 enim
1435 5861 1590 5919 etiam

1827 4641 1930 4696 hoc
1958 4641 2118 4695 ctiam
2147 4641 2272 4695 illud
2304 4640 2500 4695 docere
2536 4641 2554 4679 τ
2592 4661 2603 4696 :
2640 4644 2685 4697 is
2715 4644 2807 4713 qui
2851 4655 3133 4715 susceptus
3185 4654 3265 4700 est
3309 4660 3429 4698 eum

1825 4748 1891 4788 eo
1920 4734 2011 4803 qui
2041 4735 2278 4803 suscepit
2305 4748 2411 4788 non
2442 4746 2784 4803 nuncupatur
2807 4736 2978 4803 Deus;
3009 4738 3098 4807 qui
3137 4738 3279 4793 enim
3313 4739 3428 4794 lucc

1824 4824 1974 4889 dicit,
2003 4825 2195 4880 dividit
2218 4828 2414 4881 iterum
2441 4829 2491 4882 in
2522 4828 2657 4883 duos
2688 4828 2934 4885 Christus
2985 4846 3108 4885 eum
3157 4832 3246 4901 qui
3295 4847 3429 4886 unus

1824 4929 1928 4983 est,
1960 4918 2232 4974 hominem
2259 4920 2374 4992 84
2403 4934 2648 4976 seorsum
2683 4923 2734 4977 in
2770 4932 2942 4991 parte,
2968 4932 3021 4979 et
3064 4924 3229 4979 Deum
3278 4926 3397 4979 simi

1824 5010 1945 5066 liter
1976 5011 2027 5065 in
2058 5022 2206 5080 parte
2232 5014 2598 5081 constituens;
2624 5014 2905 5070 evidenter
2933 5017 3077 5071 enim
3132 5016 3150 5088 [
3178 5016 3244 5071 U.
3272 5061 3286 5083 ,
3334 5034 3423 5070 au.

1826 5102 1969 5173 tem]
2015 5103 2245 5175 denegat
2270 5106 2535 5161 unitatem
2586 5107 2881 5164 secundum
2929 5124 3089 5178 quam
3142 5126 3246 5164 non
3292 5111 3428 5164 alter

1823 5210 1943 5251 cum
1975 5199 2147 5252 altero
2168 5199 2495 5253 coadoratur
2520 5208 2615 5254 aut
2645 5211 3054 5268 conuncupatur
3103 5202 3274 5266 Deus;
3330 5205 3423 5256 sed

1826 5303 1965 5343 unus
1992 5289 2311 5361 intelligitur
2343 5290 2591 5347 Christus
2614 5292 2777 5348 Jesus
2808 5293 2975 5348 Filius
3027 5293 3120 5348 Dei
3178 5294 3425 5364 unigeni-

1826 5391 1931 5445 tus,
1969 5398 2071 5435 una
2107 5384 2368 5438 servitute
2413 5399 2534 5439 cum
2586 5387 2800 5456 prOpria
2845 5402 3009 5440 carne
3060 5387 3418 5455 venerandus.

1822 5472 2154 5529 Confitemur
2182 5475 2367 5542 etiam,
2403 5476 2543 5547 quud
2574 5478 2717 5534 idem
2745 5480 2858 5550 ipse
2886 5478 2972 5545 qui
3002 5494 3067 5533 ex
3091 5480 3210 5533 'Dco
3264 5480 3423 5534 Ntre

1897 5596 1921 5625 ο
1963 5587 2039 5642 Ex
2065 5590 2278 5643 (steteris
2300 5588 2609 5645 Codicibus.
2641 5590 2694 5643 In
2729 5594 2818 5654 Α..
2843 5592 3131 5646 existeudo.
3166 5590 3422 5655 Qumdam

1819 5668 1999 5741 autem
2035 5658 2195 5729 hujus
2221 5658 2435 5715 Codicis
2460 5662 2584 5715 l'olia
2619 5661 2722 5715 isto
2754 5662 3084 5731 transposita
3116 5664 3231 5717 loci:
3266 5678 3422 5734 sepe-

1818 5740 2053 5784 Hllllltll‘.

1838 5798 1842 5802 ‘
1894 5798 1915 5840 ι
1949 5799 2069 5871 ιι..
2094 5800 2227 5872 om,
2253 5803 2316 5860 τ.
2350 5804 2405 5861 ι.
2427 5802 2486 5875 2,
2508 5802 2603 5872 U.,
2631 5802 2820 5863 dicere.
