3882 6334
168 386 246 446 157

167 508 228 559 est
250 506 408 554 etnon
436 490 629 555 Filius;
664 494 848 544 tamen
875 481 1019 559 [ΔΞ.⁹
1046 480 1111 535 Β.
1146 480 1238 549 R.,
1261 477 1328 533 Ε.
1360 480 1413 543 5,
1447 467 1709 540 attamen]
1741 472 1790 531 Α

167 600 337 651 nonest
362 589 559 644 alienus
584 583 656 639 ab
698 582 817 648 illo,
847 593 967 635 nam
996 576 1231 647 Spiritus
1280 573 1577 642 appellatus
1626 575 1709 622 est
1742 583 1762 601 ο

168 685 362 743 raritatis
381 688 435 736 et
464 678 665 733 veritas
696 674 943 730 Christus
966 681 1087 725 est:
1120 669 1263 723 unde
1302 676 1354 721 et
1383 667 1450 720 ab
1501 665 1603 717 isto
1650 659 1720 714 si-

167 784 322 841 militer
347 778 479 833 sicut
527 790 593 829 ex
646 772 764 827 Deo
817 769 974 823 Patre
1032 761 1291 831 procedit.
1343 756 1579 827 Denique
1627 752 1717 807 hic

167 878 253 944 ipse
277 869 488 942 Spiritus
509 867 673 922 etiam
704 878 802 931 per
848 867 1155 914 sanctorum
1206 865 1397 906 manus
1445 846 1713 944 apostolo-

166 935 256 1022 rum
279 935 516 1019 miracula
540 958 777 1028 gloriosa
822 950 1125 1021 perliciens,
1178 942 1461 998 Dominum
1518 935 1720 1007 gloriﬁ-

165 1058 273 1115 cavit
298 1056 464 1110 lesum
496 1051 779 1105 Christum
808 1053 1086 1114 postquam
1117 1034 1362 1092 ascendit
1402 1034 1454 1086 in
1484 1030 1716 1095 malum;

166 1164 259 1205 nam
284 1145 499 1202 creditus
528 1151 615 1198 est
645 1139 923 1197 Christus,
954 1141 1144 1188 natura
1170 1130 1317 1184 Deus
1348 1125 1586 1179 existens
1627 1133 1723 1188 per

166 1256 287 1297 suum
311 1238 553 1308 Spiritum
585 1234 818 1286 virtutes
868 1226 1127 1285 efﬁciens,
1182 1220 1409 1287 ideoque
1456 1214 1671 1269 dicebat
1704 1227 1717 1263 :

166 1333 225 1388 De
255 1348 351 1385 meo
370 1328 579 1397 accipiet
608 1334 657 1378 et
686 1320 1011 1376 annuuliabit
1033 1316 1195 1371 vobis.
1221 1312 1567 1380 Nequaquam
1591 1318 1723 1359 vero

165 1425 525 1497 participatione
551 1422 778 1476 alterius
810 1418 951 1471 idem
976 1413 1211 1481 Spiritus
1240 1408 1456 1477 sapiens
1506 1412 1597 1457 aut

167 1494 259 1575 lens
282 1494 478 1581 dicitur,
508 1515 631 1585 quia
664 1525 761 1581 per
790 1509 968 1562 omnia
992 1503 1264 1575 perfectus
1312 1509 1416 1564 est,
1474 1506 1528 1551 et
1576 1494 1723 1549 nullo

166 1623 346 1681 prorsus
369 1607 603 1675 indigens
631 1604 810 1665 bono;
842 1614 963 1652 nam
1005 1604 1243 1665 paterna:
1272 1590 1484 1645 virtutis
1532 1595 1583 1642 et
1636 1601 1722 1640 sa-

166 1702 342 1774 pientia:
367 1699 416 1754 id
443 1708 525 1754 est
558 1696 680 1751 Filii
708 1692 940 1763 Spiritus
963 1688 1221 1749 creditur,
1246 1693 1301 1740 et
1333 1683 1453 1738 ideo
1505 1681 1618 1774 ipsa
1664 1691 1723 1731 re

166 1772 206 1849 et
255 1789 573 1847 subsistentia
634 1788 810 1841 virtus
859 1792 913 1838 et
974 1777 1239 1849 sapientia
1309 1772 1712 1844 comprobatur.

1109 361 1515 425 GRECORUM
1556 353 1887 418 CONClLlA.
1932 380 1988 392 -
2022 350 2436 413 El’llESlNUM.

3325 350 3424 409 158

1818 472 1940 537 post
1984 465 2275 532 unitatem,
2318 466 2432 519 sola
2474 477 2567 521 eas
2608 460 2949 517 connexione
2988 459 3329 532 coniungens
3358 476 3423 517 ea

1822 577 1938 631 Qtltl!
1985 558 2279 614 secundum
2328 558 2643 625 dignitatem
2671 564 2755 609 est
2783 553 2867 608 vel
2903 552 3065 607 etiam
3115 556 3426 611 auctorita-

1825 662 1928 705 tem
1969 661 2060 703 aut
2101 660 2457 715 potesuttetn,
2507 664 2571 704 ac
2620 664 2725 703 non
2779 647 2959 713 potius
3007 659 3301 714 conventu,
3334 649 3428 717 qui

1823 758 1917 814 per
1954 742 2215 797 unitatem
2253 743 2426 795 factus
2456 752 2537 795 est
2578 741 2911 805 naturalem;
2945 742 3233 793 anathema
3268 742 3357 794 sit.

1897 835 1985 890 ιγ.
2027 836 2083 887 Si
2126 835 2243 903 quis
2281 834 2525 903 personis
2564 832 2775 887 duabus
2806 833 2888 885 vel
2932 830 3295 885 subsistentiis
3335 843 3426 887 eas

1820 938 1984 981 νυοθε
2038 941 2157 994 qua:
2222 926 2271 977 itt
2328 922 2643 992 apostolicis
2704 922 2919 990 scriptis
2984 922 3330 974 continentur
3377 928 3433 975 et

1823 1016 2167 1083 evangelicis,
2205 1015 2417 1080 dividit,
2462 1014 2541 1067 vel
2568 1029 2688 1084 qua:
2717 1014 2785 1067 de
2811 1010 3031 1066 Christo
3062 1026 3092 1063 a
3122 1012 3322 1065 SttItCIis
3353 1012 3434 1065 di-

1822 1118 2018 1161 cuntur
2050 1106 2133 1161 vel
2171 1109 2239 1161 ab
2269 1106 2386 1175 ipso
2418 1106 2580 1160 etiam
2612 1104 2680 1159 de
2712 1119 2772 1158 se
2813 1105 2951 1173 ipso,
2986 1113 3040 1157 et
3069 1104 3278 1172 aliquas
3316 1104 3435 1167 qni-

1824 1198 1943 1253 dem
1984 1212 2049 1252 ex
2108 1198 2191 1251 his
2231 1198 2382 1252 velut
2428 1196 2629 1251 homini
2670 1196 2761 1265 qui
2814 1205 3010 1263 praeter
3060 1196 3152 1249 Dei
3202 1194 3431 1248 Verbum

1825 1290 2133 1360 specialiter
2177 1291 2528 1359 intelligatur.
2574 1290 2877 1357 aptaverit,
2924 1288 3042 1341 illas
3082 1299 3261 1342 autem
3315 1300 3431 1341 tan-

1825 1399 1984 1453 quam
2019 1382 2130 1437 Deo
2162 1384 2349 1453 dignas
2380 1383 2481 1437 soli
2516 1383 2611 1437 Dei
2646 1382 2823 1436 Patris
2854 1378 3033 1435 Verbo
3057 1379 3430 1449 deputaverit;

1828 1482 2109 1532 anathema
2143 1481 2232 1532 sit.

1901 1570 1962 1625 V.
2003 1569 2063 1626 Si
2095 1571 2213 1641 quis
2265 1571 2428 1626 audet
2456 1570 2636 1625 dicere
2664 1568 2935 1625 Christum
2970 1570 3244 1623 hominem
3276 1569 3431 1625 theo-

1826 1659 2058 1731 phoron,
2107 1662 2159 1714 id
2194 1671 2276 1715 est
2307 1662 2473 1717 Deum
2502 1661 2785 1727 ferentem,
2817 1677 2879 1716 ac
2914 1676 3019 1715 non
3056 1663 3231 1730 potius
3260 1661 3428 1716 Deum

1825 1765 1947 1805 esse
1978 1752 2241 1805 veraciter
2270 1750 2502 1816 dixerit,
2548 1762 2801 1820 tauquam
2832 1750 3027 1805 Filium
3063 1764 3158 1820 per
3184 1760 3435 1805 naturam

167 1843 680 1955 ﬁmum
732 1891 895 1931 came
943 1843 1152 1925 υηίίυιη
1204 1870 1362 1936 imm
1412 1843 1712 1918 subsiste“-
1745 1843 1791 1903 Β
1820 1844 2112 1899 secundum
2145 1844 2289 1912 quod
2322 1843 2551 1897 Verbum
2583 1858 2713 1898 caro
2737 1846 2935 1898 factum
2968 1853 3073 1907 cst,
3104 1853 3158 1898 et
3187 1858 3435 1897 commu-

168 1978 267 2028 liam
306 1980 477 2025 sancta
530 1968 698 2038 Virgo
728 1961 1080 2033 corporaliter
1112 1958 1340 2029 peperit,
1371 1956 1573 2010 idcirco
1602 1966 1724 2007 eam

166 2067 242 2122 Dei
267 2064 557 2135 genitricem
609 2074 735 2116 esse
784 2056 1098 2128 proﬁtemur
1152 2069 1165 2106 :
1218 2066 1323 2106 non
1374 2048 1513 2117 quod
1564 2044 1723 2101 Verbi

166 2171 316 2215 natura
344 2155 597 2213 ctistcndi
632 2151 957 2224 principium
987 2150 1054 2203 de
1079 2160 1242 2203 carne
1269 2145 1458 2199 sortita
1491 2143 1583 2209 sit,
1615 2150 1725 2195 erat

168 2255 277 2308 enim
299 2255 344 2305 iit
368 2250 618 2322 principio
654 2246 880 2300 Verbum
907 2252 955 2297 et
988 2242 1126 2296 Deus
1148 2252 1255 2294 erat
1291 2237 1506 2292 Verbum
1523 2246 1568 2288 et
1598 2233 1725 2289 Ver-

166 2348 257 2399 lnnrt
282 2353 377 2400 erat
404 2345 539 2415 apud
574 2340 764 2404 Deum,
790 2345 845 2392 et
867 2337 983 2406 ipse
1004 2341 1087 2389 est
1109 2332 1356 2387 conditor
1378 2330 1721 2391 seculorum,

167 2438 603 2500 Patricozcternus,
627 2442 685 2487 et
738 2428 1104 2485 universitatis
1145 2434 1389 2487 creator;
1440 2418 1539 2475 sed
1582 2417 1724 2488 quod

168 2532 371 2599 superius
395 2528 649 2591 diximus,
675 2525 828 2595 juxta
864 2518 1269 2577 subsistentiam
1297 2515 1515 2571 sibimet
1536 2514 1725 2569 uniens

170 2624 411 2678 humanam
442 2631 692 2676 naturam
745 2615 1081 2673 nativitatem
1132 2610 1451 2668 sustinuerit
1499 2625 1564 2663 ex
1610 2610 1725 2676 ipsa

169 2718 291 2771 vulva
312 2731 597 2786 corporea;
652 2728 764 2767 non
816 2710 958 2780 quod
1014 2708 1219 2779 eguet’tt
1275 2702 1579 2761 necessario
1635 2709 1727 2755 aut

171 2818 351 2879 propter
385 2820 532 2860 suam
581 2813 834 2858 naturam
890 2800 1171 2855 nativitate
1221 2798 1340 2863 ista,
1376 2810 1495 2865 qua:
1542 2802 1626 2847 est
1674 2792 1725 2845 iit

167 2898 579 2956 extremissaiculi
606 2895 748 2951 facta
776 2892 1131 2963 temporibus,
1148 2890 1239 2946 sed
1264 2898 1322 2944 ut
1346 2889 1488 2957 ipsas
1508 2884 1728 2941 benedi-

169 3002 284 3047 ceret
310 2991 617 3047 substantiae
644 2998 844 3044 nostra:
880 2986 1163 3057 primitias,
1197 2992 1250 3038 et
1272 2982 1397 3037 dum
1423 2996 1544 3036 eum
1577 2976 1727 3034 carni

168 3098 335 3145 unitum
358 3089 550 3144 mulier
578 3086 867 3151 edidisset,
894 3084 980 3139 illa
1011 3098 1132 3150 qua:
1160 3079 1421 3141 adversus
1452 3091 1612 3133 omne
1638 3090 1729 3146 ge-

169 3197 247 3237 nus
274 3182 549 3237 humanum
604 3178 918 3235 maledictio
958 3173 1135 3231 fuerat
1185 3172 1389 3241 prolata
1432 3168 1724 3238 desineret,
1758 3206 1806 3272 C

169 3290 246 3329 nec
283 3274 383 3345 jam
426 3270 594 3328 morti
644 3277 830 3325 nostra
858 3281 1086 3335 corpora
1112 3266 1219 3336 87
1246 3264 1566 3328 destinaret,
1599 3260 1729 3315 illud

172 3383 343 3439 quoque
368 3367 509 3439 quod
538 3366 747 3421 dictum
775 3371 860 3417 est
890 3379 903 3416 :
946 3359 1014 3414 In
1044 3359 1250 3413 tristitia
1274 3358 1443 3425 paries
1464 3356 1599 3423 ﬁlios
1620 3355 1733 3421 ipse

170 3460 449 3527 dissolvens,
481 3474 673 3515 verum
714 3470 836 3512 esse
889 3458 1219 3509 monstraret
1263 3448 1405 3520 quod
1454 3448 1733 3518 prophetae

170 3567 275 3608 voce
297 3553 611 3623 prredixerat
630 3565 646 3607 :
664 3548 917 3617 Absorpta
944 3556 1016 3602 est
1042 3561 1178 3599 mors
1210 3544 1262 3597 in
1286 3542 1522 3605 victoria,
1548 3546 1604 3594 et
1635 3540 1733 3593 ite-

169 3658 263 3699 rtttn
292 3661 304 3697 :
334 3644 549 3698 Abstulit
578 3639 835 3695 Dominus
864 3653 1064 3692 omnem
1085 3639 1366 3706 lacrymam
1392 3634 1454 3687 ab
1481 3634 1618 3687 omni
1647 3635 1735 3701 {a-

170 3735 244 3789 cie.
279 3735 490 3805 Propter
518 3733 665 3788 hanc
706 3731 903 3786 etenim
949 3740 1168 3782 causam
1211 3726 1440 3781 dicimus
1482 3738 1605 3778 eum
1652 3721 1736 3775 di-

170 3827 471 3896 spensatorie
499 3836 557 3881 et
577 3823 709 3894 ipsis
730 3819 1075 3878 benedixisse
1117 3827 1242 3873 tunc
1272 3818 1503 3886 nuptiis,
1528 3830 1648 3870 cum
1681 3814 1735 3869 in

170 3918 285 3975 Catia
306 3919 537 3975 Galilaea‘.
569 3933 693 3974 cum
742 3915 944 3970 sanctis
984 3920 1206 3970 vocatus
1236 3910 1497 3982 aposmlis
1544 3910 1736 3965 adesse

170 4014 380 4085 dignatus
445 4024 552 4071 est.
599 4012 727 4068 [Leo
768 4022 958 4079 sapere
1000 4021 1187 4064 sumus
1236 4004 1411 4060 edocti
1453 4018 1481 4058 a
1533 4001 1737 4058 sanctis

174 4108 395 4176 apostolis
420 4117 475 4161 et
488 4103 836 4175 erangelistis
858 4102 991 4157 etab
1010 4100 1157 4156 omni
1184 4099 1457 4167 Scriptura
1480 4096 1739 4152 divinitus

172 4198 411 4268 inspirata,
436 4214 539 4254 nec
573 4214 680 4252 non
712 4206 766 4251 et
800 4210 829 4249 a
856 4194 1025 4250 beatis
1045 4193 1265 4248 Patrum
1306 4190 1735 4247 confessionibus

171 4293 362 4345 veritate
389 4290 653 4345 subnixis.
684 4288 776 4343 His
796 4286 1045 4341 omnibus
1066 4286 1227 4341 etiam
1254 4296 1397 4339 tuam
1422 4281 1739 4355 religionem

173 4384 508 4449 concordare,
552 4390 610 4437 et
668 4390 863 4451 praeter
918 4378 1149 4447 aliquem
1198 4376 1379 4430 dolum
1432 4375 1740 4430 consentire

172 4478 253 4542 iam
274 4479 516 4531 convenit
551 4493 564 4528 :
596 4488 716 4545 qua:
740 4487 870 4529 vero
900 4471 1218 4540 religionem
1249 4478 1391 4522 tuam
1423 4467 1739 4523 anathema-

1835 1935 2099 1991 nicaverit
2145 1938 2259 2007 83
2308 1936 2562 1991 similiter
2612 1945 2667 1990 ut
2718 1951 2819 1993 nos
2867 1938 3019 1992 carni
3066 1948 3119 1990 et
3147 1936 3433 2007 sanguini;

1832 2028 2119 2083 anathema
2152 2030 2244 2083 sit.

1908 2121 1992 2176 Vl.
2038 2122 2095 2177 Si
2127 2122 2247 2193 quis
2276 2121 2410 2176 dicit
2454 2121 2621 2175 Deum
2654 2134 2775 2176 esse
2806 2120 2889 2175 vel
2921 2120 3206 2175 Dominum
3237 2119 3439 2177 Christi

1832 2213 1930 2269 Dei
1975 2213 2149 2269 Patris
2194 2213 2450 2278 Verbum,
2502 2221 2558 2268 et
2599 2229 2705 2267 non
2748 2213 2919 2284 ntagis
2965 2215 3217 2269 eumdem
3267 2218 3439 2281 ipsum

1832 2306 2120 2362 confitetur
2156 2308 2324 2360 Deum
2356 2304 2515 2359 simul
2555 2314 2609 2360 et
2636 2304 2944 2367 hominem,
2981 2313 3266 2374 propterea
3296 2304 3441 2375 quod

1832 2397 2071 2454 Verbum
2104 2411 2231 2453 caro
2271 2394 2473 2455 factum
2504 2408 2587 2453 est
2615 2398 2912 2454 secundum
2938 2398 3282 2469 Scripturas;
3314 2413 3441 2453 ana-

1834 2492 2014 2545 thema
2046 2493 2137 2545 sit.

1909 2579 2021 2635 Vll.
2065 2581 2121 2635 Si
2153 2581 2273 2651 quis
2301 2581 2449 2636 velut
2477 2580 2751 2638 hominem
2776 2581 2963 2637 .Iesum
2995 2582 3311 2651 operatione
3345 2581 3440 2638 Dei

1837 2674 1997 2731 Verbi
2054 2677 2181 2733 dicit
2229 2678 2492 2747 adjutum,
2523 2687 2579 2734 et
2620 2678 2878 2750 unigeniti
2924 2680 3147 2749 gloriam
3185 2687 3441 2748 tanquam

1834 2769 1989 2825 alteri
2026 2780 2221 2840 praeter
2250 2773 2426 2842 ipsum
2454 2773 2707 2827 existenti
2762 2772 2980 2840 tribuit;
3029 2776 3313 2829 anathema
3348 2773 3439 2829 sit.

1910 2864 2040 2919 Vlll.
2084 2866 2140 2922 Si
2188 2867 2308 2935 quis
2354 2866 2510 2921 audet
2564 2867 2745 2924 dicere
2789 2878 3125 2935 assumptum
3165 2869 3440 2922 hominem

1837 2953 2234 3009 coadorandum
2273 2956 2379 3011 Deo
2424 2956 2620 3024 Verbo,
2652 2966 2706 3012 et
2754 2960 3268 3028 congiorilicandnm
3303 2958 3350 3027 ιι,
3385 2969 3440 3013 et

1837 3047 2325 3116 conuncutiaudum
2355 3048 2522 3105 Deum
2553 3060 2806 3119 tanquam
2840 3052 3067 3105 alterum
3096 3066 3219 3106 cum
3247 3051 3440 3116 altero,

1839 3157 1960 3196 nam
1992 3158 2110 3195 cum
2139 3142 2349 3214 syllaba
2379 3157 2598 3213 semper
2626 3145 2839 3215 adjecta
2876 3144 2975 3199 hoc
3004 3144 3147 3215 cogit
3194 3145 3440 3215 intelligi,

1836 3244 1891 3290 et
1940 3249 2046 3289 non
2091 3236 2272 3305 potius
2321 3249 2426 3290 una
2469 3235 2864 3305 supplicatione
2896 3248 3183 3289 veneratur
3230 3235 3447 3290 Emma-

1838 3328 1987 3393 nuel,
2043 3344 2314 3398 unamque
2371 3329 2421 3384 ei
2480 3329 2931 3399 glorilicationem
2990 3329 3249 3399 dependit
3294 3330 3442 3400 juxta

1839 3420 1983 3490 quod
2018 3419 2253 3479 Verbum
2282 3435 2411 3476 caro
2443 3421 2643 3476 factum
2673 3431 2787 3488 est;
2820 3423 3108 3477 anathema
3136 3423 3229 3480 sit.

1912 3534 2007 3591 IX.
2050 3534 2107 3591 Si
2137 3534 2257 3604 quis
2300 3549 2464 3589 unum
2498 3535 2782 3590 Dominum
2814 3533 2997 3591 Jesnm
3030 3534 3305 3590 Christum
3334 3535 3447 3604 glo-

1839 3628 2107 3684 rificatum
2135 3626 2267 3681 dicit
2291 3626 2358 3680 ab
2384 3622 2589 3696 Spiritu
2619 3638 2832 3693 sancto,
2869 3638 3120 3699 tanquam
3150 3629 3239 3697 qui
3271 3629 3444 3682 aliena

1841 3718 2045 3773 virtute
2075 3733 2172 3788 per
2203 3733 2324 3774 eum
2365 3734 2493 3773 usus
2535 3719 2723 3783 fuerit,
2759 3730 2813 3773 et
2842 3720 2911 3774 ab
2938 3735 3002 3775 eo
3029 3722 3299 3789 acceperit
3328 3720 3445 3774 elli-

1839 3816 2042 3872 caciatn
2077 3825 2268 3871 contra
2320 3815 2627 3874 immundos
2656 3816 2898 3884 spiritus,
2936 3828 3093 3885 posse
3122 3823 3176 3868 et
3212 3812 3446 3867 hnminl-

1843 3908 1942 3962 bus
1982 3907 2167 3962 divina
2206 3907 2361 3977 signa
2391 3906 2681 3976 perlicere,
2716 3920 2781 3960 ac
2815 3921 2920 3961 non
2967 3908 3142 3974 potius
3176 3904 3447 3974 proprium

1841 3998 2041 4057 fatetur
2070 3999 2189 4069 ejus
2216 3999 2473 4070 Spiritum
2503 4014 2598 4069 per
2625 4014 2785 4069 quem
2820 3997 3000 4054 divina
3032 4000 3183 4069 signa
3213 4002 3451 4069 comple-

1844 4093 1953 4159 vit;
1986 4091 2274 4146 anathema
2305 4091 2394 4145 sit.

1918 4184 1986 4239 X.
2043 4184 2358 4241 Pontiﬁcem
2402 4191 2457 4239 et
2494 4183 2798 4253 apostolum
2843 4183 3202 4241 confessionis
3253 4191 3448 4238 nostra:

1845 4273 2045 4330 factum
2096 4289 2219 4330 esse
2249 4275 2520 4329 Christum
2568 4275 2748 4331 divina
2796 4275 3071 4345 Scriptura
3118 4292 3451 4330 commemo-

1846 4378 1958 4432 rat;
1992 4367 2187 4421 obtulit
2218 4374 2394 4420 auteui
2439 4366 2794 4435 semetipsum
2828 4382 2925 4437 pro
2954 4368 3107 4421 nobis
3139 4368 3188 4421 in
3227 4368 3451 4423 odorem

1847 4458 2129 4515 suavitatis
2168 4460 2278 4514 Deo
2325 4466 2381 4513 et
2408 4457 2574 4512 Patri.
2623 4456 2679 4512 Si
2728 4460 2851 4529 quis
2892 4473 3022 4527 ergo
3061 4460 3366 4528 ponlilicent
3396 4470 3451 4515 ct

174 4579 305 4621 iure
333 4581 552 4622 necesse
580 4576 663 4621 est
693 4565 815 4619 huic
844 4562 1084 4634 epistola}
1126 4569 1327 4616 nostra
1356 4559 1597 4631 subjecta
1631 4557 1649 4632 ἱ
1674 4557 1733 4614 Τ,
1767 4581 1821 4644 D
1848 4560 2148 4623 apostotum
2180 4560 2425 4606 nostrum
2454 4551 2585 4605 dicit
2613 4548 2810 4606 factum
2844 4566 2949 4606 non
2984 4568 3157 4621 ipsum
3189 4551 3284 4607 Dei
3318 4552 3449 4606 Ver-

177 4660 213 4721 Ι.
236 4660 283 4725 ‘2,
312 4659 627 4732 subjuncta]
656 4668 802 4716 sunt.

234 4774 265 4827 ι.
303 4774 357 4831 Si
403 4776 524 4846 quis
575 4790 683 4831 non
731 4772 1020 4829 conﬁtetur
1069 4772 1237 4828 Deum
1296 4772 1563 4827 veraciter
1613 4785 1737 4826 esse

176 4865 459 4925 Emmanuel
511 4879 565 4926 et
607 4876 894 4940 propterea
928 4866 1020 4923 Dei
1070 4864 1389 4937 genitricem
1439 4874 1680 4918 sanctam
1717 4872 1744 4902 ἰ

178 4955 414 5027 \irginem
444 4958 497 5025 δ,
532 4962 737 5031 peperit
766 4958 909 5013 enim
936 4956 1231 5012 secundum
1260 4969 1500 5019 carnem,
1522 4968 1741 5009 carnem

175 5048 343 5105 factum
378 5051 470 5107 Dei
504 5052 737 5107 Verbum
787 5051 1083 5106 secundum
1131 5048 1275 5118 quod
1322 5049 1579 5117 scripturn
1625 5055 1740 5103 est:

186 5132 375 5192 Verbum
403 5157 523 5194 caro
551 5141 744 5209 factum
774 5149 844 5193 est
860 5156 879 5204 ,'
911 5139 1198 5193 anathema
1229 5137 1320 5193 sit.

234 5234 286 5286 ll.
326 5235 383 5290 Si
412 5238 532 5306 quis
560 5251 668 5291 non
700 5235 991 5291 confitetur
1018 5236 1171 5290 carni
1219 5232 1516 5289 secundum
1563 5230 1743 5289 subsi-

176 5326 396 5379 stentiam
430 5328 628 5382 unitum
664 5327 754 5383 Dei
787 5328 963 5383 Patris
996 5326 1232 5382 Verbum
1258 5367 1273 5393 ,
1326 5341 1596 5397 unumque
1626 5340 1749 5383 esse

177 5417 422 5474 Christum
456 5436 574 5475 cum
607 5422 820 5491 propria
846 5436 1029 5487 carne,
1061 5421 1308 5476 eumdem
1342 5419 1550 5475 scilicet
1581 5418 1747 5475 Deum

179 5516 311 5565 simul
342 5528 393 5569 et
423 5513 726 5580 hominem;
760 5514 1046 5568 anathema
1077 5512 1167 5569 sit.

240 5604 313 5657 lli.
360 5614 381 5642 ο
425 5606 479 5661 Si
521 5609 640 5676 quis
684 5606 736 5660 in
785 5620 889 5660 uno
933 5605 1150 5661 Christo
1195 5604 1386 5661 dividit
1425 5603 1749 5662 substantias

242 5742 263 5808 ξ
303 5734 389 5808 υ.,
419 5750 647 5808 adiiciant
669 5736 720 5790 Μ
731 5738 890 5791 ariam
918 5738 1186 5808 virginem.

241 5802 261 5838 “
302 5807 371 5885 iis
390 5807 495 5873 AL,
519 5809 683 5885 ll.
704 5809 805 5885 ’[Ῑςι
824 5851 838 5875 ,
856 5808 918 5885 ΑΞ,
939 5802 1017 5862 ϐξ
1034 5810 1085 5863 lrt
1113 5815 1177 5862 Α.
1201 5805 1342 5885 et
1364 5806 1746 5885 5.,Virginem,

185 5878 407 5946 reperisse
432 5896 561 5936 euut.
597 5880 683 5947 li.,
719 5878 982 5950 Virginem
1012 5896 1121 5950 qua?
1148 5881 1341 5952 peperit
1370 5878 1675 5940 secundum.

1850 4646 1999 4713 bum,
2034 4645 2252 4715 quando
2282 4658 2409 4699 caro
2440 4641 2640 4697 factum
2683 4654 2783 4710 est,
2835 4654 2888 4699 et
2929 4644 3078 4713 juxta
3129 4659 3227 4699 nos
3278 4644 3453 4697 homi-

1850 4754 1994 4805 nem,
2044 4737 2141 4793 sed
2194 4736 2341 4792 velut
2383 4736 2625 4791 alterum
2683 4744 2877 4803 praeter
2924 4736 3097 4805 ipsum
3146 4736 3452 4804 Specialiter

1851 4829 2127 4886 hominem
2170 4846 2235 4884 ex
2269 4829 2529 4895 muliere;
2561 4837 2653 4883 aut
2681 4830 2804 4899 quis
2845 4828 2976 4882 dicit
3003 4838 3054 4882 et
3084 4843 3179 4897 pro
3208 4844 3265 4882 se
3289 4827 3451 4881 obtu-

1850 4922 1979 4979 lisse
2006 4924 2358 4993 semetipsum
2388 4921 2716 4977 oblationem
2745 4931 2801 4975 et
2830 4936 2934 4975 non
2970 4922 3145 4990 potius
3174 4938 3268 4991 pro
3296 4923 3452 4977 nobis

1851 5016 2004 5081 solis,
2072 5031 2181 5069 non
2250 5016 2393 5071 enim
2461 5015 2613 5084 eguit
2674 5013 2949 5069 oblatione
3018 5015 3107 5084 qui
3174 5024 3450 5085 peccatum

1850 5108 2073 5165 omnino
2113 5108 2371 5174 nescivit;
2402 5107 2692 5163 anathema
2722 5107 2813 5163 sit.

1926 5222 2017 5279 XI.
2061 5220 2118 5279 Si
2149 5224 2267 5291 quis
2309 5238 2414 5278 non
2458 5224 2752 5278 conlitetur
2783 5236 3000 5277 carnem
3036 5220 3247 5278 Domini
3280 5225 3452 5278 viviti-

1852 5320 2104 5375 catricem
2153 5333 2275 5374 esse
2328 5327 2381 5373 et
2414 5319 2688 5389 protiriam
2741 5319 2908 5388 ipsius
2939 5318 3098 5374 Verbi
3130 5318 3223 5374 Dei
3256 5320 3449 5389 Pati-is,

1852 5420 1946 5475 sed
1978 5418 2126 5472 velut
2158 5418 2380 5473 alterius
2415 5426 2611 5487 praeter
2643 5422 2813 5485 ipsqu
2846 5415 3116 5486 conjuncti
3152 5416 3324 5470 eidem
3360 5433 3452 5485 per

1854 5511 2209 5581 dignitatem,
2251 5519 2342 5564 aut
2385 5510 2538 5579 quasi
2590 5508 2826 5564 divinam
2876 5506 3123 5561 habentis
3166 5507 3451 5561 habitatio-

1853 5620 2000 5675 nem,
2039 5614 2095 5661 et
2132 5620 2239 5662 non
2283 5606 2458 5675 potius
2502 5614 2557 5660 ut
2587 5603 2821 5659 diximus
2871 5602 3271 5657 viviticatricetn
3306 5615 3448 5669 esse,

1932 5754 1954 5783 ε
1998 5744 2161 5798 Deest
2188 5742 2275 5797 hic
2301 5756 2470 5796 canon
2504 5741 2555 5795 in
2600 5740 2665 5796 U.
2694 5748 2746 5796 et
2775 5738 2841 5795 Ο.

1929 5814 1957 5856 ά
1995 5816 2076 5877 Ex
2106 5813 2219 5884 £15.,
2248 5812 2338 5881 U.,
2373 5811 2532 5887 G..ln
2556 5812 2623 5872 Α,
2654 5822 2707 5871 et
2731 5808 2950 5883 reliquis
2983 5826 2995 5866 :
3027 5805 3455 5885 glon'ﬁcandum.
