3882 6364
429 380 535 439 139

1117 376 1498 439 COLLECTIO
1536 372 1865 437 CANONUM
1902 373 1961 431 S.
1993 369 2240 439 lSlDORl
2282 379 2549 440 HISPAL.
2593 378 2950 438 ASCRIPTA.

3591 373 3690 434 160

425 500 544 568 quia
575 498 706 553 facta
732 505 819 555 est
841 498 1054 570 propria
1098 495 1259 554 Verbi
1288 506 1480 553 cuncta
1510 496 1786 551 viviﬁcare
1819 494 2000 547 valeno
2033 497 2076 553 Α
2102 501 2266 569 ipsius
2309 502 2582 571 ριιορι-ῑιηη
2630 510 2709 553 est
2749 497 2942 552 factum
2995 508 3207 567 passum
3240 498 3359 559 est,
3409 488 3531 547 ideo
3576 491 3688 546 haec

427 594 523 661 tis;
555 594 832 650 anathema
862 593 955 649 sit.

495 712 605 784 89
642 710 752 766 XII.
794 711 849 765 Si
880 712 998 782 quis
1027 725 1131 766 non
1175 709 1460 766 conﬁtetur
1487 708 1582 763 Dei
1610 706 1842 760 Verbum
1878 719 2005 774 pas-

428 820 547 861 sum
588 822 768 869 carne,
800 807 1109 860 cruciﬁxum
1140 819 1323 872 carne,
1364 812 1419 858 et
1462 809 1688 857 m'ortem
1717 813 1879 853 carne
1908 813 2006 868 gu-

424 905 614 957 stasse.
647 896 948 967 factumque
976 897 1388 965 primogenitum
1417 908 1483 948 ex
1527 891 1773 956 mortuis,
1814 903 2008 943 sectio-

424 986 549 1043 dum
579 987 720 1057 quod
752 988 859 1041 vita
888 996 971 1041 est
1000 996 1055 1042 et
1082 986 1375 1041 viviﬁcator
1410 994 1468 1038 ut
1497 983 1670 1047 Deus;
1720 979 2005 1035 anathema

427 1077 520 1135 sit.

530 1210 647 1263 Atia
674 1209 741 1261 ad
767 1209 1001 1263 eumdem
1034 1207 1333 1263 Nestorium
1361 1207 1631 1262 decretalis
1658 1206 1898 1273 epistola.

495 1322 585 1377 Ait
628 1322 787 1393 igitur
828 1334 1010 1379 sancta
1053 1332 1107 1379 et
1152 1340 1336 1393 magna
1377 1322 1616 1395 synodus
1652 1341 1665 1377 :
1709 1324 1885 1389 Ipsum
1918 1321 2009 1392 qui

423 1420 506 1468 est
540 1423 610 1467 ex
645 1418 750 1468 Deo
785 1414 939 1468 Patre
973 1416 1284 1469 naturaliter
1313 1424 1488 1481 natus,
1527 1414 1714 1469 Filium
1766 1412 2011 1484 unigeni-

424 1512 557 1570 tum,
589 1504 756 1560 Deum
805 1521 987 1561 verum
1038 1506 1106 1561 de
1136 1506 1246 1561 Deo
1275 1522 1425 1571 vero,
1460 1508 1642 1562 lumen
1688 1506 1756 1561 de
1787 1506 2007 1571 lumine,

427 1612 524 1669 per
553 1612 710 1668 quem
747 1608 800 1654 et
830 1615 951 1654 cum
981 1613 1087 1668 quo
1114 1600 1295 1655 omnia
1327 1600 1510 1656 iecerit
1544 1600 1719 1665 Pater,
1756 1598 1896 1653 hunc
1921 1596 2013 1653 de-

425 1690 734 1757 sceo‘disse,
786 1692 1118 1746 incarnatum
1169 1706 1312 1755 esse,
1366 1703 1417 1744 et
1462 1691 1736 1745 hominem
1790 1690 2007 1752 factum,

427 1795 641 1849 passum
670 1796 809 1843 esse,
840 1782 1200 1836 resurrexisse
1231 1782 1386 1835 tertia
1412 1780 1524 1846 dic,
1554 1780 1860 1835 ascendisse
1889 1795 2010 1833 rur-

2100 592 2281 650 omnia
2308 608 2402 663 pro
2433 594 2585 647 nobis
2626 593 2740 660 ipse
2770 589 2967 643 dicitur
2994 602 3223 655 passus;
3259 586 3433 639 inerat
3457 583 3601 639 enim
3634 582 3684 638 in

2101 700 2167 741 eo
2187 700 2412 755 corpore
2441 685 2581 755 quod
2607 682 2907 752 patiebatur
2935 681 3073 736 Deus
3117 679 3204 748 qtti
3249 679 3352 744 pati
3398 691 3503 730 non
3536 683 3688 744 pota-

2100 787 2204 835 rat.
2240 778 2411 835 Simili
2448 779 2607 833 modo
2638 786 2694 832 et
2728 787 2952 831 mortem
2986 775 3151 841 ipsius
3183 773 3557 839 intelligimus,
3591 771 3689 824 im-

2100 872 2330 928 mortale
2353 871 2494 925 enim
2527 880 2581 925 et
2618 867 3022 936 incorruptibile
3047 875 3131 921 est
3164 863 3478 919 naturaliter
3500 873 3555 918 et
3583 862 3688 916 vita

2099 972 2157 1021 et
2202 964 2478 1019 viviﬁcans
2533 961 2624 1015 Dei
2676 960 2939 1025 Verbum;
2983 959 3076 1015 sed
3120 957 3238 1027 quia
3276 971 3472 1025 corpus
3522 954 3687 1023 ipsius

2100 1055 2374 1125 proprium
2413 1053 2582 1124 gratia
2609 1052 2701 1106 Dei
2724 1052 2873 1120 juxta
2907 1050 3054 1106 Pauli
3088 1063 3274 1104 vocem
3308 1061 3405 1116 pm
3433 1046 3688 1100 omnibus

2101 1159 2330 1205 mortem
2355 1148 2605 1219 gustavit,
2634 1145 2831 1200 idcirco
2857 1145 2971 1213 ipse
2995 1143 3188 1198 dicitur
3216 1152 3444 1198 mortem
3496 1152 3682 1208 passus

2101 1253 2223 1295 esse
2250 1254 2349 1309 pro
2386 1238 2559 1301 nobis,
2594 1252 2699 1291 non
2724 1236 2865 1303 quod
2914 1236 3029 1305 ipse
3055 1242 3281 1289 mortem
3310 1241 3454 1286 esset
3495 1244 3687 1299 exper-

2103 1339 2207 1397 tus,
2251 1339 2505 1400 quantum
2547 1328 2611 1383 ad
2655 1328 2820 1395 ipsius
2873 1337 3115 1381 naturam
3164 1326 3435 1393 pertinet,
3480 1321 3687 1377 insania

2103 1423 2242 1479 enim
2284 1434 2367 1477 est
2408 1421 2509 1476 hoc
2537 1421 2617 1474 vel
2665 1421 2865 1474 sentire
2915 1419 2994 1472 vel
3027 1418 3243 1482 dicere,
3294 1416 3388 1470 sed
3422 1414 3601 1483 quod,
3634 1423 3688 1466 ut

2102 1529 2264 1579 supra
2295 1514 2546 1578 diximus,
2574 1528 2698 1567 vera
2726 1526 2854 1567 caro
2877 1509 3041 1579 ipsius
3064 1519 3287 1563 mortem
3316 1510 3551 1577 gustavit
3578 1522 3589 1555 :
3620 1506 3687 1557 ita

2112 1606 2167 1651 et
2210 1605 2525 1664 resurgente
2565 1609 2758 1659 carne,
2806 1598 2973 1667 ipsius
3018 1613 3201 1652 rursus
3244 1604 3695 1657 resurrectionem

2112 1688 2359 1753 dicimus,
2396 1704 2501 1742 non
2531 1688 2652 1753 quia
2693 1689 2744 1741 in
2776 1689 3177 1758 corruptionem
3208 1692 3497 1753 ceciderat,
3532 1696 3688 1757 ausit,

2114 1780 2206 1833 sed
2238 1780 2358 1849 quia
2388 1778 2505 1849 ejus
2530 1781 2763 1835 surrexit
2794 1794 3012 1852 corpus.
3049 1781 3123 1835 Ita
3151 1792 3205 1836 et
3235 1784 3507 1838 Christum
3538 1801 3696 1840 uuam

425 1887 517 1929 sus
562 1873 615 1927 in
654 1874 838 1929 ccelos.
886 1873 1009 1928 Haec
1052 1888 1150 1931 nos
1194 1874 1345 1944 sequi
1384 1874 1547 1927 verba
1584 1872 1879 1937 debemus,
1925 1872 2009 1926 his
2040 1873 2087 1933 B
2117 1879 2171 1923 et
2212 1868 2493 1924 Dominum
2542 1872 2903 1937 conﬁtemur,
2966 1887 3071 1925 non
3123 1882 3372 1940 tanquam
3424 1874 3696 1929 hominem

427 1982 527 2026 nos
571 1968 819 2022 convenit
846 1968 1217 2036 obtemperare
1254 1967 1612 2037 dogmatibus,
1653 1964 2010 2021 consideran-

432 2068 511 2113 tes
538 2060 662 2129 quid
696 2060 766 2115 sit
794 2060 1124 2114 incarnatum
1156 2074 1277 2115 esse
1300 2069 1351 2113 et
1384 2059 1653 2113 hominem
1683 2057 1880 2112 factum
1915 2058 2007 2113 Dei

426 2146 682 2203 Verbum.
719 2149 831 2204 Non
874 2152 1012 2204 enim
1057 2149 1282 2205 dicimus
1310 2148 1451 2218 quod
1496 2148 1589 2203 Dei
1640 2158 1829 2203 natura
1878 2162 2010 2203 con-

425 2261 579 2301 versa
607 2246 693 2301 vel
726 2247 1003 2302 immutata
1052 2246 1187 2302 facta
1215 2246 1283 2301 sit
1330 2258 1479 2311 caro,
1516 2258 1614 2299 nec
1646 2244 1789 2312 quod
1844 2244 1895 2297 in
1928 2252 2010 2299 to-

428 2350 540 2397 tum
571 2342 841 2398 hominem
872 2343 962 2412 qui
991 2350 1076 2398 est
1103 2358 1168 2399 ex
1198 2344 1373 2397 anima
1399 2351 1454 2398 et
1484 2356 1712 2411 corpore
1743 2342 2011 2397 transfor-

433 2443 575 2489 mata
619 2435 720 2503 sit,
765 2435 857 2488 sed
890 2433 1018 2488 illud
1060 2433 1227 2504 magis
1270 2432 1413 2504 quod
1458 2446 1674 2487 carnem
1721 2433 2010 2487 auimatam

428 2527 606 2580 anima
637 2526 935 2579 rationabili
966 2525 1067 2579 sibi
1096 2525 1426 2593 copulaverit
1462 2522 1726 2587 Verbum;
1755 2523 2011 2577 substan-

430 2616 648 2683 tialiter,
696 2616 1038 2673 iueﬁ‘abiliter
1077 2625 1132 2671 et
1162 2614 1701 2687 irreprebensibiliter
1736 2612 1908 2668 factus
1941 2615 2013 2668 sit

428 2706 622 2775 homo,
666 2717 719 2763 ct
756 2716 1094 2777 nuncupatus
1136 2708 1204 2762 sit
1242 2708 1402 2762 etiam
1446 2708 1583 2760 ﬁlius
1614 2705 1870 2770 hominis,
1903 2720 2009 2760 non

429 2802 569 2850 nuda
623 2796 988 2851 tantummodo
1024 2797 1330 2861 voluntate,
1364 2797 1458 2852 sed
1507 2811 1605 2852 nec
1640 2797 2011 2867 assumptione

430 2887 542 2942 sola
574 2900 855 2955 personae,
893 2887 987 2942 sed
1018 2887 1158 2957 quod
1189 2887 1418 2941 diversae
1446 2886 1663 2956 quidem
1711 2896 1913 2940 naturae
1960 2889 2011 2941 in

429 2992 588 3033 unum
636 2978 1019 3044 convenerint;
1050 2992 1185 3033 unus
1218 2990 1391 3033 tamen
1423 2994 1488 3033 ex
1518 2979 1775 3033 ambabus
1805 2989 1829 3015 ιι
1856 2978 2013 3033 Citri-

424 3079 539 3126 stus
575 3078 628 3125 et
664 3069 849 3137 Filius,
896 3087 1000 3125 non
1032 3081 1287 3127 evacuata
1321 3081 1413 3125 aut
1452 3072 1661 3126 sublata
1693 3071 2010 3127 diversitate

427 3173 739 3217 naturarum
772 3177 869 3231 per
898 3162 1333 3232 conjunctioues,
1372 3162 1466 3216 sed
1495 3163 1619 3231 quia
1664 3162 1826 3216 simul
1856 3164 2011 3217 nobis

2114 1974 2235 2015 cum
2270 1959 2447 2015 Verbo
2476 1962 2847 2024 coadorantes,
2882 1978 2950 2014 ne
2979 1964 3259 2021 divisionis
3301 1966 3548 2033 quaedam
3581 1980 3703 2031 stre-

2113 2050 2223 2106 cies
2254 2051 2555 2116 inducatur,
2582 2050 2675 2105 sed
2706 2067 2867 2105 unum
2892 2052 3000 2119 jam
3033 2066 3086 2108 et
3110 2056 3355 2109 eumdem
3380 2057 3696 2121 adorantes;

2111 2146 2235 2215 quia
2264 2160 2371 2199 non
2392 2151 2475 2199 est
2504 2144 2734 2200 alienum
2768 2161 2795 2198 a
2825 2145 2999 2201 Verbo
3018 2161 3212 2216 corpus
3237 2164 3413 2213 suum,
3444 2165 3567 2206 cum
3599 2168 3700 2221 quo

2114 2233 2217 2303 ipsi
2262 2234 2420 2289 etiam
2469 2236 2673 2290 assidet
2706 2237 2871 2292 Patri.
2926 2238 3031 2293 Nec
3060 2239 3161 2293 hoc
3188 2238 3259 2292 ita
3294 2240 3521 2296 dicimus
3551 2244 3701 2313 quasi

2115 2328 2325 2382 duobus
2369 2329 2491 2383 ﬁliis
2522 2328 2899 2397 assidentibus,
2947 2333 3041 2387 sed
3092 2347 3199 2388 uno
3242 2350 3364 2389 cum
3394 2350 3557 2391 carne
3611 2352 3703 2407 per

2116 2422 2401 2488 unitatem,
2451 2423 2571 2491 quia
2609 2435 2630 2462 ο
2661 2426 2706 2478 si
2742 2426 2898 2479 talem
2941 2427 3338 2496 copulationem
3373 2429 3564 2483 iactam
3611 2445 3705 2499 per

2118 2518 2495 2581 substantiam,
2526 2525 2618 2572 aut
2659 2520 2805 2588 quasi
2854 2520 3243 2589 impasszbilcm
3295 2533 3386 2577 aut
3414 2526 3568 2593 quasi
3613 2539 3706 2594 pa-

2116 2625 2235 2665 rum
2280 2610 2530 2664 decoram
2565 2610 2897 2666 uoluerimus
2924 2614 3189 2680 accipere,
3240 2616 3291 2667 in
3336 2615 3384 2669 id
3420 2616 3705 2671 incidimus

2116 2713 2173 2757 ut
2198 2698 2333 2758 duos
2364 2703 2502 2757 ﬁlios
2530 2718 2650 2759 esse
2676 2704 3188 2762 dicamus.Necessc
3215 2720 3299 2763 est
3327 2712 3471 2763 enim
3500 2711 3708 2765 disci-r-

2117 2810 2244 2851 nere
2288 2806 2342 2851 et
2386 2797 2589 2855 dicere,
2626 2796 2895 2851 hominem
2945 2801 3231 2867 separatim
3275 2800 3439 2853 fuisse
3466 2804 3581 2854 sola
3616 2802 3705 2855 ﬁlii

2118 2889 2475 2957 appellatione
2502 2888 2847 2955 honoratum,
2878 2898 2933 2943 et
2962 2906 3149 2945 rursus
3182 2890 3413 2945 Verbum
3454 2893 3600 2962 quod
3629 2903 3710 2947 cst

2118 2993 2182 3034 ex
2212 2979 2321 3034 Deo
2349 2988 2403 3033 et
2432 2981 2645 3034 nomine
2673 2989 2728 3034 ct
2754 2981 2977 3035 veritate
3010 2980 3174 3036 Filius
3212 2983 3328 3047 Der,
3362 2983 3455 3035 scd
3506 2981 3710 3037 discer-

2118 3085 2248 3126 nere
2300 3072 2352 3124 in
2400 3071 2534 3125 duos
2588 3070 2725 3125 ﬁlios
2771 3086 2875 3125 non
2925 3070 3181 3127 debemus
3225 3088 3386 3126 unum
3423 3072 3709 3126 Dominum

2120 3174 2361 3217 nostrum
2392 3162 2574 3217 Jesum
2617 3161 2920 3226 Christum,
2981 3178 3157 3233 neque
3213 3165 3356 3218 enim
3408 3164 3460 3218 id
3493 3166 3711 3233 adjuvat

429 3254 725 3311 eﬂ'ecerunt
752 3270 913 3309 unum
945 3256 1107 3309 Deum
1140 3263 1193 3309 et
1214 3251 1485 3309 Christum
1516 3262 1571 3307 et
1599 3252 1815 3320 Filium,
1849 3253 1901 3307 id
1930 3263 2013 3308 est
2042 3243 2087 3307 C
2119 3250 2143 3290 ἀ
2168 3265 2367 3307 rectam
2400 3253 2518 3308 ﬁdei
2551 3254 2833 3321 rationem,
2868 3255 2992 3309 licet
3023 3256 3264 3309 nonnulli
3307 3256 3709 3325 copulationem

427 3344 677 3400 divinitas
718 3353 771 3399 et
815 3346 1115 3400 immanitas
1151 3360 1247 3413 per
1287 3359 1539 3400 arcanam
1582 3344 1724 3399 illam
1768 3344 2009 3399 inell'abi-

427 3436 639 3506 lemque
667 3436 1056 3507 c0pulationem
1084 3436 1150 3491 ad
1181 3438 1458 3496 unitatem.
1494 3436 1673 3505 Itaque
1701 3438 1745 3492 is
1768 3436 1859 3507 qui
1884 3444 2010 3493 ante

426 3529 623 3584 stccula
663 3528 841 3582 omnia
870 3537 955 3584 est
1002 3540 1155 3585 natus
1198 3544 1262 3585 ex
1294 3530 1453 3585 Patre
1481 3532 1644 3584 etiam
1688 3544 1755 3585 ex
1786 3530 2010 3585 muliere

427 3620 710 3675 carnaliter
734 3620 932 3676 dicitur
964 3630 1297 3691 procreatus,
1328 3636 1433 3677 non
1475 3622 1597 3691 quia
1632 3620 1809 3676 divina
1843 3622 2011 3691 ipsius

429 3719 619 3765 natura
664 3711 731 3765 de
775 3721 983 3767 sacrata
1016 3711 1234 3782 Virgine
1284 3713 1513 3779 sumpsit
1558 3712 1857 3778 exordium,
1910 3726 2010 3768 nec

414 3803 574 3874 quod
608 3812 825 3872 pmpter
870 3818 928 3858 se
978 3802 1146 3871 ipsam
1190 3818 1324 3871 onus
1358 3802 1541 3857 habuit
1578 3802 1816 3857 secundo
1862 3801 2007 3859 nasci

434 3903 555 3964 post
599 3894 744 3948 illam
778 3894 1103 3947 nativitatem
1146 3908 1305 3962 quam
1339 3893 1567 3948 habebat
1595 3908 1661 3948 ex
1698 3894 1850 3948 Patre
1882 3910 1893 3945 :
1926 3902 2009 3947 est

432 3990 576 4041 enim
622 3989 857 4055 ineptum
902 3995 952 4041 et
1005 3986 1227 4040 stultum
1275 3986 1375 4041 hoc
1423 3986 1627 4051 dicere,
1654 3986 1795 4056 quod
1843 3986 1888 4039 is
1916 3986 2009 4055 qui

430 4092 558 4138 ante
585 4084 759 4136 omnia
791 4080 988 4138 szccula
1014 4092 1094 4137 est
1124 4081 1587 4152 consempiternus
1619 4084 1761 4138 Patri
1814 4097 2011 4138 secun-

432 4174 515 4228 dae
543 4175 903 4244 generationis
940 4171 1147 4242 eguerit
1179 4182 1234 4228 ut
1270 4188 1390 4228 esse
1432 4174 1723 4244 inciperet;
1758 4173 1852 4229 scd
1884 4174 2009 4243 quia

430 4276 648 4339 propter
696 4275 934 4321 nostram
994 4265 1221 4321 salutem
1279 4275 1523 4320 naturam
1589 4264 1690 4321 sibi
1745 4264 2011 4334 copulavit

430 4361 716 4415 humanam
766 4371 819 4415 et
866 4358 1125 4429 processit
1169 4373 1234 4413 cx
1282 4358 1521 4423 muliere,
1572 4357 1773 4413 idcirco
1817 4356 2013 4411 dicitur

432 4461 589 4507 natus
619 4466 738 4506 esse
764 4452 1071 4506 carnaliter.
1103 4450 1285 4522 Neque
1311 4450 1452 4505 enim
1484 4450 1717 4520 primum
1748 4457 1903 4503 natus
1928 4454 2012 4503 est

434 4543 596 4597 homo
622 4544 919 4596 communis
956 4542 1023 4597 de
1066 4551 1248 4595 sancta
1278 4540 1512 4611 Virgine,
1554 4550 1611 4594 et
1651 4547 1763 4593 tum
1792 4538 2007 4594 demum

2117 3344 2299 3400 nescio
2320 3361 2475 3414 quam
2504 3347 2817 3413 perhibeant
2847 3362 3219 3417 personarum.
3252 3347 3364 3402 Non
3396 3349 3533 3403 dixit
3566 3351 3713 3406 enim

2115 3435 2389 3506 Scriptura
2433 3436 2661 3492 Verbum
2707 3438 2799 3493 Dei
2849 3448 3133 3507 personam
3182 3440 3282 3494 sibi
3335 3441 3573 3496 hominis
3622 3456 3713 3498 as-

2115 3530 2427 3600 sumpsisse,
2459 3530 2555 3584 sed
2598 3545 2813 3585 carnem
2863 3531 3058 3587 factum
3106 3547 3225 3588 esse
3259 3550 3274 3587 :
3304 3533 3355 3587 id
3405 3545 3591 3589 autem
3632 3545 3714 3589 est

2116 3624 2405 3679 ostendere
2434 3624 2665 3678 Verbum
2704 3624 2796 3678 Dei
2827 3625 3074 3680 similiter
3102 3640 3165 3679 ac
3196 3638 3292 3679 nos
3325 3627 3712 3694 participatnm

2119 3721 2369 3774 habuisse
2419 3718 2595 3772 carnis
2643 3727 2697 3770 et
2748 3717 3053 3785 sanguinis,
3111 3726 3165 3770 et
3213 3732 3408 3784 corpus
3459 3729 3712 3773 nostrum

2117 3811 2330 3881 praprie
2356 3824 2510 3863 suum
2556 3806 2764 3870 fecisse,
2812 3815 2868 3860 et
2900 3805 3167 3860 hominem
3201 3822 3266 3862 ex
3315 3808 3548 3864 muliere
3583 3826 3711 3877 pro-

2115 3905 2371 3963 cessisse,
2409 3913 2511 3953 non
2543 3898 2749 3965 abjccta
2782 3912 2880 3951 nec
2918 3897 3159 3964 deposita
3190 3898 3389 3953 deitato
3419 3910 3512 3953 aut
3544 3916 3713 3969 gene-

2117 3991 2324 4046 ratimie
2368 3990 2455 4043 illa
2486 4003 2647 4056 quam
2698 3988 2929 4043 habebat
2974 4002 3040 4042 ex
3072 3989 3263 4053 l'atre;
3297 3991 3389 4044 sed
3443 3997 3713 4048 mansisse

2116 4078 2276 4136 etiam
2331 4080 2380 4133 in
2428 4078 2790 4144 assumptione
2819 4080 2995 4131 carnis
3027 4078 3191 4132 Deum
3224 4082 3367 4147 quod
3398 4092 3543 4135 erat.
3605 4083 3715 4137 lloc

2117 4172 2311 4244 ubique
2342 4182 2484 4227 recta
2534 4171 2651 4226 ﬁdei
2698 4172 2833 4225 ratio
2878 4179 3234 4239 protestatur;
3292 4170 3342 4224 in
3398 4172 3491 4225 tali
3549 4188 3715 4228 sensu

2116 4276 2331 4319 sanctos
2354 4263 2539 4318 Patres
2570 4262 2738 4317 fuisse
2768 4264 3158 4328 comperimus;
3194 4263 3313 4317 ideo
3360 4263 3437 4317 illi
3469 4280 3581 4317 non
3612 4268 3714 4319 du-

2116 4356 2355 4410 bitarunt
2392 4364 2630 4409 sanctam
2685 4351 2956 4421 Virginem
2998 4351 3179 4406 dicere
3224 4352 3569 4418 Tlteotocoo,
3608 4371 3715 4409 non

2116 4448 2239 4517 quia
2268 4446 2363 4500 Ve;
2383 4446 2431 4499 bi
2472 4452 2661 4499 natura
2692 4444 2968 4513 tleitasque
3012 4444 3067 4499 in
3094 4453 3279 4498 sancta
3308 4445 3532 4514 \‘irgine
3562 4462 3714 4500 smn-

2120 4542 2225 4609 psit
2251 4537 2550 4606 exordium,
2599 4536 2691 4591 sed
2738 4539 2875 4604 quod
2926 4552 2990 4590 ex
3028 4550 3090 4590 ea
3142 4545 3322 4590 natum
3376 4537 3449 4589 sit
3497 4554 3715 4592 sacrum

432 4632 751 4689 inhabitavit
792 4634 843 4687 in
883 4647 948 4686 eo
976 4632 1229 4695 Verbum,
1269 4603 1447 4686 sedvin
1494 4603 1607 4698 ipsa
1640 4629 1795 4683 vulva
1835 4638 2015 4684 utero-
2044 4603 2253 4687 nillud
2301 4647 2494 4701 corpus
2537 4603 2828 4684 animatum
2875 4630 3050 4685 anima
3094 4628 3413 4686 rationabili.
3450 4632 3541 4682 cui
3575 4635 3719 4682 sul.-

430 4741 534 4797 qne
566 4724 811 4795 virginali
864 4739 922 4780 se
963 4740 1084 4779 cum
1112 4739 1272 4780 carne
1308 4724 1583 4793 conjunxit
1613 4721 1638 4761 δ
1670 4730 1725 4778 et
1761 4721 2014 4778 sustinuit

430 4821 831 4893 generationem
895 4821 1161 4876 carnalem
1197 4862 1212 4886 ,
1280 4821 1457 4875 carnis
1515 4835 1626 4874 suae
1681 4820 2011 4873 nativitatem

432 4930 579 4969 suam
616 4916 836 4969 faciens.
878 4913 968 4968 Sic
1010 4914 1154 4968 illum
1186 4913 1413 4968 dicimus
1460 4921 1515 4968 et
1543 4927 1760 4982 passum
1806 4925 1930 4967 esse
1959 4922 2014 4967 et

434 5010 817 5074 resurrexisse,
871 5024 977 5063 non
1026 5008 1148 5077 quia
1199 5006 1340 5061 Deus
1372 5005 1606 5059 Verbum
1651 5006 1761 5077 90
1811 5004 1863 5059 in
1916 5018 2010 5058 sua

435 5106 619 5151 natura
651 5112 835 5164 passus
865 5098 936 5151 sit
963 5107 1052 5150 aut
1077 5096 1258 5165 plagas
1284 5104 1376 5150 aut
1402 5094 1673 5149 clavorum
1706 5093 2013 5149 transﬁxio-

434 5201 529 5241 nes
578 5196 668 5239 aut
716 5185 817 5239 alia
864 5184 1128 5248 vulnera,
1180 5186 1318 5238 Deus
1375 5199 1609 5255 namque
1660 5182 2011 5253 incorporalis

432 5289 579 5333 extra
627 5276 926 5345 passionem
972 5284 1076 5341 est,
1130 5273 1225 5329 sed
1273 5274 1396 5345 quia
1444 5287 1638 5344 corpus
1683 5272 1814 5328 illud
1864 5273 2009 5345 quod

506 5440 529 5466 ⁸
571 5432 685 5494 ΑΞ..
720 5432 778 5485 Β.
805 5431 890 5498 Β..
923 5431 1015 5495 U.,
1037 5432 1299 5487 ambobus.

508 5503 533 5539 ι’
577 5504 633 5557 il.
664 5504 751 5565 IL,
774 5520 942 5557 secum
969 5520 1174 5559 carnem
1198 5502 1480 5573 conjunxit.

508 5582 531 5612 ε
574 5576 650 5628 Ex
676 5574 862 5628 (ἐι-τιερο
889 5574 1202 5645 exemplari,
1229 5571 1484 5629 mendose
1511 5573 1654 5630 enim
1684 5571 1739 5629 in
1763 5573 2010 5630 omnibus

440 5644 745 5715 Codicibus,
770 5647 938 5717 quasi.

2118 4723 2437 4778 stantialiter
2481 4722 2772 4776 adunatum
2828 4722 2918 4775 Dei
2956 4721 3186 4774 Verbum
3238 4719 3539 4775 carnaliter
3598 4736 3719 4775 esse

2119 4825 2300 4871 natum
2349 4816 2560 4870 dicitur.
2615 4815 2741 4870 llaec
2789 4815 2948 4887 igitur
3000 4831 3096 4884 pro
3142 4817 3246 4887 91
3293 4815 3569 4871 charitate
3610 4828 3631 4853 ε
3666 4817 3717 4870 in

2115 4907 2333 4965 Christo
2363 4907 2541 4962 scribo
2572 4904 2619 4971 ί,
2645 4922 2889 4976 quaerens
2921 4916 3171 4975 tanquam
3204 4908 3451 4972 l'ratt'eni,
3486 4919 3543 4963 et
3590 4924 3720 4962 con-

2118 5010 2317 5055 testans
2344 5014 2521 5054 coram
2559 4998 2669 5053 Deo
2697 5007 2753 5053 et
2794 4999 2980 5054 electis
3023 4998 3250 5066 angelis,
3284 5009 3342 5051 ut
3371 5001 3492 5053 hzrc
3527 5002 3717 5055 nobis-

2119 5108 2243 5149 cum
2274 5101 2328 5147 et
2359 5092 2559 5148 sentias
2588 5094 2698 5163 92
2731 5091 2883 5145 simul
2913 5099 2967 5144 et
2996 5092 3188 5145 doceas
3218 5132 3230 5154 ε
3262 5102 3318 5144 ut
3349 5092 3715 5146 ecclesiarum

2120 5202 2222 5259 pax
2251 5189 2393 5242 salva
2440 5198 2704 5250 servetur,
2732 5195 2785 5240 ct
2824 5186 3122 5241 concordiae
3169 5184 3565 5255 charitatisqne
3602 5186 3717 5241 vin-

2118 5284 2297 5338 culum
2323 5279 2694 5337 iudissolubile
2724 5287 2937 5333 maneat
2964 5277 3348 5333 sacerdotibus.

2188 5418 2216 5457 ά
2252 5420 2316 5475 Τ.
2353 5421 2403 5483 1,
2431 5417 2489 5483 9,
2525 5416 2588 5472 υ.
2618 5428 2670 5471 et
2700 5415 2974 5488 G.,jtwat,

2192 5500 2216 5529 °
2256 5491 2318 5546 T.
2361 5492 2413 5551 1,
2445 5492 2499 5549 2.
2534 5504 2640 5556 pra:
2669 5485 2935 5540 chori—tate.
2967 5485 3051 5551 U.,
3085 5502 3174 5553 μετ’
3201 5486 3529 5540 choritatem.

2188 5560 2208 5599 ί
2255 5564 2332 5615 Ex
2365 5559 2553 5615 Graeco
2581 5561 2896 5628 exemplari,
2918 5573 3038 5612 cum
3068 5560 3117 5611 in
3142 5558 3388 5611 omnibus
3410 5557 3711 5615 Codicibul

2114 5634 2374 5690 mendose
2403 5634 2611 5701 legatur
2639 5647 2651 5683 :
2682 5631 2892 5700 scripto.
