3882 6340
195 335 266 398 l“
1008 311 1408 377 διιιευυιιωι
1448 306 1747 368 CONCILIA

1855 336 1887 347 -
1914 297 2533 362 οιιΑιΑιευυΜςΝδε.

3331 276 3436 338 162

194 416 3434 495 _______________________________———

1737 533 1861 608 XI

856 689 1534 786 CONCILIUM
1609 671 2693 770 CHALCEDONENSE.

190 866 589 913 ιηεεκτοιιυιι
635 860 945 905 TIIGINTA
988 853 1462 906 ενιεοοειοιωιί,
1516 846 1747 890 ΒΑΒΙΤ(

1878 844 2127 889 CONTRA
2178 843 2392 886 OMNES
2449 837 2781 893 HBRESES,
2849 832 2929 875 ΒΤ
2993 826 3256 873 ΜΔΧΧΜΒ
3321 822 3443 913 AD:

252 947 453 990 νεκςυε
497 941 840 987 κυτῑοιιεω
892 939 971 981 ΕΤ
1016 934 1384 980 υιυεροιωι
1418 895 1461 990 ,1
1487 926 1747 975 VALENTI

1855 926 1964 968 ιηο
2033 925 2291 969 εκρτιεε
2354 924 2434 965 ΕΤ
2484 918 2719 964 ΔΒΙΒΝΟ
2766 909 3188 963 ρυκευιιυυε,
3234 905 3378 949 ΒΕΔ
3413 895 3441 926 ⁵

249 1024 703 1071 οςςοιιιινιιιι.

238 1130 461 1187 Consulto
485 1127 511 1166 δ
541 1124 767 1197 piissimi
800 1131 855 1177 et
899 1118 1155 1175 amatoris
1187 1114 1389 1173 Christi
1434 1114 1729 1183 imperato-
1756 1114 1808 1174 Α
1834 1125 1954 1166 rum
1984 1124 2105 1178 qua:
2135 1113 2321 1161 sancta
2354 1116 2409 1160 et
2437 1117 2565 1158 vera
2595 1097 2847 1156 consistit
2877 1092 3233 1150 indubitatam
3272 1087 3448 1143 omni-

190 1228 245 1281 ris
264 1225 406 1279 Flavii
433 1220 673 1277 Marciani
700 1219 944 1287 perpetui
963 1212 1191 1284 Augusti
1216 1210 1305 1264 die
1328 1208 1453 1263 ldus
1476 1205 1730 1261 Octobris

186 1318 382 1390 synodus
431 1314 562 1367 facta
614 1312 665 1364 in
691 1305 1128 1365 Cnalcedonensi
1174 1304 1394 1357 civitate
1440 1296 1730 1366 metwpoli

189 1409 428 1482 provincia:
453 1406 712 1477 Bithynia:
733 1418 797 1457 ex
820 1404 1041 1456 decreto
1064 1397 1427 1465 piissimorum
1450 1402 1507 1448 et
1530 1390 1732 1446 fidelis-

186 1505 399 1561 simorum
423 1502 795 1568 imperatorum
825 1490 1186 1547 Valentiniani
1212 1498 1266 1543 et
1298 1484 1576 1550 Marciani,
1600 1497 1734 1537 con-

188 1594 472 1651 venientibus
493 1593 542 1645 io
560 1589 791 1644 ecclesia
818 1595 1019 1639 sancta:
1040 1597 1103 1638 ac
1135 1576 1562 1648 trimnphatricis
1591 1589 1735 1627 mar-

187 1689 289 1760 tyris
306 1686 589 1756 Euphemiam
609 1678 1019 1751 gloriosissimis
1042 1670 1400 1744 principibus,
1419 1668 1471 1723 id
1495 1677 1599 1731 est,
1619 1680 1735 1719 Ina-

187 1759 573 1850 gnificentissimo
598 1784 655 1829 et
684 1770 1173 1842 glorillccntissimo
1204 1763 1461 1832 magistro
1503 1759 1732 1813 militum

185 1872 455 1941 cuii-alecto
470 1883 521 1925 et
549 1866 847 1923 exconsule
868 1864 1084 1933 patritio
1104 1858 1416 1923 Anatholio,
1442 1866 1497 1911 et
1524 1852 1736 1922 magni-

189 1967 484 2020 ficentissimo
515 1971 568 2016 et
593 1958 991 2028 gloriosissimo
1022 1952 1277 2023 przel'ecto
1320 1950 1461 2005 sacri
1496 1943 1736 2016 praetorii

188 2050 465 2123 piazlectura
492 2052 752 2107 Palladio.
785 2058 838 2103 et
870 2042 1411 2115 magnificentissimo
1438 2047 1491 2093 et
1540 2035 1740 2106 glorio-

188 2150 359 2201 sissimo
389 2144 633 2213 prafecto
664 2142 815 2196 urbis
837 2139 1086 2201 Tatiano,
1113 2144 1167 2191 et
1201 2126 1740 2202 magnificentissimo

188 2249 228 2292 et
251 2238 602 2308 gloriosissimo
636 2235 896 2299 magistro
935 2228 1098 2283 divini
1132 2227 1295 2280 ollicii
1327 2219 1738 2281 Vincomalonc,

190 2326 751 2395 etniagnilicentissimo
802 2335 857 2377 et
886 2318 1280 2391 gloriosissimo
1330 2312 1529 2368 comite
1574 2306 1740 2377 largi-

191 2434 277 2476 tore
304 2422 407 2494 [U.,
429 2421 515 2483 6..
541 2416 909 2489 largitionum]
942 2412 1227 2474 Martialio,
1265 2417 1320 2462 et
1349 2404 1744 2478 gloriosissimo

1837 1200 1939 1255 bus
1969 1200 2269 1255 declarare.
2304 1194 2645 1251 Manifestum
2679 1199 2763 1245 est
2792 1190 2935 1244 enim
2962 1184 3104 1257 quod
3136 1200 3203 1238 ex
3225 1180 3446 1237 avaritia

1837 1295 1921 1349 vel
1968 1307 2112 1347 vano
2161 1291 2340 1345 studio
2388 1289 2464 1354 hi,
2497 1287 2587 1357 qui
2632 1280 3065 1354 praecedentibus
3116 1274 3448 1346 temporibus

1836 1366 2057 1463 diversa
2110 1391 2408 1453 sapueruut
2464 1389 2521 1435 et
2560 1380 2868 1433 docuerunt
2929 1372 3183 1443 pupulum
3236 1383 3333 1437 pro
3383 1380 3449 1420 eo

1837 1459 1982 1549 quod
2028 1479 2108 1532 eis
2148 1476 2405 1543 expediit,
2449 1490 2555 1528 non
2597 1478 2759 1542 prout
2800 1466 3054 1523 convenit
3097 1477 3271 1531 neque
3306 1459 3446 1529 quod

1839 1571 2039 1625 veritas
2070 1579 2163 1624 aut
2198 1570 2442 1623 doctrina
2478 1568 2693 1620 Patrum
2726 1562 2981 1631 exquirit,
3018 1557 3169 1614 multi
3200 1556 3270 1609 ad
3300 1568 3452 1608 erro-

1839 1679 1954 1720 rem
1987 1663 2193 1717 seducti
2218 1660 2364 1735 [/E.,
2386 1659 2449 1716 ll.
2469 1659 2562 1723 IL,
2592 1655 2831 1728 adducti]
2855 1664 2978 1709 sunt
3004 1669 3016 1705 :
3038 1652 3180 1705 unde
3208 1659 3451 1702 sanetam

1842 1758 2110 1828 synodum
2144 1755 2352 1809 scilicet
2381 1753 2447 1806 ad
2479 1754 2637 1807 istam
2672 1750 2787 1804 fieri
2822 1746 3211 1818 perfectionem
3252 1742 3451 1812 proha-

1842 1851 2019 1905 vimus
2054 1848 2071 1886 ί
2100 1858 2154 1902 et
2188 1847 2426 1899 laborem
2461 1844 2610 1898 vobis
2653 1840 2897 1896 arbitrati
2925 1853 3112 1893 sumus
3148 1837 3451 1903 imponere,

1843 1953 1903 1999 ut
1943 1942 2090 1997 omni
2135 1941 2339 1995 erroris
2388 1938 2618 2008 caligine
2666 1938 2903 2002 detersa,
2957 1933 3262 1986 secundum
3311 1926 3455 1997 quod

1844 2036 1958 2105 ipsa
1988 2033 2245 2087 divinitas
2294 2030 2603 2085 hominibus
2653 2045 2712 2082 se
2753 2029 2865 2081 tieri
2916 2024 3255 2079 manifestam
3286 2020 3457 2075 voluit

1844 2135 1903 2180 et
1927 2125 2150 2180 Patrum
2203 2120 2601 2176 demonstravit
2649 2118 2915 2181 doctrina,
2967 2114 3046 2167 sic
3090 2112 3223 2165 fides
3271 2121 3457 2163 nostra

1845 2231 1969 2285 qua:
2002 2231 2134 2285 pura
2166 2224 2222 2267 et
2252 2223 2443 2267 sancta
2472 2210 2719 2265 consistit
2769 2209 2821 2263 in
2856 2205 3098 2259 enutriunt
3148 2200 3456 2271 ingrediens

1846 2309 2058 2363 animas
2100 2309 2335 2376 propria:
2380 2306 2627 2360 veritatis
2672 2302 2925 2370 ell'ulgeat
2977 2300 3116 2353 luce.
3155 2297 3229 2350 De
3259 2306 3459 2349 caetero

1849 2403 2047 2456 audeat
2078 2416 2239 2454 nemo
2257 2400 2323 2453 de
2355 2397 2633 2452 nativitate
2656 2393 2865 2449 Domini
2896 2406 2946 2449 et
2966 2390 3260 2447 Salvatoris
3291 2386 3459 2444 nostri

190 2530 226 2569 ct
268 2477 773 2585 tii;gttilicettt385ittto
814 2512 1013 2565 comite
1066 2477 1488 2561 domesticorum
1541 2502 1738 2567 Sparo—
1771 2477 1817 2536 Β
1848 2492 1977 2548 .lesu
2004 2490 2207 2546 Christi
2258 2491 2413 2546 aliter
2443 2489 2721 2559 disputare
2755 2496 2950 2555 praeter
2996 2484 3141 2553 quod
3185 2479 3459 2551 apostolo-

190 2610 252 2661 cio
273 2622 310 2669 τ,
335 2620 383 2662 et
409 2606 939 2676 tiiagnilicentissimo
971 2600 1169 2655 comite
1197 2612 1376 2651 rerum
1412 2596 1742 2663 privatarum

196 2695 465 2754 Cenetbolio
492 2699 556 2761 .«1;
591 2696 856 2767 appositis
897 2694 1057 2749 etiam
1110 2707 1141 2745 e
1186 2691 1422 2760 glorioso
1454 2694 1667 2744 senatu,
1693 2681 1744 2736 id

190 2789 813 2860 est,niaguitieentissimo
869 2794 922 2839 et
971 2781 1367 2852 gloriosissimo
1420 2774 1747 2843 cxprmfecto

194 2892 235 2938 et
257 2881 518 2937 cxconsule
547 2894 599 2935 et
633 2878 855 2949 patritio
880 2874 1176 2939 Florentio,
1210 2881 1264 2925 et
1310 2866 1747 2938 magniﬁcentis-

195 2976 306 3031 simo
343 2985 391 3030 et
436 2971 835 3045 gloriosissimo
882 2966 1187 3022 exconsule
1216 2976 1269 3019 et
1318 2961 1544 3032 patricio
1588 2972 1749 3013 sena-

192 3078 300 3133 tore,
324 3077 373 3123 et
398 3060 936 3136 magmlicentissimo
969 3069 1023 3113 et
1053 3054 1451 3127 gloriosissimo
1506 3048 1750 3117 exinagi-

189 3174 275 3216 stro
298 3171 345 3217 et
370 3161 662 3217 exconsule
694 3155 924 3227 patricio
968 3150 1172 3214 Nonio,
1224 3157 1280 3202 et
1322 3141 1748 3214 magniﬁcentis-

190 3256 296 3309 tiino
318 3266 365 3310 et
392 3251 788 3327 gloriosissimo
830 3245 1159 3316 exprmfecto
1208 3252 1261 3297 et
1308 3238 1605 3294 exconsule
1652 3249 1749 3301 ra-

191 3351 312 3403 tririo
336 3348 673 3417 Protogenio,
709 3353 764 3399 et
805 3336 1343 3412 magnificentissimo
1390 3343 1444 3388 et
1470 3328 1751 3401 gloriosis-

190 3440 297 3493 timo
337 3440 654 3507 expmlecto
686 3435 864 3501 Zolio,
917 3441 973 3487 et
1000 3426 1543 3500 magniﬁcentissimo
1589 3430 1753 3488 atque

190 3531 530 3600 gloriosissimo
566 3528 897 3597 ειμι-πίθοιο
931 3520 1405 3583 urbisTheoduro,
1433 3528 1483 3572 et
1506 3514 1753 3585 magnili-

189 3624 450 3677 utilissimo
467 3619 924 3691 etgloriosissimo
938 3631 1000 3671 ex
1010 3613 1265 3684 prmfecto
1282 3609 1429 3664 urbis
1441 3611 1480 3662 Α
1492 3604 1751 3675 potionio,

188 3724 230 3767 et
244 3714 749 3784 magniﬁcentissimo
767 3717 820 3765 et
842 3704 1235 3779 gloriosissimo
1257 3707 1624 3769 esprzeposito
1646 3695 1751 3749 Ar-

190 3817 391 3873 taxerxe;
404 3805 762 3863 conveniente
780 3801 941 3857 etiam
965 3808 1153 3854 sancto
1174 3795 1403 3852 concilio
1423 3792 1584 3846 totius
1601 3788 1751 3844 orbis

187 3904 437 3954 secundum
461 3897 707 3953 divinum
729 3902 1053 3963 praeceptum
1072 3893 1125 3944 in
1142 3887 1502 3943 Chalcedonia
1531 3884 1750 3939 civitate

190 3999 495 4061 congregato,
543 3990 598 4045 id
639 3996 725 4043 est
751 3983 1039 4041 Paschasio
1082 3994 1137 4038 et
1167 3980 1434 4037 Lucensio
1477 3976 1752 4048 episcopis

190 4094 233 4136 et
252 4084 504 4139 Bouifacio
532 4081 855 4152 presbytero
881 4073 1284 4132 continentibus
1312 4072 1488 4127 locum
1519 4082 1752 4124 venera-

192 4177 289 4232 bilis
331 4188 382 4232 et
408 4180 579 4232 sancti
614 4170 1012 4242 archiepiscopi
1057 4169 1293 4239 antiquae
1315 4166 1501 4220 Romae
1530 4161 1751 4225 Leonis,

188 4280 230 4324 et
252 4272 518 4327 Anatholio
546 4278 739 4325 sancto
767 4261 1177 4333 archiepiscopo
1204 4255 1753 4327 magniﬁcentissima:

189 4361 755 4435 Constantinopolitatm
805 4373 957 4414 nova:
985 4357 1196 4423 Romae,
1247 4363 1303 4409 et
1351 4351 1572 4422 reliquis
1623 4363 1753 4403 san-

189 4458 406 4513 ctissitnis
436 4468 488 4513 et
534 4452 999 4513 reverentissimis
1046 4447 1321 4505 sexcentis
1372 4444 1589 4516 triginta
1639 4444 1755 4513 epi-

190 4550 363 4616 swpis;
391 4559 443 4604 et
470 4547 787 4603 sedentibus
826 4542 1081 4600 omnibus
1105 4551 1231 4597 ante
1271 4540 1546 4595 cancellos
1577 4536 1753 4594 sancti

189 4638 341 4694 altaris
375 4656 494 4696 cum
532 4634 1081 4711 magnificentissimis
1113 4634 1449 4705 principibus
1475 4641 1530 4687 et
1557 4630 1756 4701 glorio-

190 4730 383 4786 sissimis
412 4742 435 4769 ε
464 4744 520 4787 et
542 4730 757 4786 eximiis
782 4738 1033 4793 senatus;
1077 4726 1401 4781 adveniente
1426 4724 1588 4779 etiam
1621 4723 1753 4791 piis-

190 4824 301 4877 simo
331 4825 653 4895 imperatore
676 4824 946 4878 Marciano
964 4822 1015 4875 in
1032 4818 1340 4890 supradicta
1361 4814 1612 4889 93-91.
1631 4830 1758 4871 san-

192 4915 397 4969 Ciissiina
429 4916 673 4980 basilica,
708 4921 974 4985 praesente
1014 4915 1176 4967 etiam
1208 4910 1325 4964 zelo
1361 4910 1546 4963 divino
1576 4918 1629 4963 et
1658 4921 1754 4961 ca-

194 5006 285 5059 lore
314 5006 428 5063 fidei
475 5025 701 5065 accensa
734 5008 968 5076 piissima
1001 5015 1055 5060 et
1083 5002 1394 5058 ﬁdelissima
1448 5002 1628 5071 regina
1660 5016 1757 5055 au-

193 5112 318 5165 gusta
364 5103 668 5165 Pulcberia,
718 5108 964 5156 sanctam
1012 5098 1276 5168 synodum
1316 5096 1581 5149 allocutus
1611 5090 1753 5164 [ΑΞἾ

1852 2598 1970 2638 rum
2004 2582 2336 2652 praeconium
2378 2590 2433 2636 et
2474 2590 2841 2635 trecentorum
2871 2576 3061 2631 decem
3094 2586 3147 2627 et
3177 2584 3302 2627 octo
3329 2586 3460 2627 san-

1850 2685 2062 2732 ctorum
2098 2676 2317 2729 Patrum
2353 2688 2660 2729 consonans
2690 2672 2813 2725 huic
2858 2669 3120 2724 doctrina:
3173 2666 3461 2721 tradidisse

1852 2785 2187 2838 noscuntur,
2246 2774 2385 2827 sicut
2430 2782 2485 2826 et
2544 2767 2871 2824 sanctissimi
2925 2780 3075 2834 papa:
3126 2760 3322 2818 Leonis
3370 2760 3462 2829 qui

1850 2868 2208 2934 apOstolicum
2257 2867 2520 2937 gubernat
2567 2863 2820 2917 thronum
2854 2861 2919 2914 ad
2950 2872 3152 2914 sancta:
3183 2854 3463 2911 memoriae

1854 2958 2173 3013 Flavianum
2229 2959 2393 3026 regia:
2434 2958 2585 3010 urbis
2624 2952 3235 3023 Cunstantiuopolitana:
3292 2965 3466 3019 quon-

1853 3050 1975 3105 dam
2007 3051 2323 3119 episcopum
2355 3058 2625 3104 testantur
2667 3049 2879 3101 litterze.
2927 3044 3170 3101 ltemotis
3211 3042 3371 3114 igitur
3410 3051 3464 3098 et

1852 3146 2147 3213 amputatis
2190 3144 2383 3199 talibus
2417 3144 2732 3214 patrociniis
2773 3150 2827 3197 et
2857 3140 3195 3196 cessantibus
3221 3136 3465 3192 avaritiis

1854 3239 2032 3292 omnis
2079 3239 2283 3293 veritas
2336 3237 2715 3291 manilestetur
2750 3250 2764 3288 :
2794 3248 2892 3289 nos
2934 3233 3135 3286 etenim
3170 3230 3236 3283 ad
3264 3228 3465 3285 confir-

1855 3329 2106 3384 mandam
2168 3329 2351 3395 fidem,
2386 3344 2494 3382 non
2540 3327 2609 3381 ad
2664 3325 3055 3380 ostendendam
3108 3322 3361 3379 virtutem
3408 3330 3467 3378 et

1855 3421 2107 3490 exemplo
2148 3419 2492 3489 imperatoris
2523 3418 2863 3473 Constantini
2906 3418 3097 3472 adesse
3126 3413 3336 3487 synodo
3362 3429 3464 3469 ex-

1854 3512 2232 3583 cogitavimus,
2273 3512 2365 3565 sed
2406 3526 2474 3565 ne
2521 3512 2573 3565 in
2617 3521 2892 3579 posterum
2942 3508 3229 3563 multitudo
3281 3506 3466 3577 populi

1856 3605 2287 3660 institutionibus
2338 3604 2641 3657 inveniatur
2692 3602 3057 3666 dissentiens;
3106 3600 3258 3653 l'aciie
3319 3601 3462 3653 enim

1858 3694 2179 3765 simplicitas
2206 3694 2563 3763 quorumdam
2602 3696 2925 3747 commentis
2955 3689 3258 3761 loquacium
3293 3705 3466 3758 Usque

1860 3803 2003 3843 nunc
2046 3789 2233 3842 delusa
2274 3796 2357 3842 est
2390 3804 2403 3841 :
2435 3787 2779 3840 manifestum
2827 3784 3076 3854 quoniam
3123 3782 3461 3838 diversorum

1782 3863 1829 3927 ξ)
1859 3883 2037 3949 pravis
2084 3882 2346 3936 doctrinis
2394 3879 2682 3934 discordia:
2736 3886 2793 3934 et
2845 3878 3083 3932 haereses
3136 3884 3268 3930 ortae
3314 3885 3465 3931 sunt.

1856 3976 2023 4033 Nobis
2073 3986 2254 4032 autem
2288 3991 2453 4030 omne
2500 3974 2737 4029 studium
2786 3972 3153 4027 adlubeudum
3187 3980 3268 4026 est
3299 3984 3467 4040 popu-

1857 4073 1965 4127 lum
1999 4082 2218 4140 propter
2248 4086 2429 4124 veram
2463 4079 2518 4125 et
2565 4076 2806 4123 sanctam
2850 4066 3150 4120 doctrinam
3202 4066 3252 4117 id
3288 4066 3463 4131 ipsum

1856 4169 2182 4223 sentientem
2236 4166 2326 4219 uni
2384 4172 2549 4219 recta:
2597 4162 2871 4232 applicare
2924 4158 3200 4218 Ecclesiae.
3238 4166 3293 4211 et
3346 4156 3469 4211 ideo

1856 4274 2041 4315 Veram
2072 4260 2233 4314 iidem
2265 4257 2595 4311 catholicam
2648 4255 2812 4309 etiam
2845 4267 3123 4321 eaponere
3166 4250 3463 4305 Secundum

1860 4356 2077 4410 Patrum
2142 4352 2446 4407 doctrinam
2500 4350 2959 4405 concordantibus
3018 4344 3213 4398 animis
3271 4344 3472 4398 vestris

1859 4458 2036 4503 vestra
2087 4452 2343 4515 prOperct
2396 4442 2739 4508 reverentia,
2796 4451 2852 4495 ut
2897 4441 3130 4507 qualiter
3176 4452 3207 4490 a
3257 4436 3468 4491 Neu-na

1860 4544 2071 4615 synodo
2122 4558 2289 4612 usque
2323 4541 2374 4593 in
2427 4539 2529 4591 hoc
2580 4548 2790 4605 tempus
2825 4533 3068 4587 abscisso
3112 4546 3300 4587 errore
3344 4544 3472 4585 vera

1860 4638 1994 4691 tides
2045 4644 2129 4690 est
2178 4633 2428 4687 omnibus
2470 4632 2709 4701 cognita,
2764 4628 2843 4682 sic
2890 4636 2943 4681 et
2994 4638 3155 4689 nunc,
3191 4641 3284 4694 per
3332 4623 3473 4678 hanc

1861 4745 2104 4785 sanetam
2132 4726 2397 4797 synodum
2442 4726 2685 4792 deposita
2735 4720 2953 4785 nebula,
2987 4735 3107 4788 qrut:
3140 4719 3191 4772 in
3226 4718 3310 4771 his
3342 4734 3472 4787 pau-

1862 4826 1942 4880 cis
1981 4840 2159 4887 annis,
2196 4831 2251 4877 ut
2283 4824 2533 4890 superius
2564 4820 2824 4885 diximus,
2854 4832 2922 4870 ex
2960 4814 3223 4883 pravitate
3255 4823 3307 4867 et
3345 4828 3472 4867 ava-

1862 4917 1987 4970 ritia
2029 4916 2385 4985 quorumdam
2432 4912 2540 4966 visa
2575 4921 2658 4966 est
2709 4908 2933 4972 exoriri,
2986 4908 3030 4961 si
3086 4920 3303 4974 semper
3349 4920 3472 4960 ser-

1864 5024 2057 5065 ventur
2088 5026 2209 5078 qua:
2238 5017 2436 5062 statuta
2473 5019 2619 5072 stitit,
2654 5008 2758 5060 erit
2785 5004 3001 5072 quidem
3047 5001 3244 5056 divinae
3295 4999 3473 5071 provi-

1865 5102 2083 5165 dentize,
2116 5103 2257 5171 quod
2295 5101 2379 5169 pie
2409 5100 2525 5154 fieri
2574 5098 2841 5164 volumus,
2892 5099 2941 5148 in
2972 5095 3170 5151 δωευιει
3209 5092 3297 5167 [Τ.
3327 5095 3380 5158 1.
3410 5092 3467 5161 2,

197 5190 273 5258 U.,
299 5195 540 5269 allocuta]
571 5205 656 5250 est
681 5195 795 5250 haec
828 5210 841 5247 :
874 5192 1009 5247 Cum
1051 5192 1280 5260 primum
1316 5206 1407 5259 per
1434 5190 1747 5244 eiectionem

1866 5198 1920 5252 iit
1947 5196 2209 5269 ECCICaiil]
2241 5201 2342 5250 hoc
2370 5213 2693 5253 conservare
2722 5193 3049 5248 lirtnissime.
3089 5193 3155 5246 Et
3180 5200 3298 5258 post
3324 5193 3471 5260 regia

197 5288 240 5340 in
266 5305 471 5359 regnum
511 5300 731 5346 decreto
765 5287 859 5343 Dei
896 5284 1119 5355 profecti
1158 5298 1374 5353 sumus,
1408 5282 1550 5338 inter
1583 5291 1760 5338 tantas

198 5380 409 5447 publicas
439 5382 698 5439 utilitates
742 5378 951 5435 nullum
989 5376 1072 5433 sic
1099 5378 1270 5448 magis
1302 5392 1403 5432 nos
1436 5376 1763 5432 constrinxit

199 5475 463 5544 negotium,
491 5488 656 5545 quam
699 5482 901 5529 rectam
932 5478 987 5525 et
1013 5484 1201 5525 veram
1231 5468 1390 5523 fidem
1422 5467 1761 5524 Christiano-

256 5635 279 5662 ⁸
313 5629 422 5695 Ε..
463 5630 529 5688 E.
568 5630 625 5697 ‘5,
686 5629 820 5687 Era
884 5642 1287 5686 ccccunvtn.
1357 5627 1422 5684 Τ.
1470 5628 1519 5696 l,
1557 5626 1613 5697 εὶ,
1655 5641 1762 5682 :era

203 5709 552 5758 περιιιιιιη.
1516 5702 1525 5709 ’

261 5768 283 5808 δ
318 5773 391 5845 i'};
419 5774 479 5830 Β.
508 5775 594 5840 Β..
625 5774 695 5829 Τ.
729 5772 782 5840 i,
803 5772 869 5845 f2.
909 5771 965 5828 in
995 5772 1063 5829 Δ.
1096 5782 1151 5831 et
1180 5772 1400 5845 reliquis
1427 5788 1440 5827 :
1464 5770 1758 5828 romnlntu.

263 5841 422 5911 ΗΕ..
453 5846 515 5907 Β.
541 5845 631 5914 Β..
662 5845 756 5914 υ,,
777 5844 1043 5915 Sparatio.

1870 5293 1985 5348 haec
2034 5293 2192 5347 verba
2240 5306 2433 5345 omnes
2465 5292 2703 5359 episcoini
2757 5292 3129 5343 cluntnverunt
3159 5304 3171 5339 :
3201 5285 3473 5340 Marciano

1870 5398 2009 5440 novo
2038 5384 2397 5439 Constantino
2445 5383 2642 5436 multos
2693 5397 2891 5445 annos,
2925 5378 3079 5433 multi
3128 5375 3253 5430 anni
3306 5374 3470 5443 regis,

1868 5479 2026 5535 multi
2053 5478 2179 5534 anni
2208 5479 2409 5547 reginae
2436 5476 2884 5535 orthodoxoruin,
2919 5470 3105 5527 multis
3147 5467 3303 5526 annis
3332 5466 3476 5525 Mar-

2010 5633 2073 5688 T.
2112 5634 2159 5699 Ι,
2188 5631 2246 5696 9.,
2288 5630 2378 5695 6.,
2405 5629 2701 5686 Genetftlio.

2104 5706 2195 5764 ιι..
2230 5702 2627 5757 Gloriosim’mis
2654 5700 2829 5755 eximii
2864 5706 3090 5755 senatus.

1943 5632 1968 5673 d

1948 5715 1971 5741 θ
2017 5706 2076 5761 Β.
2104 5706 2195 5764 ιι..
2230 5706 2627 5757 Gloriosissimis
2654 5706 2829 5755 ea‘imit'
2864 5706 3090 5755 senatus.

1948 5775 1967 5817 ί
1996 5776 2108 5848 .45.,
2147 5777 2205 5833 Ε.
2242 5774 2297 5845 5,
2327 5774 2390 5831 Τ.
2430 5774 2473 5841 l,
2504 5772 2560 5839 ‘2,
2598 5772 2688 5841 υ..
2719 5771 2811 5843 0.,
2845 5769 3248 5841 properavimus.
