3870 6374
432 366 534 423 165
1132 354 1513 417 COLLECTlO
1551 348 1882 413 CANONUM
1920 350 1959 409 8

2178 345 2273 407 )Rl
2317 345 2580 405 HISPAL.
2618 345 2981 406 ASCRIPTA.
3600 348 3706 406 ωι

427 482 568 539 ciani
595 478 851 535 amatoris
873 477 1066 534 Christi
1098 490 1341 544 regnum,
1366 476 1419 530 in
1447 476 1642 529 stecula
1667 481 2005 542 permaneat:
2037 466 2089 529 Α
2117 475 2234 515 rum
2287 466 2473 515 decem
2518 469 2574 514 et
2635 466 2757 514 octo
2802 471 3109 511 sanctorum
3159 470 3223 512 ac
3268 456 3707 513 beatissimorum

428 572 571 642 digni
606 568 917 627 orthodoxa
949 568 1095 633 ﬁdei,
1148 575 1416 621 amatores
1445 564 1685 629 Christi,
1738 565 1807 616 sit
1855 559 2005 615 vobis
2111 553 2199 623 qui
2249 552 2302 607 in
2347 550 2523 605 Nic“
2570 549 2670 605 8th
2713 547 3069 605 Constantino
3099 549 3200 620 βίω
3234 551 3509 605 memoriae
3541 554 3709 612 impe-

426 669 609 738 procul
644 665 857 721 invidia.
910 664 978 719 Et
1006 671 1128 734 post
1154 664 1249 718 has
1275 677 1437 719 voces
1462 660 1642 717 Elius
1671 659 1954 715 archidiact

2180 657 2294 703 tore
2347 652 2737 701 convenerunt.
2783 644 3102 701 Continetur
3151 654 3329 700 autem
3382 654 3437 699 et
3488 654 3707 699 centum

428 735 529 815 nus
556 756 1158 828 Constantinopolitanae
1196 770 1349 811 novae
1380 756 1564 811 Romae
1591 763 1646 811 et
1671 751 1956 825 primicerit

2184 738 2491 810 inquaginta
2523 744 2833 792 sanctorum
2864 739 3089 792 Patrum
3137 735 3191 791 in
3233 736 3367 791 urbe
3393 736 3708 791 Constanti-

428 854 759 907 notariorum
788 850 922 905 dixit
948 865 963 903 :
994 848 1258 918 Quoniam
1290 860 1421 906 nutu
1448 862 1695 919 superna:
1733 848 1921 919 gratia
1951 870 1956 896 ‹

2185 830 2415 902 politam
2438 831 2715 886 decretum
2742 829 2808 884 ad
2833 830 3258 900 peremptionem
3288 830 3509 899 quidem
3533 840 3711 885 secta-

427 942 543 999 aelo
570 941 754 996 divino
783 942 1090 997 serenitatis
1116 950 1327 1006 vestrae,
1361 918 1581 1010 piissimi
1611 918 1805 1009 quibus
1832 954 1860 992 a
1891 939 1955 994 Dt

2184 938 2226 977 rn
2268 931 2395 978 tunc
2421 921 2793 992 pullulantium
2814 960 2831 987 ,
2883 919 3354 975 conﬁrmationem
3385 935 3516 976 vero
3542 918 3712 989 ipsius

423 1049 611 1091 omnes
652 1033 748 1106 [υ.
775 1034 902 1087 add.
925 1031 1191 1104 homines]
1220 1046 1407 1103 regere
1435 1045 1750 1086 concessum
1792 1041 1875 1086 est
1905 1030 2005 1084 im-
2109 1012 2137 1052 δ
2175 1014 2455 1073 “moue”
2485 1025 2643 1084 alque
2672 1013 2983 1083 εροεῑοηοω
3012 1021 3211 1068 "051m
3238 1011 3382 1068 “dei.

424 1135 699 1197 peratores
732 1165 748 1191 ,
797 1124 940 1180 circa
991 1124 1323 1179 sanctionem
1383 1129 1619 1177 vestram
1684 1129 2003 1192 congregata
2198 1126 2505 1201 Symbolum
2537 1136 2881 1201 trecentorum
2906 1127 3079 1182 decem
3110 1137 3155 1181 et
3185 1136 3299 1181 octo
3324 1136 3624 1181 sanctorum

423 1224 606 1273 sancta
656 1215 769 1271 haec
810 1222 866 1270 et
910 1228 1102 1284 magna
1150 1213 1319 1267 totius
1362 1210 1548 1266 mundi
1588 1211 1849 1282 synodus,
1880 1223 2002 1264 cum
2243 1197 2259 1201 ⁷
2362 1198 2584 1253 Patrum
2615 1200 2703 1269 qui
2738 1201 2788 1251 in
2834 1197 3068 1252 Nicwam
3096 1208 3458 1253 convenerunt.

422 1308 647 1379 plurima
675 1306 961 1362 multarum
1006 1305 1214 1361 dierum
1246 1305 1530 1359 vacatione
1577 1311 1631 1358 et
1664 1302 1841 1357 divina
1881 1298 2005 1355 dili-
2179 1287 2462 1345 Credimus
2511 1291 2563 1343 in
2604 1304 2767 1343 υηυιη
2800 1289 2964 1343 Deum
3008 1289 3219 1343 Patrem
3255 1289 3713 1357 οηιιιίμοῑεηιειηο

420 1399 600 1468 gentia
630 1412 840 1454 omnem
863 1396 1103 1467 quidem,
1132 1395 1186 1450 in
1219 1398 1493 1463 prmtcrito
1522 1393 1791 1464 quomodo
1816 1398 2003 1447 exorta
2107 1382 2344 1438 omnium
2374 1381 2662 1437 visibilium
2685 1393 2737 1437 et
2770 1381 3113 1436 invisibilium
3156 1382 3491 1438 conditorem
3512 1425 3529 1451 ,
3564 1391 3622 1460 et
3660 1383 3713 1437 in

413 1498 506 1546 est
526 1499 710 1545 contra
738 1498 936 1545 rectam
961 1496 1015 1543 et
1038 1487 1396 1543 inviolabilem
1422 1486 1737 1541 catholicam
1762 1492 2001 1539 nostram
2112 1490 2275 1529 unum
2306 1474 2585 1529 Dominum
2617 1473 2799 1530 Jesum
2832 1474 3103 1529 Christum
3130 1473 3296 1529 lilium
3324 1474 3418 1529 Dei
3450 1474 3519 1529 de
3555 1474 3716 1529 Patre

425 1579 608 1649 ﬁdem,
639 1582 805 1637 verbo
835 1580 1075 1637 veritatis
1117 1578 1439 1635 discordiam
1479 1576 1756 1647 eﬁugavit,
1787 1590 2000 1632 omnem
2105 1574 2309 1630 ηιιυωι
2329 1566 2779 1635 ιιιιῖϐθηίιυῐηίιοο
2794 1574 2879 1621 (εει
2905 1565 2973 1621 de
2999 1567 3297 1622 δυθειθηιία
3322 1566 3520 1633 Patris.
3539 1565 3711 1621 Deum

422 1673 687 1743 abigendo
732 1674 1127 1728 innovationem
1154 1689 1169 1727 :
1196 1673 1335 1729 sicut
1360 1680 1417 1728 et
1444 1676 1498 1727 in
1524 1672 1738 1742 scriptis
1769 1686 1861 1742 per
1887 1672 1950 1725 sit

2202 1656 2333 1725 Deo,
2366 1657 2543 1712 lumen
2576 1656 2644 1713 de
2671 1657 2893 1724 lumine,
2925 1657 3094 1713 Deum
3120 1673 3305 1713 verum
3331 1657 3524 1713 deDeo
3558 1672 3712 1726 vero,

418 1765 543 1836 gula
570 1780 687 1837 qua:
710 1766 1109 1836 subsequuntur
1139 1775 1252 1821 acta
1279 1765 1679 1831 demonstrant;
1710 1764 1940 1819 terminu

2184 1761 2311 1816 tum,
2343 1766 2451 1805 non
2479 1750 2675 1805 factum
2696 1790 2711 1815 ,
2746 1750 3061 1806 homousiun
3106 1750 3285 1819 Patri,
3315 1750 3417 1806 hoc
3446 1758 3534 1807 est
3566 1749 3712 1820 ejus-

416 1823 546 1911 ζετο
576 1823 871 1924 simplicem
890 1823 1097 1911 lstatuit
1127 1855 1425 1911 divinarum
1457 1855 1853 1923 Scripturarum
1893 1854 1938 1909 \i

2182 1857 2225 1895 tn
2266 1856 2386 1896 cum
2416 1842 2573 1897 Patre
2617 1843 2963 1911 substantiae,
3021 1858 3116 1913 per
3151 1858 3312 1914 quem
3349 1844 3537 1897 omnia
3570 1842 3710 1897 facta

417 1956 530 2003 tute
576 1945 861 2014 munitum,
888 1957 946 2003 et
968 1957 1277 2004 sanctorum
1332 1964 1396 2003 ac
1437 1948 1869 2005 beatissimorum
1901 1946 1945 2002 Pl

2182 1940 2225 1986 tt
2255 1946 2374 2002 qua
2400 1933 2453 1985 in
2481 1932 2619 1987 coelo
2646 1940 2703 1987 et
2732 1948 2848 2003 quae
2874 1934 2929 1987 in
2956 1942 3123 2002 terra,
3156 1934 3248 2004 qui
3274 1942 3494 2004 propter
3524 1948 3628 1989 nos
3658 1942 3710 1989 et

418 2047 555 2095 trum
610 2039 665 2092 in
720 2037 896 2107 ipsum
953 2053 1278 2095 conservans
1333 2040 1656 2095 sententiam
1705 2039 1771 2095 ad
1817 2053 1997 2095 νει-,ιιι
2102 2034 2321 2093 propter
2368 2034 2605 2078 nostram
2635 2024 2861 2078 salutem
2920 2023 3232 2092 descendit,
3290 2033 3347 2080 et
3391 2026 3709 2079 incarnatus

415 2128 743 2199 agnitionem
772 2131 862 2201 qui
893 2130 1105 2186 sincere
1154 2130 1458 2201 requirunt.
1508 2131 1768 2202 bongteva
1818 2139 1939 2186 aute

2178 2154 2202 2181 ,,
2234 2116 2397 2170 homo
2426 2117 2597 2170 factus
2620 2129 2811 2185 passus
2840 2127 2953 2181 est,
2978 2126 3032 2172 et
3058 2118 3356 2172 resurrexit
3386 2115 3547 2172 tertia
3580 2115 3706 2182 die,

413 2235 607 2277 corona
639 2223 806 2278 νειμ-ί
852 2222 1061 2293 imperii
1091 2239 1104 2279 ε
1142 2231 1198 2278 οι
1238 2224 1411 2279 habeo
1450 2223 1625 2293 ipsum
1678 2237 1790 2293 pm
1821 2221 1994 2277 mani.
2097 2213 2147 2260 el
2175 2205 2416 2261 ascendit
2440 2206 2493 2260 in
2520 2212 2722 2272 caelos;
2746 2207 2873 2262 inde
2895 2217 3151 2262 venturus
3174 2218 3256 2264 est
3271 2208 3517 2277 judicare
3549 2208 3706 2262 vivos

412 2312 531 2380 bus,
568 2321 622 2369 et
650 2313 696 2369 si
723 2312 936 2369 videtur
986 2315 1135 2370 nutui
1186 2325 1379 2371 vestra:
1427 2315 1772 2384 serenitatis,
1820 2315 1940 2386 perll

2180 2312 2460 2355 mortuos:
2493 2310 2547 2356 et
2577 2301 2629 2354 in
2659 2300 2918 2371 Spiritum
2951 2300 3363 2381 sanctumJ-Zos
3394 2311 3577 2357 autem
3609 2302 3705 2371 qui

394 2417 556 2475 gain.
638 2404 917 2460 Piissimus
965 2413 1021 2459 ct
1068 2404 1412 2461 ﬁdelissimus
1478 2405 1771 2477 imperator
1820 2406 1991 2465 dixit:
2049 2410 2052 2412 ‘
2097 2393 2324 2449 dicunt:
2376 2404 2493 2449 erat
2520 2395 2735 2463 Quando
2759 2409 2863 2449 non
2894 2402 3030 2460 erat.
3081 2405 3137 2451 et
3171 2402 3460 2465 antequam
3508 2408 3707 2450 nasce-

418 2498 675 2569 Pcrlcge;
704 2504 758 2553 et
787 2498 925 2553 idem
951 2497 1361 2554 archidiaconus
1390 2500 1635 2569 perlegit.
2096 2493 2247 2541 retur
2277 2499 2381 2539 non
2411 2494 2548 2549 erat,
2579 2493 2634 2540 et
2664 2486 2791 2556 quia
2835 2499 2899 2541 ex
2933 2484 3096 2541 nullis
3146 2486 3481 2543 exstantibus
3528 2488 3707 2543 factus

477 2592 670 2649 Sancta
702 2600 756 2648 ει
780 2606 967 2661 magna
1000 2591 1321 2648 universalis
1350 2587 1623 2665 synodus"
1652 2607 1771 2663 qua;
1800 2606 1983 2648 εεευη.
2093 2586 2211 2645 est,
2244 2586 2336 2631 aut
2374 2592 2439 2632 ex
2485 2579 2587 2631 alia
2629 2577 2975 2633 subsistentia
3032 2578 3113 2634 vel
3156 2579 3456 2633 substantia
3512 2579 3707 2633 dicunt

407 2685 533 2740 dum
559 2684 781 2754 gratiam
826 2681 920 2739 Dei
963 2685 1259 2741 ειάερτειο
1290 2685 1649 2754 piissimam“,
1699 2686 1993 2755 εωρεηιο-
2094 2682 2217 2727 esse
2267 2679 2357 2725 aut
2404 2670 2809 2724 cottvettibilem
2848 2670 2931 2726 vel
2980 2669 3293 2727 mutabilem
3334 2670 3533 2727 Filium
3574 2670 3700 2740 Dei,

406 2792 524 2832 rum
556 2775 906 2831 Valentiniani
937 2783 993 2830 et
1013 2774 1265 2831 Marciani
1295 2786 1639 2847 augttstorum
1669 2789 1934 2847 congrege

2095 2763 2514 2818 anathematixat
2538 2761 2796 2817 catholica
2828 2772 2885 2818 et
2918 2763 3213 2833 apostolica
3246 2763 3512 2819 Ecclesia.
3552 2783 3558 2789 -

405 2879 489 2925 est
515 2868 569 2924 in
600 2868 1093 2924 Cltalcedonensem
1141 2868 1415 2925 civitatem
1438 2910 1454 2935 ,
1485 2870 1823 2941 metropolim
1856 2885 1989 2940 pro-
2092 2855 2163 2909 Ει
2189 2857 2244 2910 id
2291 2856 2459 2922 5pm"
2490 2864 2689 2911 εεηιυηι
2717 2855 3089 2927 αυίνισκσθῖηια
3123 2865 3419 2913 “Vltimum
3446 2855 3699 2915 Ραενωη·

413 2960 591 3017 vinciat
619 2959 903 3031 Bithyniae,
936 2962 988 3015 in
1036 2960 1252 3017 basilica
1284 2970 1483 3017 sancta:
1532 2977 1594 3017 ac
1625 2961 1941 3032 triumphatr

2171 2948 2442 3004 Credimus
2489 2948 2542 3004 in
2587 2964 2751 3003 unum
2785 2948 2951 3003 Deum
2986 2949 3197 3004 Patrem
3230 2950 3659 3023 omnipotentem
3683 2991 3699 3017 ,

404 3048 481 3107 cis
508 3053 759 3121 martyris
790 3049 1120 3121 Euphemite,
1153 3051 1342 3106 statuit
1370 3068 1489 3123 quae
1528 3054 1713 3109 subter
1741 3068 1989 3125 compre-
2092 3040 2352 3096 factorem
2382 3040 2505 3096 cmli
2537 3050 2592 3097 et
2631 3050 2787 3096 terra:
2813 3082 2828 3107 ,
2859 3041 3148 3097 visibilium
3179 3040 3419 3097 omnium
3462 3052 3516 3097 et
3556 3042 3703 3097 invi-

404 3142 568 3199 hensa
595 3153 739 3199 sunt.
770 3143 1029 3198 Dominus
1068 3152 1121 3201 et
1149 3144 1396 3200 Salvator
1426 3156 1606 3202 noster
1636 3146 1794 3203 Jesua
1822 3147 1983 3203 Cltri-
2011 3183 2061 3250 ο
2091 3134 2328 3189 Sibi”an
2371 3134 2701 3190 condiwl‘em
2729 3152 2744 3190 ε
2794 3143 2849 3191 et
2900 3136 2951 3189 ίη
2999 3150 3160 3189 unum
3193 3136 3473 3191 Dominum
3504 3135 3701 3193 ιιθευιη

431 3245 443 3250 -
572 3235 600 3250 Λ
628 3236 640 3250 ι
683 3237 695 3248 ο
832 3236 885 3250 ο-.
1188 3238 1199 3249 ο
1407 3238 1431 3250 Α
1685 3239 1718 3250 ι.
1784 3239 1796 3250 ι
1876 3239 1889 3250 ι
2091 3223 2357 3250 ΡΙι-ξηι.ι..ρι
2409 3226 2570 3250 IIII"-..
2621 3225 2710 3250 “-2
2765 3225 3092 3250 -._:_-..:e.....
3186 3242 3244 3250 Α..
3301 3226 3453 3250 ﬁge..-
3505 3238 3696 3250 -.-----..

401 3245 537 3302 stus,
571 3235 696 3291 ﬁdei
724 3236 997 3304 agnitione
1023 3238 1267 3306 proprios
1296 3238 1623 3294 conﬁrmans
1666 3239 1928 3309 discipulo

2172 3224 2361 3280 ristum
2409 3226 2572 3280 ﬁlium
2621 3225 2710 3281 Dei
2765 3225 3130 3296 unigenitum,
3182 3242 3248 3282 ex
3296 3226 3456 3283 Patre
3505 3238 3699 3284 natum

401 3327 508 3383 ait:
568 3326 755 3382 Pacem
795 3342 958 3381 meam
1002 3328 1068 3382 do
1114 3329 1254 3384 vobis
1276 3371 1290 3397 ,
1342 3345 1515 3400 pacem
1562 3346 1725 3383 meum
1752 3332 1985 3399 τειεηςηο
2089 3328 2213 3375 ante
2238 3319 2417 3375 omnia
2439 3320 2654 3386 saecula,
2682 3320 2850 3377 Deum
2880 3322 2948 3377 de
2974 3322 3104 3388 Deo,
3139 3322 3317 3377 lumen
3351 3325 3419 3377 de
3452 3326 3692 3391 lumine,

400 3418 575 3486 vobis;
632 3431 687 3474 ut
737 3427 887 3475 nec't
917 3420 1026 3474 ulla
1069 3420 1191 3475 ﬁdei
1238 3420 1504 3477 dissensio
1534 3422 1671 3477 inter
1714 3424 1928 3492 proximi

2172 3428 2252 3467 um
2281 3428 2467 3469 verum
2499 3414 2564 3469 de
2600 3414 2706 3468 Deo
2737 3430 2889 3481 vero,
2932 3426 3149 3482 natum,
3184 3432 3289 3469 non
3321 3414 3548 3483 factum,
3581 3416 3700 3472 bo-

399 3508 622 3576 oriatur,
648 3507 742 3564 sed
772 3523 836 3562 ex
860 3522 1013 3576 te.qu
1038 3510 1276 3565 veritatis
1307 3510 1616 3579 praedicatio
1646 3512 1979 3567 ostendatur.
2086 3510 2331 3564 mousiou
2362 3508 2531 3577 Patri,
2569 3509 2669 3564 hoc
2699 3519 2781 3565 est
2810 3509 3052 3581 ejusdem
3077 3527 3201 3567 cum
3230 3511 3387 3567 Patre
3424 3511 3702 3567 substan-

398 3601 504 3659 Sed
534 3601 658 3671 quia
707 3615 811 3655 non
841 3600 1044 3656 desinit
1090 3603 1352 3674 malignus
1383 3603 1434 3658 in
1466 3603 1597 3674 ipsis
1636 3604 1851 3673 pietatis
1896 3619 1983 3659 se-
2086 3598 2194 3665 tite,
2236 3615 2334 3670 per
2360 3615 2518 3671 quem
2550 3601 2734 3656 omnia
2762 3600 2897 3656 facta
2940 3612 3066 3657 sunt
3090 3618 3211 3673 quae
3237 3604 3289 3658 in
3312 3604 3451 3659 crelo
3479 3614 3541 3659 et
3565 3620 3699 3676 qua:

396 3693 625 3749 minibus
648 3692 855 3747 zizanla
905 3708 1001 3750 sua
1038 3693 1298 3761 inserere,
1344 3704 1399 3749 et
1442 3696 1566 3749 novi
1599 3694 1851 3760 quiddam
1887 3695 1984 3751 ad-
2086 3691 2141 3747 in
2174 3694 2355 3759 terris,
2386 3696 2475 3763 qtti
2506 3705 2722 3765 propter
2750 3710 2848 3749 nos
2866 3706 2920 3750 et
2944 3707 3159 3765 prepter
3187 3707 3425 3752 nostram
3454 3698 3697 3757 salutem

395 3799 582 3841 versus
608 3786 884 3841 veritatem
932 3798 1146 3854 semper
1174 3786 1478 3854 excogitare
1498 3827 1516 3852 ,
1566 3786 1762 3842 idcirco
1794 3786 1980 3843 Domi-
2084 3784 2386 3853 descendit,
2409 3787 2519 3857 96
2542 3796 2597 3842 et
2625 3786 2931 3859 incarnatus
2953 3797 3036 3843 est
3065 3786 3135 3844 de
3166 3788 3369 3859 Spiritu
3401 3801 3593 3844 sancto
3622 3808 3696 3848 es

395 3890 495 3931 nus
527 3884 707 3932 noster
738 3874 974 3930 humano
1003 3875 1191 3947 generi
1234 3875 1390 3930 solite
1416 3876 1636 3945 cupiens
1661 3877 1978 3947 providere,
2086 3876 2247 3932 Maria
2298 3879 2521 3947 virgine,
2579 3879 2736 3933 honto
2781 3878 2953 3933 factus
3003 3891 3192 3948 passus
3220 3892 3305 3936 est
3358 3881 3459 3935 sub
3490 3881 3696 3939 Pontio

394 3967 691 4037 piissimum
724 3966 865 4021 hunc
895 3976 947 4022 et
975 3966 1345 4021 ﬁdelissimum
1392 3966 1769 4037 imperatorem
1810 3970 1980 4025 erexit
2083 3968 2290 4035 Pilato,
2347 3969 2586 4039 sepultus
2632 3970 2784 4024 tertia
2842 3969 2929 4025 die
2976 3971 3298 4039 resurrexit,
3350 3972 3599 4028 ascendit
3635 3976 3692 4030 in

393 4062 457 4119 ad
486 4063 678 4118 coelum
710 4062 799 4133 qui
830 4061 1064 4132 undique
1118 4062 1456 4117 sacerdotum
1506 4064 1786 4133 pontilices
1811 4065 1878 4118 ad
1918 4078 1979 4119 se
2082 4065 2282 4131 caelos,
2330 4064 2481 4119 sedet
2522 4064 2586 4116 ad
2618 4063 2892 4116 dexteram
2940 4062 3148 4131 Patris,
3184 4063 3376 4119 iterum
3422 4075 3696 4122 venturus

394 4158 743 4220 c0uv0cavit,
800 4163 859 4209 ut
908 4155 1075 4224 gratia
1128 4155 1337 4210 Domini
1388 4158 1555 4211 nostri
1605 4155 1730 4212 Jesu
1777 4155 1979 4213 Christi
2083 4157 2137 4211 in
2170 4158 2337 4226 gloria
2362 4156 2605 4225 judicare
2635 4156 2784 4209 vivos
2813 4166 2865 4211 et
2894 4168 3151 4221 mortuos,
3195 4156 3349 4226 cujus
3392 4159 3540 4227 regni
3575 4175 3694 4214 non

394 4258 718 4317 cooperante
743 4286 758 4310 ,
801 4260 1013 4301 omnem
1064 4247 1327 4302 mendacii
1361 4247 1717 4316 pestilentiam
1756 4248 1822 4301 ab
1860 4248 1979 4301 ovi-
2083 4246 2186 4303 erit
2215 4248 2334 4301 linis
2367 4264 2379 4300 :
2414 4258 2467 4300 ct
2514 4250 2563 4301 in
2600 4246 2852 4314 Spiritum
2885 4257 3124 4301 sanctum
3155 4248 3431 4302 dominum
3464 4260 3520 4303 et
3554 4250 3727 4304 t'ivio.

395 4339 491 4393 bus
542 4338 737 4393 Christi
789 4346 1096 4403 removeat,
1142 4351 1341 4405 easque
1389 4338 1626 4392 veritatis
1648 4339 1978 4409 gertninibus
2080 4341 2352 4396 ﬁcatorem
2384 4338 2506 4413 [U.,
2539 4335 2937 4413 viviﬁcantem],
2974 4355 3037 4394 ex
3073 4339 3226 4394 Patre
3261 4340 3692 4407 procedentem,

394 4431 619 4487 reﬁciat.
651 4430 802 4494 Quod
832 4436 889 4483 et
917 4429 1185 4483 communi
1216 4428 1435 4484 decreto
1467 4432 1789 4500 peregimus,
1820 4446 1975 4485 erro-
2079 4446 2196 4487 cum
2231 4412 2391 4486 Patre
2414 4442 2467 4485 et
2496 4431 2626 4486 Filio
2665 4412 2996 4484 adorandum
3026 4442 3084 4485 et
3112 4432 3553 4501 glot-ilicandunt,
3588 4437 3694 4502 qui

392 4524 467 4578 ris
488 4522 698 4591 quidem
722 4530 899 4577 sectas
925 4520 1237 4590 abjicieules
1258 4532 1311 4576 et
1338 4521 1550 4576 Patrum
1575 4533 1774 4579 rectam
1810 4524 1967 4579 ﬁdem
1998 4553 2051 4618 υ
2081 4525 2289 4579 loeutus
2327 4536 2409 4579 est
2430 4540 2526 4594 per
2580 4524 2866 4593 prophetas
2894 4542 2904 4576 :
2959 4526 3009 4577 in
3043 4540 3200 4579 unam
3238 4525 3562 4580 catholicam
3600 4536 3694 4581 at-

392 4623 751 4682 rcnovantes,
782 4623 1145 4669 trecentorum
1189 4615 1373 4670 decem
1428 4626 1481 4670 et
1503 4628 1625 4672 octo
1667 4617 1969 4687 symbolum
1999 4615 2012 4618 ⁷
2076 4634 2178 4688 que
2225 4619 2569 4687 apostolicam
2619 4618 2911 4671 Ecclesium
2949 4634 2963 4670 :
3018 4618 3342 4673 conﬁtemur
3390 4634 3556 4672 unum
3592 4621 3697 4673 lia-

392 4708 644 4761 omniltus
675 4707 1050 4776 praedicantes,
1081 4714 1136 4761 et
1166 4706 1312 4761 velut
1342 4706 1532 4761 horum
1570 4708 1677 4778 95
1718 4709 1973 4764 dontesti-
2077 4711 2265 4779 ptisma
2317 4712 2371 4765 in
2428 4708 2798 4765 remissionem
2853 4722 3195 4777 peccatorum
3227 4726 3240 4762 :
3297 4718 3694 4778 exspectamus

388 4816 481 4855 cos
509 4800 643 4855 alios
689 4812 902 4855 centum
938 4799 1315 4871 quinquaginta
1339 4798 1527 4855 Patres
1568 4801 1695 4855 huic
1736 4802 1974 4869 piissimo
2077 4802 2523 4854 resurrectionem
2551 4811 2880 4855 mortuorum
2916 4800 3187 4872 vitamque
3218 4798 3365 4873 [ᾸΞη
3399 4810 3455 4856 et
3490 4801 3692 4875 vitam]

392 4894 543 4949 titulo
572 4892 973 4949 consentientes
995 4893 1315 4955 nctavimus,
1342 4893 1429 4961 qui
1456 4902 1575 4956 post
1610 4891 1724 4947 haec
1755 4895 1804 4948 in
1840 4892 1976 4948 hanc
2078 4889 2241 4943 futuri
2274 4892 2478 4945 smculi.
2512 4894 2700 4945 Amen.

389 4986 768 5054 amplissimam
836 4986 1022 5040 urbem
1089 4984 1730 5055 Constatltinopolitattam
1779 5001 1976 5042 conve-
2148 4981 2439 5036 Suﬁecerat
2470 4982 2681 5051 quidem
2731 4984 2797 5037 ad
2852 4983 3217 5059 plenissimam
3258 4982 3475 5052 pietatis
3521 4985 3693 5058 agni-

392 5078 619 5143 nientes,
661 5077 818 5133 etiam
867 5078 966 5147 ipsi
1012 5076 1253 5133 eamdem
1308 5076 1464 5132 ﬁdem
1503 5080 1971 5151 consigllaverutlt.
2077 5072 2276 5129 tionem
2318 5086 2369 5129 et
2414 5075 2873 5130 conﬁrmationem
2903 5075 3272 5131 cautissimum
3307 5077 3409 5131 hoc
3439 5086 3500 5131 et
3529 5082 3694 5135 salu-

390 5168 681 5224 Statuimus
719 5170 879 5237 igitur
906 5168 1150 5223 ordinem
1210 5178 1264 5224 et
1312 5185 1500 5225 omnes
1552 5169 1670 5227 ﬁdei
1715 5172 1973 5227 formulas
2079 5178 2189 5222 lare
2228 5168 2421 5223 divina:
2465 5167 2646 5237 gratia:
2680 5167 3017 5235 symbolum;
3048 5168 3117 5223 de
3147 5169 3306 5224 Patre
3333 5171 3478 5224 enim
3514 5171 3695 5227 Filio-

393 5260 745 5315 custodientcs
779 5273 829 5314 et
860 5272 1093 5315 nostram
1122 5262 1281 5315 etiam
1311 5272 1547 5317 sanctam
1583 5266 1842 5335 synodum
1874 5265 1974 5319 du-
2076 5273 2179 5330 que
2203 5269 2226 5298 ο
2257 5269 2310 5315 et
2340 5261 2543 5329 Spiritu
2574 5270 2761 5313 sancto
2787 5259 3084 5314 doctrinam
3114 5260 3412 5329 perlectam
3443 5261 3647 5319 edocet
3674 5305 3691 5332 ,

388 5350 511 5405 dttm
546 5351 739 5418 Ephesi
772 5352 993 5414 laetam,
1042 5351 1195 5417 cujus
1224 5351 1441 5406 fuerunt
1471 5362 1717 5409 auctores
1746 5371 1972 5411 vcnera-
2077 5360 2129 5407 ct
2160 5352 2577 5408 incarnationem
2611 5352 2930 5408 dominicam
2981 5352 3211 5409 ﬁdeiiter
3251 5354 3693 5426 suscipientibus

390 5444 508 5497 bilis
538 5444 810 5499 memoriae
838 5442 1162 5499 Caelestinus
1206 5444 1459 5499 Romanae
1485 5448 1632 5503 urbis
1661 5458 1712 5503 et
1742 5448 1971 5519 Cyrillus
2077 5446 2399 5499 manifestat.
2443 5444 2548 5499 Sed
2580 5447 2827 5513 quoniam
2861 5445 2913 5497 ιιί
2941 5444 3028 5513 qui
3060 5445 3510 5513 praedicationem
3536 5447 3696 5503 veri-

390 5535 760 5589 Alexautlrinm
788 5536 1033 5590 ecclesia:
1062 5536 1391 5601 sacerdmcs,
1423 5548 1477 5591 ttt
1522 5539 1827 5609 praefulgent
1851 5542 1968 5610 qtli—
2079 5538 2200 5591 tatis
2229 5537 2504 5591 destruere
2538 5536 2775 5591 nituntur
2826 5538 3078 5607 quasdam
3123 5537 3354 5606 progiria‘.
3401 5536 3696 5593 hmreseos

391 5629 509 5681 dem
557 5640 717 5682 reetrc
745 5637 795 5681 ct
842 5627 1179 5692 inculpabilis
1223 5628 1343 5681 ﬁdei
1398 5630 1659 5699 expositio
1702 5644 1968 5688 lrccczttu-
2076 5638 2339 5690 novitates
2371 5634 2698 5704 parturiunt;
2753 5634 2961 5705 .,ttidam
3012 5635 3155 5690 enim
3212 5635 3536 5705 mysterium
3584 5651 3696 5708 pro

461 5770 481 5843 ξ
594 5802 606 5825 ,
635 5761 815 5843 νίψξδί
844 5762 955 5840 ideo
986 5769 1152 5815 tamen
1172 5763 1476 5843 .t'llall'ttlmllt‘
1508 5776 1560 5819 ut
1590 5784 1696 5819 nes.
2076 5772 2255 5843 ips'us.

460 5828 484 5867 ί)
522 5832 607 5897 U.,
632 5834 1018 5902 pullulantlum,
1048 5832 1266 5887 continet
1316 5850 1427 5888 vero
1459 5846 1503 5890 ct
1533 5840 1968 5907 rouﬁrutatimwm

1840 5857 1968 5895 utrm
2097 5828 2106 5843 ’
2152 5859 2169 5881 ιγ’
2208 5844 2317 5910 .13.,
2353 5842 2411 5898 Β.
2444 5842 2532 5912 IL,
2567 5841 2604 5891 ν
2655 5840 2709 5908 «5,
2742 5841 2812 5912 Τ,
2838 5842 2887 5908 Ι,
2923 5840 2976 5907 ‘2,
3008 5840 3101 5910 ιλ,
3133 5851 3177 5895 ct
3203 5838 3368 5896 Filio.
