3870 6370
186 344 268 409 165
1096 338 1497 400 ϐΠΔΞΟΟῐίωΙ
1541 336 1766 397 CONCII

1934 365 2001 383 --
2036 336 2658 399 CIIALCEDONENSE.

3380 344 3486 403 “'6

185 464 313 520 nobis
340 470 509 517 actum
556 460 765 516 divinae
805 460 1230 531 dispensationis
1278 461 1478 515 audent
1524 475 1767 517 corrum-
1796 464 1845 522 Α
1875 458 2031 515 nobis
2062 460 2264 531 absque
2295 468 2539 530 peccato,
2585 466 2711 515 ante
2759 455 2957 514 saecula
2987 457 3209 530 quidem
3236 473 3303 516 ex
3333 468 3488 531 patre

183 568 367 627 nomen
402 568 586 609 vocem
616 554 771 607 illam
791 553 964 607 divini
992 565 1174 621 partus
1196 552 1280 607 fac
1308 570 1393 606 am
1411 552 1475 607 ad
1500 554 1773 622 Virginem

185 656 443 712 detegant,
489 646 579 700 alii
623 655 1125 715 temperamentum
1167 645 1647 715 confusiouenique
1691 643 1773 699 in-

183 740 407 795 ducentes
444 746 499 793 et
540 752 711 791 uuam
761 753 886 792 esse
932 746 1177 791 naturam
1225 737 1404 792 carnis
1452 747 1506 790 et
1559 735 1773 790 deitatis

184 831 422 887 insensate
445 839 855 898 componentes
890 830 1197 900 passibllem
1239 829 1501 899 unigeniti
1534 828 1772 883 divinam

184 935 398 981 naturam
450 922 542 976 tali
586 922 921 978 confusione
970 923 1275 992 prodigiose
1328 920 1636 991 divulgant;
1692 918 1773 973 id-

183 1022 300 1074 cirCo
327 1017 407 1089 [T.
442 1019 495 1083 1,
527 1018 583 1080 9.,
619 1014 885 1088 ideoque]
930 1029 1145 1072 omnem
1194 1018 1461 1071 adversus
1495 1016 1771 1070 veritatem

182 1109 525 1180 opperiendam
558 1110 627 1162 ab
678 1112 815 1178 ipsis
868 1110 1327 1165 machinationem
1358 1108 1546 1163 volens
1584 1107 1774 1161 exclu-

180 1203 287 1257 dere
309 1212 484 1257 saneta
514 1211 569 1254 et
592 1216 799 1272 magna
830 1202 1153 1257 universalis
1182 1203 1424 1273 synodus
1447 1243 1461 1265 ,
1493 1199 1771 1264 antiquam

180 1292 586 1365 medicationem
621 1295 969 1349 immobilem
1010 1294 1234 1358 docens,
1279 1298 1466 1347 statuit
1503 1292 1771 1360 praecipue

180 1394 509 1438 trecentorum
557 1386 764 1439 decem
814 1394 869 1440 et
913 1396 1038 1440 octo
1069 1397 1380 1439 sanctorum
1438 1383 1654 1439 Patrum
1704 1383 1769 1435 li-

178 1476 279 1529 dem
324 1476 808 1530 incontaminatam
869 1492 1090 1530 manere
1128 1492 1141 1529 :
1200 1486 1255 1530 et
1302 1484 1525 1545 propter
1554 1471 1771 1543 eos-qui

178 1563 373 1634 Spiritui
420 1577 611 1621 sancto
672 1571 1070 1634 adversantur,
1122 1577 1337 1621 centum
1383 1565 1769 1635 quinquaginta

182 1658 367 1714 Patrum
398 1662 556 1729 paulo
590 1664 903 1729 posteriore
937 1671 1182 1731 tempore
1216 1662 1266 1715 in
1302 1661 1434 1715 urbe
1465 1660 1771 1713 Consumti-

182 1753 457 1822 nupolitana
514 1755 970 1810 convenientium
1038 1757 1105 1809 dc
1176 1754 1475 1810 substantia
1535 1754 1768 1823 Spiritus

1880 560 2063 606 natum
2094 553 2390 608 secundum
2440 552 2825 618 divinitatem,
2875 553 2930 609 iii
2991 555 3308 609 novissimis
3356 570 3487 611 vero

1878 641 2070 696 diebus
2095 642 2347 698 eumdem
2375 654 2598 715 propter
2624 658 2723 698 nos
2749 654 2803 700 et
2834 652 3057 715 propter
3079 653 3319 700 nostram
3348 646 3489 717 salu,—

1880 740 1989 787 tem
2008 746 2071 787 ex
2089 731 2254 787 Maria
2270 735 2479 803 virgine
2496 734 2586 790 Dei
2602 736 2866 805 genitrice
2880 736 3176 791 secundum
3197 738 3487 794 humanita-

1880 830 1988 880 tem
2019 840 2185 879 unum
2218 827 2579 900 cumdemque
2609 827 2883 884 Christum
2913 828 3111 885 Filium
3144 838 3170 867 ι
3204 830 3487 887 Dominum

1879 916 2211 985 unigenitum
2232 918 2285 972 iu
2307 919 2445 974 duas
2468 930 2689 975 naturas
2711 920 3018 988 inconfuse,
3043 922 3487 994 iminotabiliter,

1878 1009 2127 1076 indivise,
2157 1011 2592 1081 inseparabiliter
2608 1014 3077 1081 cognoscendum;
3102 1016 3155 1070 in
3172 1017 3318 1072 nullo
3335 1027 3489 1073 natu-

1877 1116 2058 1157 rarum
2076 1102 2409 1160 differentias
2423 1114 2643 1175 propter
2662 1108 2919 1163 unitatem
2935 1110 3304 1178 perimendas,
3322 1112 3489 1183 magis

1875 1204 2054 1249 autem
2079 1195 2225 1249 salva
2257 1199 2539 1268 utriusque
2567 1209 2772 1253 natura:
2801 1206 3151 1270 preprietate,
3185 1210 3239 1257 et
3287 1204 3339 1257 in
3385 1219 3489 1260 una

1876 1294 2106 1341 coeunte
2137 1302 2369 1358 persona
2400 1305 2614 1359 unoque
2660 1300 2804 1346 statu
2836 1304 3230 1361 cunctiri‘ente;
3279 1310 3388 1351 non
3437 1296 3491 1352 in

1875 1372 2085 1431 duabus
2138 1380 2386 1446 personis
2435 1382 2777 1448 partiendum
2839 1385 2922 1437 vel
2973 1383 3343 1450 dividendum,
3396 1386 3492 1443 sed

1875 1481 2043 1521 unum
2066 1469 2429 1540 eumdemque
2461 1472 2654 1527 Filium
2690 1475 3027 1545 unigenitum
3053 1476 3220 1532 Deum
3256 1479 3490 1535 Verbum

1878 1559 2161 1616 Dominum
2196 1575 2443 1621 nostrum
2476 1566 2661 1623 Jesuin
2693 1569 2973 1625 Christum
2997 1612 3011 1635 ,
3066 1572 3207 1627 sicut
3234 1572 3302 1628 ab
3331 1588 3494 1630 exor-

1874 1652 1964 1707 dio
1996 1655 2271 1725 propheta:
2302 1660 2371 1714 de
2402 1674 2470 1714 eo
2513 1670 2569 1716 et
2609 1661 2725 1731 ipse
2757 1678 2855 1717 nos
2886 1664 3124 1720 erudivit
3169 1676 3222 1720 et
3271 1665 3491 1725 Patrum

1878 1748 2037 1802 nobis
2061 1748 2281 1803 tradidit
2321 1753 2651 1822 symbolum.
2700 1754 2794 1809 llis
2840 1756 3020 1827 itaque
3060 1771 3181 1812 cum
3213 1760 3362 1815 omni
3392 1776 3493 1816 un-

180 1846 323 1898 sancti
359 1846 607 1899 traditam
650 1845 961 1899 doctiinam
993 1845 1344 1912 corroborat,
1397 1860 1557 1916 quam
1606 1844 1769 1898 etiam
1802 1840 1851 1901 B
1882 1838 2044 1909 dique
2075 1842 2376 1897 subtilitate
2412 1853 2467 1898 et
2505 1845 2784 1915 diligentia
2811 1862 2841 1901 a
2886 1849 3041 1903 nobis
3066 1851 3351 1918 ordinat-3,
3383 1862 3494 1907 sta—

181 1935 240 1989 illi
278 1937 512 1989 omnibus
544 1935 1006 2003 insinuaverunt;
1048 1951 1154 1989 non
1188 1936 1333 2005 quod
1370 1936 1422 1990 in
1459 1937 1771 2001 prsccedeu-

183 2038 301 2081 titius
326 2028 519 2097 aliquid
553 2030 784 2084 deesset
812 2028 1154 2099 adjicientes,
1187 2034 1280 2083 sed
1314 2028 1383 2083 de
1410 2028 1616 2099 Spiritu
1639 2043 1769 2083 sau-

181 2132 250 2174 (to
269 2123 567 2178 earumdem
594 2120 667 2192 |U
680 2120 1011 2193 .,eumdem]
1040 2122 1368 2177 intellectum
1392 2123 1653 2175 adversus
1675 2135 1771 2176 eos

182 2220 253 2283 qzii
269 2217 466 2271 deitatis
485 2217 607 2285 ejus
628 2218 1063 2271 dominationem
1085 2217 1331 2270 nituntur
1348 2216 1588 2269 adimere
1619 2212 1770 2268 Scri-

184 2320 427 2376 pturarum
456 2311 795 2365 testimoniis
822 2312 1033 2379 plenius
1063 2308 1473 2364 manifestantes
1502 2323 1512 2361 :
1548 2317 1771 2378 propter

184 2417 256 2454 eos
279 2418 399 2459 sane
428 2407 514 2473 qui
550 2404 983 2474 dispensationis
1029 2404 1345 2474 mysterium
1406 2411 1614 2456 tentant
1651 2415 1771 2455 cor-

184 2512 420 2565 rumpere,
451 2509 504 2553 et
535 2514 737 2568 purum
764 2498 1038 2553 hominem
1071 2512 1193 2551 esse
1220 2498 1311 2567 qui
1340 2511 1407 2550 ex
1444 2505 1630 2550 sancta
1662 2495 1770 2549 vir-

184 2595 282 2661 gine
309 2593 460 2647 llarizi
490 2604 656 2647 natus
696 2601 781 2648 est
831 2592 1176 2663 impudenter
1205 2590 1482 2660 divulgant
1504 2629 1519 2654 ,
1571 2589 1769 2644 beatis-

184 2690 279 2742 simi
306 2689 565 2759 quondam
598 2688 794 2760 Cyrilli
827 2685 1203 2742 Alexandrina:
1231 2686 1481 2740 ecclesia:
1510 2684 1770 2738 sacerdo-

184 2784 236 2832 tis
261 2783 527 2851 synodicas
558 2784 826 2850 epistoias
884 2790 990 2833 tam
1034 2777 1103 2832 ad
1146 2777 1456 2833 NeStorium
1505 2782 1665 2845 quam
1699 2774 1767 2828 ad

184 2884 375 2929 cancros
404 2890 497 2944 per
528 2877 799 2931 orientem
829 2889 1093 2944 congruas
1134 2886 1189 2927 et
1218 2874 1319 2928 sibi
1362 2875 1767 2928 consentientes

184 2966 540 3036 suscepit|U.,
595 2965 885 3038 suscipit],
941 2970 1007 3019 ait
1063 2966 1489 3021 confutationem
1550 2965 1765 3035 quidem

187 3055 481 3115 NeStoriante
533 3063 795 3115 amentia‘
821 3101 837 3125 ,
885 3059 1385 3128 interpretationem
1419 3071 1548 3112 vero
1576 3072 1764 3111 eorum

188 3150 260 3216 qui
288 3150 527 3220 religioso
574 3152 697 3205 zelo
748 3151 1000 3205 salutaris
1044 3150 1275 3220 symboli
1306 3148 1529 3219 cupiunt
1559 3149 1762 3203 intelle-

188 3249 302 3296 ctum
329 3259 342 3297 :
372 3244 568 3313 quibus
598 3245 709 3315 97
747 3254 800 3298 ct
829 3242 1113 3313 epistolam
1161 3241 1333 3296 sancti
1367 3256 1430 3297 ac
1459 3241 1761 3297 beatis'simi

188 3335 345 3403 prima:
373 3338 514 3393 sedis
544 3336 947 3407 archiepiscopi
980 3337 1178 3391 Leonis
1200 3376 1216 3403 ,
1264 3335 1518 3404 scriptam
1551 3335 1617 3390 ad
1648 3334 1767 3390 Fla-

188 3427 372 3485 vianum
424 3442 631 3487 sancite
699 3430 1096 3487 recordationis
1161 3430 1626 3498 archiepiscopum
1698 3428 1767 3484 ad

191 3525 526 3590 perimendam
578 3524 903 3597 Eutychetis
933 3527 1320 3593 malignitatem
1369 3538 1599 3593 quaeque
1652 3538 1767 3577 ma-

189 3618 261 3689 gni
300 3618 435 3675 Petri
491 3621 826 3677 confessioni
895 3620 1226 3683 concordat,
1296 3629 1350 3674 et
1422 3633 1765 3673 communem

190 3711 441 3777 quamdam
485 3714 742 3784 paginam
776 3713 1100 3769 existentem
1151 3721 1338 3767 contra
1384 3725 1477 3767 eos
1521 3711 1612 3781 qui
1657 3725 1765 3767 non

189 3813 310 3858 recte
346 3805 650 3874 glorificent
696 3805 763 3860 ad
811 3805 1280 3860 confirmationem
1311 3804 1589 3859 catholica:
1637 3804 1768 3858 reli-

190 3894 335 3963 gionis
369 3898 653 3954 evidenter
684 3897 986 3967 subiunxit.
1034 3896 1169 3950 Nam
1200 3906 1253 3951 et
1283 3910 1377 3950 eos
1408 3899 1495 3966 qui
1529 3895 1585 3950 in
1630 3894 1767 3951 duos

188 3988 304 4045 lilios
347 3992 771 4063 dispensationis
810 3993 1097 4049 dominica:
1147 3994 1461 4064 mysterium
1516 3994 1767 4051 scindere

189 4087 443 4141 moliuntur
464 4099 805 4154 exsecratur,
834 4097 888 4144 et
916 4102 1012 4144 eos
1035 4089 1124 4159 qui
1159 4089 1468 4158 passibilem
1503 4087 1765 4143 divinita-

191 4183 276 4231 tem
297 4179 548 4249 unigeuiti
581 4178 705 4235 Filii
730 4178 931 4235 audent
950 4194 1198 4236 asserere
1224 4181 1292 4235 de
1320 4180 1551 4235 concilio
1573 4196 1765 4236 sacer-

190 4265 342 4323 dotum
385 4271 630 4340 repellit,
679 4280 733 4327 et
778 4286 872 4326 eos
911 4273 1002 4342 qui
1047 4272 1099 4325 in
1150 4272 1285 4327 duas
1314 4281 1535 4327 naturas
1565 4274 1763 4329 (.‘ltriSti

192 4365 644 4429 temperamentum
677 4366 762 4418 vel
798 4364 1170 4420 confusionem
1201 4374 1645 4434 argumentantur
1667 4367 1763 4421 ad-

190 4465 420 4522 versatur,
447 4468 505 4512 et
541 4457 632 4528 qui
660 4458 937 4514 caelestem
980 4468 1075 4512 aut
1101 4460 1325 4514 alterius
1348 4460 1609 4531 cujusque
1637 4462 1763 4517 sub-

191 4549 407 4603 stantiam
448 4551 686 4606 existere
735 4551 963 4607 formam
1006 4554 1147 4608 servi
1186 4567 1343 4622 quam
1378 4569 1442 4609 es
1477 4556 1632 4610 nobis
1677 4569 1759 4609 as-

1881 1929 1981 1983 toit
2015 1942 2203 1987 sancta
2238 1942 2293 1987 et
2318 1935 2643 1992 universalis
2682 1939 2922 2009 synodus
2953 1938 3113 1994 aliam
3168 1942 3327 1998 fidem
3360 1943 3491 1999 nulli

1878 2020 2044 2079 licere
2078 2022 2343 2092 proferre,
2386 2037 2480 2081 aut
2509 2028 2772 2097 scribere,
2810 2040 2904 2085 aut
2930 2033 3117 2102 edere,
3149 2045 3241 2089 aut
3261 2049 3490 2105 sapere,

1875 2125 1967 2169 aut
2008 2116 2209 2172 docere
2262 2118 2455 2186 aliter;
2485 2119 2578 2187 qui
2608 2131 2787 2176 autem
2828 2124 3031 2179 audent
3084 2134 3175 2180 aut
3220 2140 3493 2196 exponere

1875 2206 2035 2262 aliam
2071 2208 2232 2263 fidem
2256 2248 2271 2277 ,
2309 2221 2401 2265 aut
2431 2211 2713 2280 proferre,
2768 2224 2861 2269 aut
2888 2216 3120 2283 docere,
3155 2227 3248 2271 aut
3278 2220 3493 2275 tradere

1875 2300 2017 2354 aliud
2059 2301 2365 2371 symbolum
2424 2304 2735 2360 volentibus
2782 2309 3031 2364 converti
3084 2310 3152 2365 ad
3208 2311 3491 2369 scientiam

1877 2393 2119 2448 veritatis
2150 2409 2213 2448 ex
2244 2394 2577 2464 Gentilibus,
2610 2414 2675 2453 ex
2716 2397 2922 2455 Judteis
2954 2401 3038 2456 vel
3076 2403 3346 2460 haereticis
3374 2396 3492 2474 qui-

1875 2481 2213 2556 huswnque,
2239 2487 2283 2542 si
2307 2488 2526 2558 quidem
2556 2492 2797 2565 episcOpi
2821 2505 2909 2548 aut
2931 2495 3043 2567 98
3063 2497 3245 2553 i-lerici
3267 2496 3491 2569 fuerint,

1872 2574 2081 2629 alienos
2127 2591 2250 2633 esse.
2299 2582 2588 2649 episcoitos
2635 2582 2704 2637 ab
2743 2585 3059 2655 episcopatu
3101 2596 3156 2643 et
3202 2590 3430 2646 clericos
3458 2604 3492 2647 a

1872 2666 2061 2723 clero:
2095 2670 2179 2723 sin
2209 2684 2338 2725 vero
2371 2673 2626 2729 monachi
2658 2677 2745 2731 vel
2775 2678 2897 2733 laici
2929 2679 3155 2748 fuerint,
3202 2681 3490 2739 anathema

1874 2759 2018 2817 lieri.

1874 2875 2094 2950 Regula:
2119 2880 2480 2938 ecclesiastica:
2501 2886 2758 2941 ordinata:
2781 2904 2814 2941 a
2842 2905 3004 2959 supra
3035 2890 3222 2961 scripto
3249 2891 3489 2948 concilio.

1871 2990 1913 3046 l.
1954 2991 2033 3048 De
2072 2998 2353 3051 cononibus
2398 2998 2823 3074 uniuscujusque
2848 3007 3056 3061 concilii
3104 3009 3490 3066 conservandis.

1943 3108 1988 3163 A
2011 3109 2209 3165 sanctis
2233 3110 2483 3168 l’atrtbus
2504 3114 2559 3169 in
2584 3131 2905 3189 unaquaque
2927 3120 3135 3191 synodo
3156 3136 3326 3195 usque
3348 3138 3492 3181 nunc

1793 3218 1837 3280 ρ
1874 3200 2109 3267 prolatas
2139 3203 2351 3273 regulas
2382 3214 2569 3262 tenere
2597 3209 2911 3265 statuimus.

1908 3310 1976 3365 ll.
2005 3311 2155 3379 Quod
2178 3330 2282 3395 non
2305 3327 2536 3395 oporteat
2556 3322 2824 3390 episcopos
2859 3333 2949 3379 aut
2965 3328 3213 3395 quoslibet
3235 3344 3300 3383 ea:
3318 3330 3456 3386 clero

2197 3387 2456 3461 [clericos]
2488 3387 2850 3463 per'pecu‘nius
2886 3387 3139 3454 ordinari.

1942 3495 1998 3553 Si
2024 3494 2146 3568 quis
2172 3497 2551 3570 episcOporum
2580 3518 2798 3577 accepta
2829 3509 3055 3578 pecunia
3089 3510 3490 3573 ordinationem

1870 3588 2063 3647 fecerit
2081 3600 2139 3645 et
2164 3592 2216 3645 in
2240 3596 2690 3655 nundinationem
2718 3599 3006 3657 deduxerit
3027 3606 3489 3675 inappretiabilem

1871 3690 2120 3759 gratiam,
2139 3700 2300 3763 atque
2322 3691 2653 3747 ordinaverit
2671 3692 2984 3764 episcopum
3006 3696 3121 3753 sive
3141 3700 3489 3770 clior-epico-

1871 3793 2022 3852 pum,
2044 3797 2138 3838 seu
2165 3784 2563 3856 presbyterum,
2582 3797 2676 3838 seu
2690 3784 2974 3842 diaconum
3000 3797 3094 3843 aut
3118 3803 3495 3863 quemcunque

1870 3875 2036 3929 alium
2064 3876 2156 3947 qui
2178 3888 2603 3933 connumeratur
2630 3876 2771 3934 inter
2800 3879 3027 3935 clericos
3058 3892 3147 3936 aut
3167 3894 3385 3954 accepta
3411 3899 3496 3955 pe-

1870 3966 2028 4023 cunia
2059 3971 2388 4026 ordinaverit
2416 3985 2793 4036 teconomum,
2819 3972 3162 4030 defensorem
3193 3977 3309 4032 sive
3341 3990 3491 4047 para-

1868 4062 2173 4117 monarium
2194 4078 2207 4130 ;
2226 4065 2527 4135 quicunque
2542 4080 2671 4137 ergo
2697 4066 2812 4122 lucc
2839 4069 3145 4139 tentaverit,
3166 4070 3285 4129 sive
3304 4073 3493 4129 convi-

1870 4164 1988 4210 ctus
2006 4156 2185 4223 fuerit,
2206 4156 2320 4227 ipse
2342 4158 2558 4228 quidem
2583 4160 2775 4215 subeat
2799 4160 2824 4198 δ
2847 4165 3045 4231 gradus
3062 4162 3147 4218 sui
3162 4167 3488 4235 perieulum;

1870 4258 1922 4305 et
1943 4250 2031 4321 qui
2057 4251 2137 4306 sic
2159 4252 2442 4307 ordinatur
2484 4251 2691 4307 nullum
2723 4253 2917 4310 haheat
2952 4256 3183 4312 fructum
3214 4274 3278 4314 ex
3307 4259 3494 4330 hujus-

1870 4343 2015 4397 modi
2070 4343 2472 4398 mercimOniO°
2507 4352 2563 4398 et
2610 4346 2884 4401 creatione
2932 4347 3226 4418 probrosa,
3281 4350 3375 4406 sed
3422 4350 3495 4407 sit

1869 4433 2078 4489 alienus
2108 4443 2162 4490 et
2206 4435 2482 4506 dignitatis
2509 4446 2564 4492 et
2608 4437 2989 4494 sollicitudinis
3018 4442 3135 4512 ejus
3184 4458 3342 4512 quant
3396 4460 3493 4515 per

1870 4529 2122 4597 pecunias
2162 4528 2472 4600 impetravit
2500 4548 2515 4586 :
2545 4534 2640 4586 sed
2670 4543 2721 4587 et
2756 4532 2844 4586 ille
2884 4536 2973 4602 qui
3023 4538 3075 4589 in
3111 4537 3193 4590 bis
3224 4547 3330 4592 tam
3380 4548 3493 4593 tur-

191 4640 385 4708 δωρεὴ
412 4642 730 4698 iusauieudo
781 4654 1033 4698 asserum
1077 4607 1262 4715 proc‘ul
1308 4644 1522 4716 abiicit,
1570 4657 1626 4702 et
1664 4662 1759 4703 eos
1789 4607 1845 4669 D
1871 4622 2024 4692 pibus
2052 4631 2104 4676 et
2145 4621 2527 4716 illicitislucris
2554 4622 2884 4679 intercessor
2905 4629 3187 4695 apparuit,
3222 4631 3488 4701 siquidem

192 4733 261 4800 qui
285 4732 407 4790 duas
453 4738 675 4807 quidem
708 4748 834 4795 ante
865 4740 1245 4796 adunationem
1293 4751 1513 4796 naturas
1547 4742 1762 4797 Domini

192 4825 427 4897 delirant,
459 4847 623 4887 unam
650 4848 782 4891 vero
826 4844 947 4905 post
970 4830 1356 4892 adunatiOnein
1398 4837 1718 4909 confingunt
1742 4880 1760 4909 ,

192 4920 437 4978 anathema
464 4924 613 4980 facit.

247 5013 639 5077 Consentientes
671 5022 833 5093 igitur
865 5026 1065 5080 sanctis
1104 5024 1350 5083 Patribus
1394 5042 1557 5081 unum
1609 5040 1763 5082 eum-

193 5105 387 5182 demque
435 5114 629 5171 Filium
678 5117 925 5173 conﬁteri
960 5119 1251 5175 Dominum
1298 5132 1544 5177 nostrum
1574 5122 1760 5178 Jcsum

195 5198 424 5262 Christum
478 5224 713 5265 censona
767 5226 902 5268 voce
957 5214 1164 5283 pariter
1192 5214 1523 5271 edocemur:
1580 5216 1759 5285 perfe-

194 5302 308 5352 ctum
329 5304 567 5359 eumdem
619 5304 673 5361 in
725 5306 1045 5375 divinitate,
1089 5311 1384 5380 perfectum
1425 5312 1674 5367 eumdem
1704 5314 1759 5368 in

195 5383 505 5462 humanitate,
525 5398 691 5454 Deum
708 5414 893 5455 verum
918 5410 972 5455 et
985 5401 1257 5458 hominem
1274 5419 1483 5472 verum,
1507 5404 1759 5462 eumdem

197 5492 246 5533 ει
264 5487 417 5543 anima
442 5492 685 5548 rationali
717 5506 772 5549 et
800 5509 1030 5565 corpore
1055 5540 1069 5565 ,
1100 5498 1396 5553 secundum
1418 5500 1757 5557 divinitatem

200 5576 324 5632 unius
348 5596 460 5637 cum
514 5584 671 5641 Patre
724 5596 969 5657 naturae,
1022 5591 1318 5645 secundum
1368 5592 1759 5649 humanitatem

201 5672 406 5730 cumdcm
430 5682 579 5734 unius
606 5690 816 5737 natura:
845 5682 1147 5753 nobiscum,
1185 5699 1282 5753 per
1308 5685 1488 5740 omnia
1521 5687 1757 5742 similem

258 5809 275 5885 ς
524 5807 719 5885 Fil’um
738 5811 839 5885 Dei
868 5815 1205 5885 unigenitum.

258 5873 277 5909 ι’
308 5879 373 5931 Ex
404 5878 671 5950 requa,
707 5884 771 5941 U.
799 5886 856 5941 In
890 5873 1045 5946 Aret
1074 5890 1296 5962 reliquis
1324 5908 1338 5947 :
1368 5890 1652 5962 subjaccal.

1866 4716 2095 4771 clericus
2158 4714 2350 4777 fuerit.
2381 4713 2450 4771 de
2480 4716 2699 4785 proprio
2748 4716 2964 4771 decidat
3001 4720 3209 4788 gradu;
3263 4720 3309 4776 si
3360 4738 3489 4779 vero

1866 4811 2040 4866 laicus
2066 4811 2180 4865 sive
2207 4812 2528 4879 monachus,
2562 4810 2850 4866 anathema
2881 4811 2969 4865 sit.

1866 4923 1957 4980 Ill.
2003 4925 2157 4993 Quod
2196 4941 2298 4979 non
2345 4932 2575 4993 aper-teat
2618 4924 2917 4995 episcopos,
2970 4926 3181 4981 clericos
3222 4937 3268 4981 ct
3310 4947 3482 4984 moun-

2029 4997 2152 5050 c/tos
2183 4995 2378 5065 prwdia
2407 4996 2684 5050 saecularia
2711 4998 2788 5050 uel
2823 5013 3007 5052 causas
3036 5000 3315 5068 suscipere.

1939 5109 2194 5168 Pervenit
2234 5111 2289 5166 in
2318 5122 2559 5165 sanctam
2594 5111 2884 5182 synodum,
2931 5113 3053 5182 quia
3081 5114 3147 5169 de
3182 5116 3265 5169 liis
3308 5117 3396 5188 qui
3431 5117 3483 5173 in

1866 5207 2016 5263 clero
2068 5214 2526 5261 counuinerantur
2582 5209 2801 5275 quidatn
2863 5221 3085 5277 propter
3133 5211 3303 5279 turpis
3352 5210 3479 5266 lucri

1866 5301 2089 5373 gratiam
2122 5300 2347 5353 aliorum
2378 5298 2785 5368 possessionum
2820 5301 3206 5357 conductiones
3251 5313 3303 5358 et
3347 5319 3486 5359 cau-

1866 5406 1957 5447 sas
2013 5391 2305 5446 sacculares
2345 5391 2664 5460 Suscipiant,
2698 5402 2753 5447 et
2794 5408 2854 5447 se
2894 5395 3038 5461 ipsos
3068 5397 3283 5465 quidem
3316 5413 3343 5450 a
3376 5398 3481 5453 iiii-

1866 5485 2103 5540 nistcriis
2132 5485 2333 5539 sanctis
2390 5498 2486 5554 per
2531 5485 2790 5541 desidiam
2835 5496 3122 5556 separant,
3170 5489 3237 5543 ad
3293 5490 3482 5546 domos

1866 5590 2041 5631 autem
2075 5577 2415 5633 saecularium
2468 5590 2794 5633 concurrant
2826 5591 2879 5633 ot
2926 5583 3354 5637 substantiarnni
3390 5598 3482 5639 eo-

1865 5688 1983 5727 rum
2012 5674 2430 5741 gubernatioues
2466 5674 2707 5729 avaritia:
2739 5688 2898 5729 causa
2929 5675 3241 5743 suscipiant.
3287 5678 3481 5733 Decre-

1940 5827 1959 5852 ε
1987 5812 2076 5878 U.,
2112 5816 2460 5881 mercimonio,
2493 5813 2583 5869 sed
2609 5813 2956 5869 exsecratione
2988 5818 3231 5885 probrosa
3261 5818 3323 5872 sit
3347 5819 3478 5872 alie~

1864 5906 1977 5943 nus.
