3870 6364
418 336 516 399 167

1116 329 1492 390 εοιιεοτιο
1529 329 1857 389 CANONUM
1894 326 1953 388 S.

2097 331 2262 388 )ORO
2304 329 2568 389 IIISPAL.
2609 330 2967 390 ASCRIPTA.

413 452 492 507 vit
538 449 698 521 igitur
724 452 910 505 sancta
952 452 1012 501 et
1056 458 1243 513 magna
1279 442 1513 513 synodus
1541 444 1810 500 neminem
1837 445 1990 499 dein-
2020 458 2073 516 Α
2100 446 2349 503 nasteriis
2376 488 2392 515 ,
2441 446 2781 502 decrevimus
2809 460 2984 516 neque
3025 443 3094 499 ad
3134 443 3377 500 militiam
3413 458 3589 513 neque
3615 443 3687 504 ad

411 553 539 612 ceps
568 543 781 607 borum,
821 549 923 593 noc
947 543 1057 602 est,
1089 534 1421 605 episcopum,
1452 535 1565 591 sive
1592 536 1866 599 clericum,
1897 544 1991 590 aut

412 631 730 689 monachum
775 636 800 665 ⁸
837 627 1138 683 conducere
1163 626 1531 696 possessiones
1560 640 1650 680 aut
1680 628 1906 681 miscere
1933 641 1991 682 se

409 722 749 780 smcularibus
787 718 1246 791 procurationibus
1290 733 1467 787 posse,
1501 718 1601 773 nisi
1630 720 1763 775 forte
1791 716 1883 788 qui
1914 718 1991 773 le-

411 820 564 889 gibus
616 816 683 872 ad
731 815 997 871 minorum
1026 822 1242 869 aetatum
1295 813 1487 869 tutelas
1532 813 1645 868 sive
1684 812 1992 867 curationes

406 907 800 966 inexcusabiles
852 906 1220 973 attrahuntur,
1271 914 1363 959 aut
1406 910 1489 959 cui
1537 904 1705 972 ipsius
1758 902 1991 958 civitatis

408 1003 691 1074 episcopus
718 1000 1205 1058 ecclesiasticarum
1233 1012 1411 1054 rerum
1436 994 1768 1051 commiserit
1795 996 1991 1066 guber-

410 1096 619 1163 nacula,
647 1095 731 1151 vel
759 1094 1120 1165 arpbanorum
1164 1099 1257 1145 aut
1281 1089 1560 1144 viduarum
1587 1102 1707 1157 quia
1750 1086 1989 1143 indeton-

407 1201 484 1245 ιω
528 1195 651 1243 sunt
675 1183 704 1224 1³
743 1196 834 1239 aut
863 1197 1045 1237 earum
1078 1193 1426 1251 personarum
1450 1192 1571 1248 quas
1618 1175 1855 1231 maxime
1901 1189 1989 1230 ec-

406 1279 706 1335 ciesiastico
752 1274 991 1346 indigent
1018 1274 1129 1344 99
1156 1270 1479 1328 adminiculo
1512 1281 1559 1336 ο,
1590 1277 1806 1337 propter
1833 1265 1989 1320 timo-

402 1384 518 1428 rem
552 1369 667 1425 Dei.
689 1368 742 1424 Si
768 1368 887 1437 quis
906 1378 1037 1421 vero
1060 1374 1423 1433 transgressus
1446 1360 1605 1416 fuerit
1625 1367 1823 1415 statuta
1851 1357 1986 1425 haec,

403 1460 781 1519 ecclesiasticae
805 1457 1127 1526 correptioui
1160 1454 1453 1524 subiaceat.

401 1572 489 1631 IV.
547 1571 624 1627 De
672 1570 862 1625 honore
916 1569 1176 1622 monachis
1216 1576 1523 1639 competente
1542 1576 1589 1621 et
1619 1576 1673 1621 ut
1704 1566 1876 1621 nullus
1903 1581 1987 1620 eo-

470 1660 585 1697 rum
634 1652 785 1696 tentet
831 1642 1173 1695 ecclesiastica
1228 1648 1313 1691 aut
1369 1639 1639 1693 sacularia
1703 1640 1987 1708 inquietare

469 1716 707 1784 negotia,
759 1727 848 1765 nec
890 1714 1116 1765 alienum
1158 1725 1356 1765 seruum
1398 1718 1582 1779 prater
1626 1711 1987 1763 conscientiam

473 1786 672 1838 domini
700 1786 807 1853 ejus
842 1787 1115 1853 suscipere.

468 1875 570 1941 Qui
598 1888 721 1929 vere
767 1885 818 1927 et
870 1888 1000 1942 pure
1056 1869 1349 1926 solitariam
1379 1869 1582 1941 eligunt
1628 1870 1791 1924 vitain
1840 1867 1986 1939 digni

398 1974 527 2024 sunt
554 1964 889 2020 convenienti
920 1965 1124 2017 honore
1152 1978 1166 2016 :
1195 1963 1318 2032 quia
1352 1972 1529 2018 tamen
1557 1963 1772 2031 quidam
1806 1963 1987 2017 habitu

404 2054 650 2110 monachi
681 2062 910 2116 utentes,
943 2052 1335 2107 ecclesiasticos
1365 2061 1516 2107 actus
1542 2052 1831 2122 civilesque
1859 2066 1987 2106 cono

400 2150 632 2209 turbant,
665 2147 1061 2201 circumeuntes
1094 2145 1459 2199 indillerenter
1486 2143 1727 2198 civitates
1755 2158 1854 2198 nec
1876 2157 1982 2198 non

397 2252 453 2294 et
480 2239 823 2303 monasteria,
846 2252 904 2292 se
955 2239 1097 2305 ipsos
1126 2235 1526 2305 praesumptioni
1557 2234 1788 2305 pr0prisc
1833 2250 1981 2289 com-

395 2333 743 2397 mendantes;
799 2332 994 2399 placuit
1045 2332 1312 2386 neminem
1344 2330 1446 2384 sibi
1476 2342 1566 2383 aut
1602 2328 1868 2383 azdilicare
1892 2337 1984 2383 aut

396 2425 723 2480 constituere
752 2421 893 2495 [/E.,
919 2422 1255 2495 construere]
1284 2424 1611 2479 monasteria
1640 2432 1732 2477 aut
1759 2422 1982 2477 oratorii

398 2516 613 2573 domum
663 2518 779 2571 sine
816 2516 1142 2571 conscientia
1190 2516 1355 2586 ipsius
1408 2515 1639 2569 civitatis
1692 2514 1978 2584 episcopi:

396 2622 490 2664 eos
511 2622 636 2662 vero
662 2608 749 2676 qui
782 2622 876 2677 per
912 2608 1149 2676 singulas
1181 2608 1422 2661 civitates
1461 2621 1556 2660 seu
1608 2608 1979 2675 possessiones

397 2698 451 2754 in
470 2697 805 2752 monasteriis
837 2695 1248 2766 suntsubjectos
1270 2712 1388 2752 esse
1420 2699 1722 2765 cpiscopOs,
1754 2707 1808 2750 et
1829 2699 1976 2765 quie-

400 2800 480 2845 tos
495 2787 518 2826 ἀ
538 2802 752 2858 operam
774 2789 901 2843 dare
922 2799 1079 2861 atque
1102 2790 1389 2843 observare
1406 2787 1608 2856 jejttttia
1635 2796 1690 2841 et
1709 2788 1980 2841 oraiimies

395 2880 447 2935 in
478 2880 607 2935 locis
638 2881 689 2935 itt
728 2880 919 2949 quibus
948 2880 1116 2935 semel
1146 2879 1255 2933 Deo
1285 2894 1407 2934 sese
1427 2879 1741 2934 devoverint
1770 2893 1973 2946 perma-

397 2984 609 3037 nentes,
638 2982 692 3027 et
717 2986 891 3040 neque
920 2971 1338 3036 communicare,
1381 2970 1771 3025 ecclesiasticas
1808 2983 1982 3040 neque

391 3067 676 3120 saeculares
724 3064 929 3133 aliquas
968 3072 1253 3117 attrectare
1281 3066 1522 3118 aetiones
1548 3101 1563 3128 ,
1616 3061 1979 3132 relinquentes

392 3157 606 3227 propria
652 3153 1010 3218 monasteria;
1068 3153 1169 3208 nisi
1220 3152 1359 3209 forte
1419 3153 1707 3224 jubeantur
1762 3163 2053 3242 pr0pterc

397 3256 650 3317 urgentes
696 3247 1041 3301 necessitates
1083 3245 1152 3298 ab
1194 3243 1361 3315 ipsius
1408 3244 1639 3299 civitatis
1686 3246 1975 3314 episcopo:

398 3351 454 3397 et
480 3340 747 3397 neminem
776 3353 1050 3395 servorum
1074 3338 1274 3408 suscipi
1319 3339 1371 3393 in
1410 3339 1793 3393 monasterium
1839 3348 1893 3391 ut
1914 3337 1983 3390 sit

394 3448 515 3492 eum
546 3432 624 3487 eis
663 3430 992 3498 monachus,
1044 3430 1147 3485 nisi
1177 3445 1298 3486 cum
1353 3429 1553 3484 domini
1604 3430 1806 3499 proprii
1845 3444 1977 3483 con-

394 3525 637 3582 scientia.
670 3524 1085 3578 Pra-tereuntem
1116 3536 1244 3577 vero
1298 3522 1413 3576 lucc
1448 3522 1783 3576 decrevimus
1829 3531 1977 3575 extra

394 3616 827 3672 communionem
850 3630 992 3681 esse,
1017 3629 1084 3669 ne
1110 3629 1303 3669 nomen
1328 3614 1534 3668 Domini
1559 3614 1973 3682 blasphematur:

394 3708 644 3764 convenit
674 3722 799 3762 vero
827 3708 1056 3763 civitatis
1082 3708 1334 3776 episcopo
1364 3722 1544 3762 curam
1579 3716 1634 3761 et
1661 3708 1979 3763 sollicitudi-

396 3816 519 3856 nem
551 3800 906 3856 necessariam
938 3802 1284 3855 monasteriis
1308 3801 1583 3856 exhibere.

395 3890 461 3946 γ.
495 3892 642 3957 Quod
682 3906 781 3944 non
808 3892 969 3961 ,liceat
1014 3893 1306 3960 episwpunt
1354 3893 1427 3946 vel
1456 3892 1720 3962 quemlibet
1760 3892 1977 3947 ποιενο

606 3962 669 4016 de
698 3963 803 4015 alia
830 3962 899 4015 ad
921 3962 1080 4015 aliam
1105 3963 1467 4033 transmigrare
1488 3964 1762 4017 civitatem.

466 4054 690 4125 Propter
718 4070 811 4112 eos
831 4056 1113 4127 episcOpos
1142 4056 1254 4112 sive
1280 4059 1507 4115 clericos
1550 4061 1638 4129 qui
1668 4060 1735 4115 de
1764 4061 1979 4117 civitate

393 4148 463 4205 ad
502 4148 767 4204 civitatem
818 4159 1090 4205 transeunt
1132 4150 1329 4219 placuit
1379 4152 1717 4210 delinitiones
1764 4154 1917 4209 datas
1946 4169 1976 4209 a

394 4244 592 4297 sanctis
623 4242 866 4298 Patribus
895 4244 1093 4300 habere
1134 4247 1399 4315 propriam
1433 4248 1758 4301 ﬁrmitatem.

474 4333 559 4389 Vl.
589 4334 736 4398 Quod
764 4350 865 4389 non
890 4344 1119 4405 oporteat
1139 4336 1366 4391 absolute
1386 4339 1632 4407 quoslibet
1666 4341 1903 4394 ordinare

945 4407 1043 4459 nisi
1085 4408 1137 4460 in
1188 4411 1418 4476 prapria.

2095 539 2327 593 honores
2350 539 2639 595 szcculares
2666 539 2871 605 venire,
2908 548 3003 594 aut
3030 552 3126 593 eos
3153 538 3246 607 qui
3296 536 3399 591 hoc
3426 536 3544 592 ausi
3570 537 3687 593 iue-

2092 631 2200 687 rint
2228 633 2405 687 iacere
2428 644 2483 686 et
2512 646 2618 687 non
2647 632 2761 701 ejus
2808 632 2886 687 rei
2918 631 3185 703 poenitere
3234 628 3559 697 maluerint,
3594 638 3690 686 aut

2091 722 2158 778 ad
2203 723 2303 777 hoc
2332 723 2471 779 idem
2504 733 2845 780 revertantur
2866 724 3011 795 quod
3039 733 3164 780 ante
3196 739 3303 781 non
3331 723 3552 779 obtentu
3592 721 3689 780 Dei

2092 823 2489 883 proposuerant
2515 816 2643 881 sibi,
2672 815 2956 871 anathema
2997 830 3142 871 esse.

2090 898 2222 956 Vill.
2256 901 2333 957 De
2360 902 2557 958 clericis
2578 904 2666 973 qui
2701 912 2821 957 sunt
2855 903 2909 956 in
2933 904 3151 974 ptocltiis
3182 914 3229 967 ο,
3257 902 3580 957 monasteriis
3609 908 3691 956 at-

2160 990 2255 1043 que
2283 975 2544 1046 martyriis
2570 990 2684 1044 quia
2708 976 2801 1028 sub
2828 984 3077 1045 potestate
3115 974 3473 1046 episcoporum
3502 975 3689 1029 unius-

2160 1045 2407 1115 cujusque
2433 1045 2651 1100 cit-itatis
2681 1045 2926 1100 existunt.

2161 1135 2355 1191 Clerici
2384 1138 2436 1192 in
2463 1138 2694 1205 ptochiis
2722 1147 2777 1195 et
2812 1139 2865 1193 in
2896 1139 3236 1194 monasteriis
3277 1147 3369 1193 aut
3410 1136 3688 1209 martyriis

2088 1229 2361 1283 constituti
2388 1230 2488 1284 sub
2518 1239 2783 1299 potestate
2808 1232 2915 1285 sint
2944 1230 3091 1300 ejus,
3133 1232 3222 1301 qui
3258 1232 3309 1286 in
3331 1245 3393 1286 ea
3441 1241 3523 1287 est
3553 1231 3691 1287 civi-

2090 1328 2198 1376 tate
2244 1321 2573 1392 episc0pus,
2628 1324 2928 1379 secundum
2984 1325 3329 1381 traditionem
3374 1335 3689 1381 sanctorum

2087 1411 2343 1484 Patrum,
2394 1432 2493 1472 nec
2540 1432 2633 1487 per
2674 1420 3148 1490 praesumptionem
3196 1420 3454 1476 recedant
3505 1435 3536 1475 a
3586 1434 3693 1477 suo

2088 1508 2361 1580 episcopo,
2399 1510 2434 1565 ii
2460 1526 2586 1566 vero
2618 1511 2711 1581 qui
2762 1511 2878 1566 ausi
2914 1514 3111 1567 fuerint
3137 1513 3447 1568 rescindere
3495 1511 3691 1583 hujus-

2088 1602 2233 1656 modi
2265 1602 2659 1660 ordinationem
2686 1618 3005 1675 quocunque
3046 1605 3229 1674 modo,
3280 1606 3365 1660 vel
3416 1606 3462 1659 si
3492 1604 3691 1661 nolite.

2088 1695 2487 1765 rintsubjacere
2511 1699 2731 1767 proprio
2754 1700 3028 1768 episcopo,
3045 1699 3089 1753 si
3112 1698 3327 1767 quidem
3352 1698 3551 1755 iuerint
3578 1699 3692 1755 cle-

2094 1786 2211 1856 rici,
2247 1799 2585 1857 paternarum
2630 1791 3026 1845 ordinatiouum
3058 1792 3374 1859 sobjaceant
3420 1791 3689 1846 condem-

2095 1879 2429 1945 nationibus;
2452 1882 2496 1935 si
2527 1889 2706 1936 autem
2738 1882 2987 1937 monachi
3015 1897 3109 1937 seu
3141 1881 3262 1938 laici
3290 1893 3437 1949 sunt,
3468 1897 3689 1937 excom-

2088 1970 2450 2026 municcntur.

2192 2066 2287 2121 1X.
2339 2066 2487 2131 Quod
2542 2083 2645 2121 non
2698 2078 2928 2137 oporteat
2988 2070 3196 2123 clericos
3241 2067 3583 2137 pnetermisso

2297 2142 2533 2208 episcopo
2558 2141 2623 2191 ad
2647 2139 3140 2209 swculariajudicia
3166 2155 3470 2193 commeare.

2156 2225 2212 2282 Si
2258 2228 2485 2282 clericus
2530 2230 2788 2283 adversus
2829 2232 3080 2283 clericum
3126 2229 3321 2284 habeat
3372 2227 3692 2298 negotium,

2083 2334 2191 2374 non
2220 2321 2487 2391 relinquat
2506 2337 2661 2376 suum
2682 2322 2994 2390 episc0pum
3018 2329 3071 2375 et
3093 2322 3158 2374 ad
3188 2317 3692 2387 smcttlariajudicia

2084 2422 2400 2476 concurrat;
2456 2413 2550 2465 sed
2616 2415 2847 2481 primum
2906 2413 3176 2481 negotium
3230 2411 3402 2480 ipsum
3456 2408 3695 2478 agitetur

2083 2504 2223 2573 apud
2254 2506 2564 2572 episcopum
2597 2506 2892 2573 proprium,
2944 2513 2998 2558 et
3040 2505 3132 2567 ita,
3163 2504 3206 2556 si
3238 2502 3395 2557 fuerit
3423 2499 3693 2571 judicium

2082 2596 2251 2662 ipsius
2276 2596 2519 2664 episcopi
2572 2595 2689 2665 [U.,
2726 2596 2964 2665 episcopi
2997 2591 3378 2663 contrarium],
3428 2593 3570 2660 apud
3602 2607 3694 2645 ar-

2086 2685 2252 2739 bitros
2290 2700 2355 2737 ex
2390 2697 2612 2755 utraque
2655 2698 2807 2755 parte
2856 2690 3059 2740 electos
3092 2686 3338 2739 audiatur
3369 2684 3645 2752 negotium
3674 2700 3691 2736 ;

2080 2776 2127 2829 si
2157 2777 2273 2843 quis
2303 2792 2427 2831 vero
2466 2787 2652 2832 contra
2684 2779 2799 2832 haec
2848 2778 3064 2845 fecerit,
3116 2793 3381 2833 canonum
3411 2776 3695 2847 subjiceat

2083 2872 2531 2940 correptionihus.
2590 2872 2657 2927 Et
2692 2873 2734 2927 si
2781 2874 3009 2928 clericus
3051 2873 3310 2927 adversus
3355 2886 3536 2936 suum,
3589 2884 3692 2924 seu

2083 2960 2245 3014 alium
2276 2962 2586 3030 episcopum
2632 2964 2824 3017 habeat
2864 2979 3114 3029 causam,
3162 2965 3303 3033 apud
3355 2963 3691 3017 audientiam

2082 3053 2275 3120 synodi
2308 3053 2595 3121 provinciae
2621 3052 2741 3121 ejus
2770 3065 3132 3124 conqueratur
3161 3052 3304 3124 [/E.,
3337 3049 3691 3125 inquiratur]:

2084 3144 2128 3196 si
2161 3158 2289 3198 vero
2329 3154 2518 3199 contra
2566 3146 2733 3215 ipsius
2764 3147 3058 3214 provincia:
3098 3159 3163 3199 ac
3210 3144 3689 3213 metropolitanum

2086 3236 2395 3307 episcopum
2429 3239 2713 3306 episcopus
2742 3238 2856 3291 sive
2894 3238 3126 3291 clericus
3154 3236 3344 3291 habeat
3366 3245 3690 3293 controver-

2084 3330 2257 3395 siam,
2294 3341 2480 3401 pergat
2528 3340 2621 3385 aut
2648 3331 2716 3385 ad
2759 3332 2923 3399 ipsius
2967 3332 3214 3387 dimcesis
3262 3329 3567 3400 episcopos,
3596 3339 3693 3388 aut

2082 3432 2230 3478 certe
2271 3426 2335 3477 ad
2381 3423 2984 3491 ConstantinOpolitanze
3022 3426 3184 3493 regia:
3217 3424 3450 3478 civitatis
3471 3427 3688 3491 sedem,

2082 3525 2135 3569 et
2157 3516 2227 3570 ibi
2256 3518 2528 3585 proprium
2558 3518 2830 3586 negotium
2853 3526 3177 3585 exsequatur
3202 3516 3287 3587 [Β.
3316 3516 3405 3583 [ιη
3426 3516 3691 3586 exquira-

2083 3605 2208 3679 tur].

2189 3699 2256 3754 Χ.
2292 3700 2441 3764 Quod
2489 3717 2589 3754 non
2620 3703 2766 3753 liceat
2789 3701 2978 3780 clerico
3019 3701 3073 3754 in
3111 3700 3310 3754 duabus
3347 3700 3576 3755 ecclesiis

2728 3787 3033 3826 mmssirare.

2152 3864 2265 3919 Non
2296 3865 2457 3920 licere
2487 3866 2739 3920 clericum
2784 3867 2836 3919 in
2863 3865 3105 3921 ecclesiis
3141 3865 3368 3920 duarum
3400 3864 3684 3920 civitatum

2081 3956 2314 4011 ordinari
2340 3955 2426 4028 [T.
2455 3956 2508 4020 2,
2550 3955 2911 4029 ministrare],
2938 3958 3031 4012 sed
3057 3962 3106 4011 in
3135 3972 3197 4013 ca
3222 3960 3273 4012 in
3303 3973 3404 4026 qua
3434 3956 3502 4011 ab
3527 3956 3687 4013 initio

2079 4051 2357 4105 ordinatus
2406 4060 2487 4105 est
2537 4060 2587 4103 et
2642 4052 2795 4119 cujus
2844 4054 3143 4121 expetierat
3172 4061 3298 4105 ante
3330 4052 3635 4121 perfugium
3664 4065 3683 4104 :

2080 4152 2133 4197 et
2181 4143 2224 4197 si
2258 4152 2476 4211 propter
2529 4158 2678 4197 van-.c
2707 4142 2893 4213 gloria:
2942 4143 3269 4198 desiderium
3307 4144 3457 4211 101
3494 4150 3683 4210 utpote

2078 4233 2143 4287 ad
2184 4234 2465 4288 ecclesiam
2498 4234 2756 4303 majorem
2789 4234 3124 4302 confugerit,
3162 4235 3411 4304 jubemus
3432 4247 3555 4287 eum
3585 4245 3682 4287 ec-

2077 4328 2255 4379 clesia:
2283 4329 2513 4395 prepria:
2539 4326 2766 4393 restitui,
2797 4326 2846 4379 id
2873 4336 2952 4380 est
2985 4327 3070 4381 ubi
3103 4328 3170 4379 ab
3199 4324 3422 4379 exordio
3452 4324 3681 4378 ordina-

2076 4428 2159 4473 tus
2185 4429 2307 4485 est,
2338 4429 2391 4473 et
2435 4420 2503 4472 ibi
2555 4422 2925 4473 tantummodo
2954 4423 3273 4472 ministrare.
3309 4418 3364 4471 Si
3398 4432 3524 4472 vero
3556 4418 3681 4486 quis

466 4493 737 4552 Neminem
780 4496 1020 4553 absolute
1048 4498 1298 4554 ordinare
1330 4501 1698 4571 presbyterum
1739 4504 1822 4557 Vel
1852 4503 1963 4557 dia-
2005 4512 2182 4605 Diam
2226 4512 2517 4565 translatus
2564 4520 2646 4565 est
2687 4512 2755 4565 ab
2796 4511 3017 4565 ecclesia
3064 4512 3114 4563 in
3156 4510 3315 4563 aliam
3346 4510 3632 4564 ecclesiam
3660 4547 3679 4574 .

398 4603 589 4643 mnum
622 4606 717 4645 nec
749 4592 1037 4659 quemlibet
1074 4593 1233 4646 alium
1283 4593 1334 4646 in
1362 4594 1726 4649 ecclesiastica
1755 4597 1975 4649 ordina-

398 4682 539 4734 tione
567 4682 933 4749 constitutum,
968 4682 1065 4735 nisi
1099 4681 1377 4739 manifeste
1407 4686 1460 4739 in
1492 4686 1717 4740 ecclesia
1747 4687 1975 4742 civitatis

395 4777 507 4830 sive
536 4776 886 4843 possessionis
914 4784 1004 4829 aut
1043 4778 1096 4831 in
1146 4781 1399 4848 martyrio
1426 4792 1515 4834 aut
1543 4781 1595 4834 in
1626 4783 1973 4847 monasterio,

393 4878 448 4919 et
503 4864 590 4933 qui
648 4867 918 4919 ordinatur
972 4878 1237 4922 mereatur
1288 4870 1637 4926 ordinationis
1696 4873 1977 4941 publicata:

396 4957 749 5010 vocabulum:
802 4975 892 5012 eos
948 4973 1075 5012 vero
1122 4962 1210 5029 qui
1256 4960 1501 5017 absolute
1538 4966 1853 5019 ordinantur
1878 4966 1976 5020 de-

396 5052 561 5106 cretit
608 5064 786 5107 Sancta
824 5057 1059 5123 synodus
1085 5070 1301 5111 vacuam
1350 5058 1546 5114 habere
1577 5076 1766 5116 manus
1806 5065 1977 5132 impo-

397 5148 677 5209 sitinnein,
736 5159 786 5200 et
838 5150 1034 5202 nullum
1081 5152 1193 5219 ejus
1238 5154 1340 5207 tale
1382 5154 1577 5209 iactant
1612 5156 1768 5228 100
1801 5164 1978 5216 vaiere

398 5240 460 5292 ad
493 5238 735 5317 injuriam
772 5240 936 5309 ipsius
968 5243 1054 5311 qui
1090 5258 1207 5296 eum
1244 5248 1528 5302 ordinavit.

542 5330 646 5385 V'li.
687 5330 759 5385 De
782 5334 975 5414 clericis
1004 5344 1050 5387 et
1082 5336 1340 5391 monachis
1367 5354 1474 5392 non
1519 5343 1834 5398 manentibus

913 5409 966 5458 in
1018 5422 1109 5459 suo
1166 5409 1449 5478 proposito.

468 5495 576 5552 Eos
602 5496 691 5566 qui
736 5497 902 5553 semel
932 5497 985 5553 in
1018 5500 1163 5556 clero
1192 5505 1353 5556 taxati
1385 5502 1603 5571 fuerint,
1632 5506 1745 5561 sive
1778 5507 1830 5561 in
1862 5523 1974 5564 mo.

467 5619 492 5682 ξ
523 5610 639 5679 ιεη
659 5613 1007 5682 episcOporutn
1028 5614 1130 5667 sive
1153 5615 1445 5673 clericorum
1472 5627 1562 5672 aut
1585 5621 1968 5679 monac/torum.

466 5679 492 5721 δ
519 5682 607 5750 U.,
640 5679 731 5750 GL,
761 5679 874 5755 qua:
890 5686 1239 5815 jant.de{essw
1266 5698 1405 5743 sunt.

470 5766 491 5792 ε
526 5754 600 5808 Ex
633 5754 693 5809 U.
728 5758 784 5811 lu
811 5757 890 5815 Ἀ.
934 5766 986 5815 et
1031 5771 1086 5815 re
1112 5756 1248 5815 iouis
1276 5775 1291 5813 :
1324 5776 1405 5815 ecc

470 5766 491 5792 ε
728 5754 784 5811 lu
811 5754 899 5815 Ἀρ
934 5766 986 5815 et
1013 5754 1248 5827 reliquis
1276 5775 1291 5813 :
1324 5762 1719 5820 ecclesiasticum
1746 5765 1974 5834 indigent

393 5824 777 5883 adininirulmu.
1147 5824 1163 5827 ⁷
1858 5824 1868 5837 ⁸

2081 4604 2212 4657 nihil
2244 4604 2433 4657 habeat
2463 4618 2749 4659 commune
2793 4620 2912 4659 cum
2951 4605 3125 4673 priore
3152 4603 3399 4667 ecclesia,
3432 4602 3546 4656 siVe
3567 4602 3677 4656 sub

2080 4694 2301 4749 ecclesia
2325 4696 2623 4749 constitutis
2650 4697 2916 4764 martyriis
2944 4700 3056 4748 sive
3084 4696 3309 4764 ploclJis
3330 4695 3407 4748 vel
3434 4693 3679 4747 xenodo-

2079 4786 2213 4839 cbiis
2243 4796 2331 4839 aut
2360 4801 2544 4840 eorum
2578 4787 2823 4857 negotiis.
2863 4790 2966 4840 tios
2998 4802 3121 4841 vero
3174 4789 3260 4853 qui
3315 4787 3427 4841 ausi
3473 4786 3677 4844 fuerint

2082 4890 2201 4950 post
2222 4880 2613 4934 ordinationem
2641 4881 2794 4949 hujus
2824 4898 3028 4951 magum
3054 4890 3107 4937 et
3133 4883 3447 4936 universalis
3473 4882 3675 4953 synodi

2081 4988 2237 5042 agere
2259 4991 2375 5043 qua:
2407 4974 2667 5041 prohibita
2700 4986 2843 5043 sunt,
2877 4980 3261 5031 statuite-aucta
3288 4976 3526 5045 synodus
3573 4993 3675 5033 ca-

2082 5067 2210 5121 dere
2236 5068 2299 5119 de
2332 5067 2547 5136 proprio
2573 5070 2764 5137 gradu.

2084 5158 2172 5213 XI.
2219 5158 2367 5223 Quod
2410 5171 2633 5231 oportrat
2661 5160 2829 5227 sirenis
2872 5162 3107 5225 epistolia
3140 5163 3312 5225 tribui,
3349 5160 3673 5217 honestiora

2291 5242 2459 5285 autem
2492 5234 2918 5284 commendatitiis
2941 5235 3117 5286 litteris
3148 5234 3443 5304 approbari.

2150 5323 2349 5377 Omnes
2383 5338 2641 5389 pauperes
2669 5332 2723 5376 et
2753 5324 3050 5391 indigentes
3090 5326 3467 5380 ecclesiasticis
3509 5322 3672 5380 auxi-

2081 5414 2163 5469 liis
2190 5431 2310 5471 cuin
2355 5417 2667 5483 probatione
2707 5412 2940 5487 epistolii
2971 5418 3084 5472 sive
3136 5418 3389 5486 paciﬁcis,
3416 5432 3539 5488 quas
3574 5418 3667 5472 di-

2078 5522 2270 5565 cuntur
2313 5509 2507 5564 irenica
2548 5511 2936 5575 ecclesiastica,
2989 5512 3357 5567 tantummodo
3391 5509 3668 5580 ριόῦείωἱ

2149 5621 2173 5660 ἀ
2203 5623 2277 5677 Ex
2314 5622 2374 5677 U.
2414 5623 2465 5676 In
2501 5626 2559 5676 A.
2592 5633 2645 5678 et
2674 5625 2931 5691 reliquis:
2963 5624 3133 5693 quieti.

2151 5704 2174 5733 °
2205 5696 2259 5749 lu
2284 5695 2566 5749 (iudicibus
2599 5698 2885 5764 depravata
2907 5697 3157 5750 setibitur
3191 5696 3305 5750 huic
3325 5709 3443 5749 vox.
3476 5694 3537 5751 In
3571 5699 3664 5764 Α..

2080 5767 2334 5849 nti.._e.,
2360 5766 2412 5839 δ,
2442 5766 2503 5823 'l‘.
2533 5768 2580 5839 ι,
2611 5768 2692 5837 U.,
2728 5769 2817 5839 0.,
2842 5768 3005 5824 iociii‘.
3041 5769 3098 5824 in
3130 5765 3238 5840 ..κη
3276 5766 3477 5824 diariis.
3509 5767 3567 5825 lu
3597 5767 3660 5826 Τ.

2079 5850 2133 5910 :1,
2166 5852 2324 5893 totas.
