3870 6336
139 368 223 426 181
998 349 1401 415 ΟΒΕΟΟΒΗΜ
1436 341 1777 406 CONCILIA.

1818 366 1890 384 —-
1927 333 2557 395 CHALCEDONENSE.
3312 334 3413 393 {70

136 487 398 546 sumimus,
455 488 509 537 et
565 492 673 534 non
716 475 1177 532 commendatitiis
1229 469 1512 543 epistolis;
1572 464 1697 535 quia
1724 456 2239 531 Apossessionibus
2278 466 2601 524 permanere
2648 448 2955 506 immobiles
3002 450 3143 521 apud
3186 465 3283 509 eos
3318 459 3412 527 qui

136 574 557 636 commendatitias
600 585 740 642 quas
772 570 1007 626 dicimus
1056 567 1312 639 epistolas
1360 578 1453 619 eos
1488 567 1696 616 tantum

134 669 341 736 accipere
370 664 639 729 convenit,
674 662 769 733 qui
799 664 851 718 in
888 661 1139 731 opinione
1168 665 1294 713 sunt
1324 654 1607 721 clariores,
1642 662 1699 706 ut

131 761 193 815 cis
224 756 577 813 tantummodo
605 754 974 826 praebeantur.

134 852 222 905 ΧΗ.
266 851 408 917 Quod
435 863 764 920 nequaquam
791 845 1005 920 induas
1041 842 1469 914 metropolitanos
1492 837 1700 909 provin-

686 920 768 971 cia
812 918 1092 971 dividatur.

187 1011 497 1069 Pervenitad
524 1026 625 1067 nos
654 1010 801 1081 quod
823 1010 1042 1078 quidam
1076 1016 1271 1078 praeter
1298 1004 1698 1060 ecclesiasticas

131 1106 456 1160 ordinationes
483 1103 803 1159 aifectantes
844 1103 1142 1171 potentiam
1182 1115 1276 1168 per
1305 1094 1695 1167 pragmaticum

129 1204 305 1255 sacrum
329 1216 482 1254 unam
508 1198 847 1267 provinciam
874 1197 928 1251 in
958 1196 1097 1250 duas
1130 1193 1396 1257 dividant,
1426 1201 1480 1245 et
1508 1206 1571 1243 ex
1597 1188 1697 1243 hoc

128 1295 434 1350 inveniuntur
462 1294 571 1349 duo
611 1292 1014 1363 metropolitani
1049 1288 1288 1360 episc0pi
1324 1288 1373 1340 in
1408 1284 1596 1341 eadem
1642 1293 1698 1337 et

126 1402 210 1441 una
258 1402 369 1443 esse
417 1387 737 1456 provincia:
788 1384 975 1438 statuit
1022 1382 1185 1451 igitur
1226 1390 1410 1434 saneta
1460 1376 1697 1447 synodus

125 1479 347 1547 deinceps
374 1479 503 1532 nihil
537 1478 644 1532 tale
666 1477 925 1532 attentari
958 1492 986 1528 ιι
1014 1472 1259 1545 quolibet
1289 1470 1567 1541 episcopo,
1604 1483 1696 1522 eos

124 1583 231 1625 vero
257 1572 337 1639 qui
369 1570 573 1640 aliquid
619 1570 727 1624 tale
777 1569 1107 1625 tentaverint
1152 1565 1345 1622 cadere
1376 1564 1443 1618 de
1475 1563 1696 1633 proprio

126 1662 286 1733 gradu.
312 1663 366 1718 Si
395 1680 516 1733 qua:
548 1679 679 1719 vero
710 1672 865 1717 antea
901 1662 1147 1716 civitates
1178 1674 1273 1729 per
1306 1656 1695 1727 pragmaticum

122 1755 366 1824 imperiale
428 1758 832 1825 metropolitani
891 1754 1127 1809 nominis
1178 1751 1386 1807 honore
1426 1750 1697 1803 decorata:

120 1856 242 1913 sunt,
281 1851 491 1905 nomine
528 1851 648 1905 solo
683 1850 955 1913 fruantur,
998 1856 1055 1902 et
1100 1846 1191 1914 qui
1235 1842 1531 1898 Ecclesiam
1573 1839 1693 1908 ejus
1726 1854 1774 1915 Β

120 1949 261 2019 regit,
308 1948 595 2016 episcopus
647 1946 881 2009 scilicet,
940 1941 1225 2011 privilegio
1271 1937 1693 2007 metropolitano

122 2044 338 2113 episcopo
360 2043 481 2113 iure
514 2043 738 2112 pr0pri0
770 2047 1067 2095 reservato.

120 2134 234 2191 XIII.
272 2137 417 2202 Quod
444 2155 549 2191 non
579 2145 812 2206 oporteat
852 2144 1138 2206 extraneos
1170 2128 1385 2182 clericos
1409 2127 1518 2180 sine
1559 2139 1691 2178 com-

441 2202 762 2262 mendatitiis
800 2206 984 2259 litteris
1013 2202 1328 2255 ministrare.

176 2298 486 2355 Extraneum
532 2298 791 2354 clericum
836 2306 889 2351 et
917 2296 1150 2350 lectores
1196 2302 1347 2347 extra
1380 2303 1532 2343 suam
1562 2287 1693 2341 civi—

122 2398 251 2446 tatem
281 2395 393 2447 sine
447 2388 914 2447 commendatitiis
964 2386 1159 2441 litteris
1202 2382 1410 2455 proprii
1451 2381 1692 2452 episeopi

121 2499 351 2555 nunquam
378 2494 399 2520 °
436 2487 654 2556 penitus
691 2484 851 2539 liceat
888 2481 1216 2535 ministrare.

123 2573 230 2629 XIV.
272 2578 416 2643 Quod
464 2595 572 2631 non
610 2577 757 2629 liceat
808 2574 993 2628 clerico
1044 2585 1258 2625 uxorem
1288 2577 1439 2623 seeae
1478 2566 1692 2643 alterius

174 2639 400 2715 accipere,
428 2649 530 2702 nisi
562 2649 696 2717 forte
742 2644 1077 2716 spOpouderit
1109 2658 1163 2697 se
1203 2642 1270 2695 ad
1321 2655 1493 2694 veram
1535 2639 1693 2706 ﬁdem

175 2736 339 2773 centre.

176 2812 287 2877 Quia
328 2814 379 2867 in
415 2812 741 2883 quibusdam
793 2810 1086 2883 provinciis
1118 2805 1441 2864 conceditur
1475 2801 1693 2873 psalmi-

123 2900 233 2955 stish
269 2915 319 2959 et
370 2904 671 2958 lectoribus
728 2917 926 2958 uxores
978 2902 1256 2969 accipere,
1309 2898 1469 2967 102
1510 2893 1694 2948 statuit

123 3008 269 3049 saneta
297 2998 536 3067 synodus
562 3012 787 3067 prorsus
820 3013 931 3051 non
968 2997 1132 3052 licere
1172 2994 1256 3048 bis
1284 2992 1505 3048 alterius
1527 2997 1691 3045 sectae

122 3096 323 3160 accipere
364 3107 593 3147 uxorem
623 3109 637 3145 :
673 3092 718 3146 si
750 3092 872 3161 quis
918 3105 1050 3146 vero
1083 3100 1105 3127 ε
1133 3088 1398 3158 praevenit
1431 3098 1485 3139 et
1531 3083 1692 3137 liabet

122 3181 203 3248 iam
222 3183 277 3239 de
304 3184 394 3237 tali
430 3184 706 3239 connubio
740 3184 905 3247 ﬁlios,
938 3182 981 3236 si
1024 3180 1165 3236 forte
1203 3174 1566 3249 praevenerint
1597 3188 1691 3229 eos

123 3243 205 3342 iam
240 3276 371 3346 apud
420 3276 715 3331 haereticos
762 3243 1061 3345 baptizare,
1108 3243 1313 3327 debent
1357 3283 1452 3324 eos
1488 3266 1688 3320 olferrc
1718 3243 1762 3303 (ἶ

125 3368 360 3424 catliolicze
403 3369 656 3425 ecclesiae
708 3376 767 3423 ut
819 3368 889 3423 ibi
940 3364 1375 3427 communicent;
1428 3360 1519 3429 qui
1562 3373 1693 3413 vero

122 3456 260 3513 adhuc
290 3461 548 3530 baptizati
600 3476 707 3515 non
736 3466 865 3515 sunt
905 3456 1221 3513 omnimodo
1253 3470 1360 3509 non
1407 3466 1568 3522 posse
1597 3464 1693 3504 eos

124 3547 163 3601 in
186 3549 411 3607 heretica
439 3553 674 3608 ecclesia
712 3549 1001 3621 baptizari,
1029 3563 1129 3603 nec
1165 3544 1515 3601 matrimonio
1538 3542 1691 3611 iungi

124 3636 355 3709 heretico,
397 3643 591 3699 Iudaeo
615 3644 701 3698 vel
748 3658 981 3713 pagano,
1022 3641 1124 3696 nisi
1160 3640 1298 3694 forte
1335 3636 1692 3707 speponderit

123 3745 168 3789 se
200 3739 364 3794 venire
404 3740 473 3794 ad
534 3738 899 3793 orthodoxam
949 3734 1134 3803 fidem,
1170 3733 1295 3788 dum
1341 3732 1692 3801 coniungitur

129 3839 333 3894 persona:
365 3830 696 3888 orthodoxae
723 3847 736 3882 z
763 3829 807 3883 si
848 3829 967 3899 quis
999 3841 1131 3881 vero
1160 3826 1299 3880 hanc
1318 3823 1687 3879 deﬁnitionem

127 3932 292 3975 sanctae
324 3922 517 3994 synodi
556 3921 902 3992 praeterierit,
935 3919 1242 3991 regularum
1282 3915 1691 3973 condemnatio-

126 4012 252 4070 nibns
269 4016 562 4089 subiaceat.

124 4101 213 4161 XV.
253 4106 319 4162 De
354 4109 667 4164 diaconissis
708 4107 1031 4172 mulieribus,
1087 4116 1146 4159 ut
1186 4105 1287 4159 nisi
1339 4107 1687 4176 quadragena-

528 4184 637 4234 rias
668 4196 768 4234 non
795 4180 943 4234 liceat
974 4177 1227 4232 ordinari.

176 4269 517 4329 Diaconissam
554 4287 661 4327 non
711 4272 914 4326 debere
952 4280 1077 4325 ante
1110 4268 1464 4339 quadraginta
1511 4282 1685 4324 annos

122 4360 338 4429 ordinari,
384 4372 446 4419 et
480 4364 621 4418 hanc
649 4377 770 4418 cum
800 4362 1043 4433 diligenti
1083 4360 1444 4431 probatione:
1478 4361 1522 4414 si
1551 4375 1685 4415 vero

120 4456 381 4523 susceperit
419 4456 824 4511 ordinationem
872 4463 927 4509 et
972 4463 1387 4525 quantocunque
1437 4462 1684 4523 tempore

120 4545 446 4603 observaverit
486 4548 556 4603 ad
608 4547 988 4615 ministerium,
1038 4556 1090 4602 et
1139 4556 1326 4616 postea
1367 4561 1429 4604 se
1477 4548 1681 4617 nuptiis

121 4637 372 4707 tradi-ierit,
399 4641 653 4713 iniuriam
678 4641 878 4695 faciens
905 4640 997 4695 Dei
1016 4640 1222 4711 gratiae,
1257 4640 1373 4695 haec
1394 4615 1682 4696 anathema
1714 4615 1768 4679 υ

120 4730 299 4788 sitcum
321 4750 384 4790 eo
408 4735 500 4805 qui
524 4735 578 4789 in
608 4735 748 4790 illius
782 4734 1001 4803 nuptias
1029 4736 1364 4789 convenerit.

121 4816 230 4878 XVI.
267 4822 340 4880 De
378 4824 647 4900 monachis
682 4825 973 4900 puellisque
1017 4827 1123 4882 Deo
1173 4829 1360 4883 dicatis
1388 4830 1529 4900 quod
1580 4846 1683 4885 non

532 4898 686 4953 liceat
721 4899 797 4953 eis
825 4899 1021 4968 nuptiis
1047 4900 1226 4970 jungi.

174 4986 218 5043 Si
247 5005 343 5061 qua
373 4993 532 5065 virgo
570 5008 631 5049 se
660 4990 995 5049 dedicaverit
1020 4992 1154 5060 Deo,
1195 4992 1447 5049 similiter
1480 5003 1536 5051 et
1564 5011 1683 5052 mo-

120 5084 307 5153 nacbus,
334 5104 442 5144 non
482 5088 649 5145 licere
686 5088 766 5145 eis
798 5088 1001 5158 nuptiis
1020 5086 1172 5159 iungi
1198 5106 1210 5141 :
1240 5089 1286 5144 si
1315 5103 1447 5145 vero
1478 5090 1683 5147 inventi

122 5172 279 5234 fuerint
313 5180 416 5235 hoc
442 5180 728 5250 facientes,
771 5191 1026 5238 maneant
1046 5182 1540 5250 excommunicati;
1572 5194 1684 5240 sta-

121 5266 281 5326 tuimus
298 5288 427 5330 vero
456 5290 615 5343 posse
657 5275 711 5331 in
744 5276 824 5333 eis
864 5276 1045 5334 facere
1084 5276 1498 5346 humanitatem,
1529 5280 1575 5335 si
1608 5280 1683 5334 ita

121 5365 387 5429 Wobaverit
412 5368 517 5429 loci
539 5370 847 5443 episctipus.

123 5454 246 5516 XVII.
293 5463 363 5541 De
413 5470 642 5541 ecclesiis
681 5472 735 5524 in
764 5467 1024 5537 parockiis
1053 5484 1145 5539 per
1170 5469 1399 5541 triginta
1420 5484 1587 5524 annos
1619 5467 1683 5524 ab

262 5539 497 5609 episcopo
524 5540 737 5607 habitis,
764 5542 843 5596 vel
876 5543 942 5598 de
972 5539 1497 5601 renovatis‘urbibus.

173 5621 258 5683 Per
280 5632 512 5700 singulas
538 5633 800 5691 ecclesias
834 5636 1136 5693 rusticanas
1165 5636 1452 5709 parochias
1484 5638 1600 5694 sive
1626 5637 1678 5693 in

173 5762 409 5868 ξιὲἱηε.
442 5770 528 5868 8...,
642 5772 880 5868 ὅρκιε,
902 5773 1416 5868 μηΟηΔηιωρυαξκ.

216 5836 288 5921 ξε
320 5839 438 5921 3,,
476 5836 526 5896 li-
558 5848 655 5921 ις..
690 5840 780 5911 U.,
807 5836 876 5900 ϐξ
906 5836 1063 5921 In
1093 5836 1147 5905 et
1170 5836 1394 5919 reliquis
1418 5866 1433 5905 :
1459 5850 1676 5921 psalmi-

122 5912 208 5972 ιω,
227 5908 278 5961 id
300 5908 687 5977 «uiatoribus
725 5908 776 5970 et
797 5920 1118 5975 cantoribus.

357 6009 629 6076 Ρλτκοι.
672 6013 1030 6081 LXXXIV.

1804 573 1896 612 eas
1942 562 2129 610 tenent
2162 553 2470 620 episcopos,
2526 556 2581 603 et
2612 547 2847 602 maxime
2877 547 2968 616 qui
2999 563 3093 603 eas
3136 548 3257 603 sine
3294 551 3413 605 vio-

1803 649 1966 706 lentia
1989 649 2096 717 iam
2122 662 2217 715 per
2243 644 2460 715 triginta
2486 658 2657 697 annos
2681 651 2929 697 tenentes
2952 642 3412 712 gubernaverint;

1802 743 1849 798 si
1881 756 2007 798 vero
2036 742 2173 796 intra
2205 736 2353 811 [.E.,
2388 735 2452 789 Β.
2480 736 2572 803 lt,
2610 732 2769 805 infra]
2798 734 3013 803 triginta
3037 750 3209 790 annos
3240 735 3408 790 etiam

1804 838 1942 893 facta
1979 837 2137 891 fuerit
2172 843 2262 887 aut
2294 833 2385 886 liat
2415 830 2483 886 de
2505 831 2583 885 eis
2613 828 2899 891 dubitatio,
2936 830 3099 883 licere
3127 828 3205 884 eis
3236 831 3324 898 qui
3354 848 3411 881 πυ

1802 930 2043 985 dixerint
2095 930 2253 982 laesos
2284 934 2503 996 prepter
2554 939 2646 978 eas
2690 938 2911 977 movere
2950 922 3093 991 apud
3145 924 3414 992 synodum

1802 1024 2105 1093 provincia
2150 1028 2448 1076 certamen.
2511 1018 2568 1073 Si
2630 1018 2750 1086 quis
2776 1031 2906 1071 vero
2954 1017 3227 1085 putaverit
3277 1031 3335 1070 se
3387 1030 3416 1069 a

1804 1116 2021 1186 preprio
2092 1114 2512 1185 metropolitano
2583 1112 2838 1181 gravari,
2908 1111 3049 1180 apud
3108 1110 3409 1180 principem

1805 1212 1971 1279 ipsius
2002 1210 2303 1265 diteceseos
2331 1218 2420 1262 ant
2452 1206 2591 1277 apud
2615 1205 3239 1275 Constantinopolitunm
3271 1206 3409 1260 civi-

1804 1304 1927 1357 tatis
1960 1304 2144 1358 sedem
2182 1312 2304 1373 agat
2340 1300 2621 1370 judicium,
2669 1300 2807 1353 sicut
2838 1298 2951 1369 iam
2984 1299 3185 1353 dictum
3220 1308 3303 1354 est
3331 1316 3341 1350 :
3366 1300 3414 1354 si

1804 1410 1937 1451 vero
1970 1396 2229 1465 qurelibet
2276 1395 2469 1449 civitas
2515 1409 2612 1463 per
2654 1392 3038 1448 auctoritatem
3078 1393 3413 1461 imperialem

1804 1499 2062 1543 renovata
2097 1496 2201 1551 est,
2235 1498 2327 1541 aut
2369 1488 2413 1541 si
2442 1496 2737 1542 renovetur
2769 1486 2822 1540 in
2862 1494 3139 1555 posterum
3170 1484 3418 1540 civilibus

1803 1589 1857 1634 et
1887 1578 2124 1649 publicis
2168 1578 2631 1644 ordinationibus,
2684 1578 2849 1632 etiam
2878 1578 3233 1633 ecclesiarum
3260 1593 3422 1649 paro-

1802 1670 2045 1726 cliiarum
2071 1680 2329 1739 sequatur
2356 1670 2649 1726 ordinatio.

1808 1765 1966 1836 103
2024 1762 2214 1819 XVIII.
2284 1762 2365 1836 pe
2429 1764 2810 1836 conspiratione
2861 1763 3171 1819 clericorum
3205 1806 3219 1833 ,
3279 1766 3422 1834 quod

2273 1833 2443 1889 (ἶν’ωεὶ
2488 1834 2705 1888 fratrias
2739 1836 2937 1890 dicunt.

1874 1928 2330 1998 Coniurationum
2386 1938 2441 1983 et
2488 1930 2953 1997 conspirationum
2996 1932 3225 1996 crimen,
3269 1932 3419 2002 quod

1801 2024 1942 2092 apud
1982 2023 2202 2077 Graecos
2244 2022 2440 2076 dicitur
2480 2022 2688 2091 fratrin,
2723 2032 2777 2077 et
2809 2023 3039 2093 publicis
3082 2028 3243 2078 etiam
3288 2024 3418 2095 legi-

1799 2114 1899 2169 bus
1931 2124 2138 2169 certum
2177 2124 2262 2169 est
2289 2114 2504 2183 penitus
2528 2113 2781 2178 inhiberi,
2817 2115 2921 2171 hoc
2955 2116 3125 2171 multo
3151 2118 3321 2186 magis
3361 2117 3417 2172 iu

1802 2218 1991 2262 sancta
2020 2208 2113 2261 Dei
2162 2207 2409 2262 Ecclesia
2441 2222 2509 2263 ne
2541 2208 2631 2261 fiat
2664 2209 2921 2263 convenit
2950 2210 3211 2266 abdicari.
3249 2212 3305 2266 Si
3328 2214 3419 2282 qui

1798 2315 1930 2355 vero
1959 2300 2145 2355 clerici
2170 2315 2268 2355 seu
2302 2301 2554 2355 monachi
2588 2300 2795 2355 inventi
2835 2302 3039 2357 fuerint
3068 2304 3420 2372 conjurantes

1799 2402 1893 2445 aut
1940 2392 2156 2445 fratrias
2189 2391 2273 2445 vel
2326 2390 2589 2447 factiones
2622 2392 2832 2463 aliquas
2879 2405 3273 2464 componentes
3305 2395 3421 2449 suis

1799 2485 2071 2554 episcopis
2096 2495 2189 2539 aut
2218 2483 2341 2539 aliis
2370 2485 2607 2551 clericis,
2638 2484 2956 2541 omnimodo
2977 2486 3177 2541 cadant
3201 2487 3269 2543 de
3294 2502 3409 2558 pro-

1800 2577 1919 2647 prio
1942 2580 2133 2647 gradu.

1798 2668 1943 2724 XIX.
1991 2671 2147 2738 Quod
2189 2680 2387 2741 oportet
2419 2689 2510 2796 ρῖτ
2551 2673 2843 2811 ριἰἱὶυίηρὶαε
2874 2672 2949 2726 bis
2990 2671 3045 2726 in
3083 2688 3219 2728 anno
3243 2690 3417 2729 conct-

2480 2760 2585 2796 sum
2665 2760 2758 2797 en.

2480 2760 2585 2796 tum
2628 2760 2736 2797 neri
2745 2786 2758 2797 .

1870 2834 2127 2890 Pervenit
2171 2835 2224 2891 in
2262 2846 2473 2892 nostras
2514 2852 2673 2892 aures
2704 2837 2847 2907 quod
2888 2838 2940 2893 in
2983 2840 3279 2909 provinciis
3309 2849 3390 2894 sta

1800 2936 1911 2981 tuta
1959 2930 2340 2998 episcoporum
2391 2930 2622 2985 concilia
2674 2932 2902 2986 minime
2956 2934 3321 3003 celebrentur,
3364 2944 3417 2990 eti

1798 3023 1940 3090 quod
1971 3024 2097 3077 inde
2132 3025 2313 3078 multa:
2342 3040 2465 3093 qua:
2493 3024 2837 3081 correctione
2877 3042 3017 3097 opus
3050 3029 3289 3084 habeant
3319 3046 3414 3085 ec-

1797 3113 2118 3170 clesiasticas
2146 3131 2235 3171 res
2267 3115 2611 3186 negligantur
2636 3133 2648 3170 :
2673 3118 2861 3170 statuit
2892 3118 3054 3187 igitur
3080 3120 3195 3175 hare
3226 3132 3413 3177 sancta

1798 3207 2036 3276 synodus
2076 3209 2375 3263 secundum
2424 3209 2642 3263 Patrum
2688 3210 2903 3279 regulas
2947 3210 3031 3265 bis
3075 3211 3124 3267 in
3178 3228 3322 3269 anno
3364 3215 3417 3269 in

1798 3313 1966 3355 unum
2000 3303 2291 3359 convenire
2337 3318 2435 3373 per
2480 3306 2717 3375 singulas
2764 3306 3069 3375 provincias
3103 3309 3415 3379 episcopos,

1798 3393 1888 3447 ubi
1921 3398 2375 3466 metropolitanus
2405 3399 2740 3467 probaverit,
2769 3409 2825 3454 et
2861 3400 2940 3453 sic
2979 3402 3257 3472 corrigere
3302 3403 3418 3456 sin-

1795 3486 1920 3552 gula
1952 3504 2070 3556 quze
2101 3490 2447 3545 emerserint.
2495 3492 2596 3558 Qui
2645 3506 2775 3546 vero
2808 3492 3081 3547 noluerint
3120 3494 3416 3550 convenire

1794 3577 2038 3647 episc0pi
2068 3581 2352 3635 constituti
2386 3580 2437 3635 in
2464 3584 2576 3637 suis
2602 3582 2936 3649 civitatibus,
2968 3593 3022 3637 et
3045 3584 3147 3637 hoc
3175 3586 3410 3641 maxime

1795 3688 1917 3729 cum
1954 3679 2004 3729 in
2038 3678 2119 3729 sui
2162 3677 2406 3747 corporis
2453 3679 2685 3733 sanitate
2717 3680 3034 3743 consistant,
3079 3679 3242 3733 etiam
3289 3695 3409 3736 om-

1794 3766 1953 3822 nibus
1987 3768 2105 3823 aliis
2148 3771 2465 3839 urgentibus
2495 3782 2549 3827 et
2580 3771 3044 3827 inexcusabilibus
3085 3774 3314 3843 negotiis
3346 3775 3411 3831 li-

1792 3860 1910 3917 beri
1942 3863 2070 3926 sint,
2105 3864 2271 3920 licere
2301 3880 2395 3921 eos
2428 3866 2680 3921 fraternae
2711 3865 2990 3921 charitatis
3022 3866 3408 3925 admonitioni-

1790 3950 1894 4008 bus
1924 3956 2147 4025 corripi.

1791 4067 1913 4124 ΧΧ.
1960 4070 2112 4139 Quod
2156 4074 2364 4126 minime
2394 4072 2604 4128 clericos
2642 4074 2699 4128 in
2728 4075 2889 4129 aliam
2940 4078 3191 4133 ciuitatem
3235 4086 3406 4134 trans-

1864 4142 2090 4211 migrare
2130 4144 2303 4211 liceat,
2350 4145 2447 4199 nisi
2490 4162 2575 4199 eos
2614 4148 2703 4215 qui
2727 4149 2965 4218 praprias
2995 4151 3255 4205 amiserint
3285 4153 3407 4205 civi-

1865 4222 2015 4268 tates.

1865 4325 2110 4385 Clericos
2143 4330 2197 4385 in
2225 4330 2453 4401 singulis
2475 4331 2722 4389 ecclesiis
2751 4336 3098 4405 constitutos,
3135 4340 3275 4394 sicut
3290 4340 3403 4410 iam

1790 4419 2156 4486 decrevimus,
2189 4438 2297 4477 non
2333 4424 2496 4479 licere
2541 4425 2591 4478 in
2624 4426 2846 4481 alterius
2881 4429 3120 4485 civitatis
3161 4433 3406 4488 ecclesiis

1789 4515 2051 4579 ordinari,
2085 4516 2179 4571 sed
2223 4517 2509 4586 quiescere
2532 4516 2556 4556 ά
2587 4518 2639 4572 in
2673 4533 2735 4574 ea
2774 4520 2825 4573 in
2855 4536 2957 4589 qua
2990 4522 3056 4579 ab
3088 4523 3241 4579 initio
3281 4525 3407 4581 fecit

1795 4606 2117 4676 principium
2161 4608 2528 4676 ministrandi,
2589 4612 2830 4679 exceptis
2874 4611 2980 4668 illis
3021 4616 3115 4685 qui
3158 4619 3404 4685 proprias

1790 4700 2035 4752 civitates
2081 4700 2439 4768 perdiderunt
2467 4712 2522 4757 ct
2563 4716 2630 4757 ex
2664 4705 2988 4761 necessitate
3031 4706 3098 4761 ad
3150 4709 3283 4763 alias
3316 4726 3407 4765 ec-

1790 4794 1985 4848 clesias
2034 4795 2428 4864 migraterunt.
2480 4796 2535 4851 Si
2590 4811 2718 4851 vero
2768 4798 3075 4868 quicunque
3113 4803 3403 4873 episc0pus

1791 4896 1913 4956 post
1940 4888 2313 4943 definitionem
2365 4889 2523 4944 istam
2575 4889 2640 4943 ad
2684 4890 2847 4943 alium
2879 4890 3194 4961 episcopum
3237 4898 3403 4961 perti-

1789 4991 2006 5037 nentem
2038 4982 2296 5037 clericum
2343 4983 2670 5053 susceperit.
2705 4984 2906 5052 placuit
2948 4994 3151 5041 sanctas
3190 4990 3404 5058 synodo

1789 5077 1934 5133 hunc
1976 5080 2065 5148 qui
2108 5080 2350 5148 suscepit
2382 5090 2436 5135 et
2483 5096 2606 5133 eum
2650 5080 2740 5149 qui
2770 5089 3055 5147 susceptus
3096 5092 3182 5136 est
3212 5084 3398 5138 tandiu

1788 5172 2298 5227 excommunicatos
2349 5186 2590 5235 manere,
2624 5172 2863 5241 quandiu
2894 5172 3009 5243 ipse
3055 5175 3285 5231 clericus
3330 5179 3396 5232 ad

1788 5267 2063 5337 propriam
2096 5274 2399 5321 revertatur
2430 5266 2735 5321 ecclesiam.

1786 5384 1934 5440 XXI.
1989 5384 2067 5437 De
2109 5387 2465 5452 episcOpormn
2506 5392 2595 5435 aut
2651 5382 2957 5436 clericorum
3007 5386 3392 5441 accusatoribus

2028 5458 2209 5525 quales
2240 5456 2454 5509 debeant
2486 5455 2679 5522 suscipi
2724 5456 2773 5505 in
2806 5458 3150 5511 accusatione.

1858 5544 2105 5603 Clericus
2134 5549 2247 5603 sive
2279 5547 2469 5611 laicus,
2503 5546 2593 5613 qui
2625 5548 2962 5600 accnsavcrit
2993 5548 3277 5617 episcopos
3308 5557 3399 5603 aut

1788 5643 2041 5710 clericos,
2086 5653 2295 5697 temere
2326 5650 2486 5711 atque
2517 5639 2888 5694 indifferenter
2921 5656 3025 5695 non
3069 5641 3269 5695 debent
3310 5658 3401 5697 su—

1862 5792 1884 5818 ε
1917 5780 1995 5834 Ex
2029 5779 2253 5849 reliquis
2286 5787 2479 5849 prmter
2510 5780 2573 5833 Α.
2608 5788 2662 5833 et
2696 5780 2755 5833 Ε.
2795 5780 2850 5846 5,
2878 5778 2932 5835 in
2974 5779 3197 5850 quibus,
3232 5781 3396 5836 enim.

1856 5851 1884 5889 ἀ
1909 5852 1975 5908 Τ.
2010 5852 2058 5919 1,
2088 5850 2145 5922 2,
2180 5850 2272 5921 U.,
2310 5850 2400 5919 G.,
2427 5852 2771 5923 adquiescere.

2909 6008 2950 6052 ιι
