3870 6362
496 375 592 438 171

1217 360 1595 424 COLLECTIO
1632 355 1957 417 CANUNUM
1999 352 2054 410 S.
2100 348 2370 409 ISIDORO
2407 349 2674 408 HiSPAL.
2708 347 3067 408 ASCRIPTA.

3670 342 3775 397 179.

492 492 626 561 scipi
652 494 705 545 in
731 485 1143 547 accusationem,
1172 482 1275 537 nisi
1303 481 1453 550 prius
1483 494 1672 537 eorum
1700 476 1883 546 opinio
1910 470 2071 527 fuerit
2098 469 2301 529 Alium
2335 470 2705 538 praestiterint,
2737 466 2923 525 statuit
2964 474 3149 523 sancta
3170 462 3426 537 synodus,
3455 463 3504 521 si
3544 462 3773 534 quidem

493 590 863 654 prtrscrutata.

500 678 657 751 105.
694 674 857 751 XX".
887 671 1036 751 Quod
1062 686 1163 751 non
1196 671 1346 723 liceat
1377 668 1576 751 clericis
1605 676 1719 751 ppst
1755 673 1965 719 mortem
1991 661 2073 717 sui

708 747 927 817 episcopi
952 760 1029 797 res
1051 744 1117 796 ad
1142 758 1255 796 eum
1287 744 1593 811 pertinentes
1616 740 1855 807 diripere.

566 842 677 894 Non
714 840 873 893 licere
919 838 1129 891 ciericis
1162 845 1281 903 post
1324 844 1547 889 mortem
1582 832 1665 887 sui
1707 830 1945 898 episcopi
1991 843 2076 882 ra-

496 946 619 999 pere
651 932 979 998 pertinentes
1027 929 1091 981 ad
1124 942 1247 982 eum
1280 942 1388 994 res,
1439 927 1593 981 sicuti
1636 926 1742 993 jam
1775 939 1840 978 ex
1872 936 2075 991 praece-

494 1026 743 1078 dentibus
773 1024 967 1093 regulis
998 1032 1252 1075 statutum
1305 1020 1531 1076 habetur
1560 1039 1571 1073 :
1598 1020 1644 1075 si
1690 1033 1822 1073 vero
1854 1017 1971 1072 haec
2000 1017 2079 1073 fe-

494 1119 687 1183 (‘t-rinl,
722 1115 1009 1185 periclitari
1032 1128 1091 1168 se
1130 1113 1382 1169 noverint
1418 1115 1473 1168 in
1506 1112 1722 1182 proprio
1748 1111 1937 1181 gradu.

497 1208 677 1267 χχιι.
723 1208 798 1261 ﬂe
851 1210 1049 1263 clericis
1093 1216 1137 1262 et
1183 1207 1451 1261 mmachis
1500 1207 1578 1260 uel
1624 1204 2078 1259 excommunicatis

562 1288 647 1350 qui
677 1295 857 1347 prirter
876 1281 1187 1337 voluntatem
1214 1281 1297 1335 sui
1325 1278 1547 1351 cpisropi
1576 1278 1645 1333 ad
1667 1281 1838 1333 urbem
1882 1277 2079 1347 regiam

562 1358 789 1408 veniunt.

568 1446 814 1502 Pervenit
854 1447 906 1500 in
934 1461 1093 1502 aures
1132 1453 1331 1501 sanctte
1368 1444 1559 1518 synodi
1588 1444 1709 1513 quia
1752 1442 1937 1499 clerici
1966 1442 2083 1512 qui-

498 1540 619 1593 dam
653 1548 704 1593 et
726 1540 973 1593 monachi
1001 1538 1132 1592 nihil
1153 1538 1253 1592 sibi
1288 1538 1546 1592 habentes
1577 1536 1873 1605 injunetum
1903 1550 1932 1589 a
1961 1550 2084 1604 pro-

500 1636 617 1702 prio
666 1633 941 1703 episcopo,
988 1632 1257 1687 interdum
1304 1646 1433 1687 vero
1462 1630 1621 1685 etiam
1651 1629 1728 1684 illi
1774 1628 1865 1699 qui
1904 1627 1974 1682 ab
2017 1642 2083 1683 eo

498 1726 695 1780 fuerint
718 1724 1190 1791 escommnnicati,
1217 1724 1435 1779 veniant
1460 1725 1524 1777 ad
1559 1723 1696 1776 hanc
1723 1721 1922 1789 regiam
1951 1720 2084 1775 civi-

503 1828 663 1872 tatem
691 1817 1357 1886 Constantinopolitanam,
1386 1826 1441 1871 et
1464 1817 1645 1869 multis
1667 1815 1998 1882 temporibus
2030 1815 2082 1867 in

498 1924 558 1963 ea
580 1908 939 1964 consistentes
960 1911 1393 1978 perturbationes
1427 1906 1799 1977 tranQnillitati
1827 1905 2084 1961 ecclesia-

500 2000 646 2055 stica:
693 2000 931 2055 inferant
969 2010 1025 2055 et
1070 2001 1407 2055 diversorum
1456 2000 1646 2054 domos
1694 2007 2086 2066 corrumpant:

501 2092 685 2147 statuit
730 2092 888 2161 igitur
933 2101 1118 2145 sancta
1167 2091 1404 2160 synodus
1458 2092 1553 2144 hos
1601 2090 1815 2159 quidem
1859 2088 2089 2163 primum

502 2198 845 2239 commonere
879 2199 973 2251 per
999 2184 1334 2237 defensorem
1357 2183 1961 2249 ConstantinOpoliLtnm
1990 2181 2089 2237 Ec-

501 2276 702 2340 clesiae,
736 2289 785 2329 ut
818 2285 1011 2330 exc~~nt
1040 2276 1108 2330 de
1147 2277 1291 2344 regia
1325 2277 1587 2340 civitate;
1626 2279 1668 2328 si
1701 2287 1878 2330 autem
1912 2276 1965 2330 in
1995 2288 2089 2329 eo-

503 2368 629 2423 dem
674 2368 950 2436 pronosito
972 2368 1217 2435 improbe
1244 2369 1675 2437 perduraverint,
1709 2372 1867 2422 etiam
1896 2369 2094 2423 invitos

506 2474 600 2514 eos
642 2458 763 2527 ejiri
804 2474 900 2529 per
948 2458 1196 2514 eumdem
1225 2459 1587 2531 defensorem,
1622 2469 1679 2515 ut
1724 2461 1791 2516 ad
1841 2475 1938 2515 sua
1976 2462 2096 2516 loca

504 2553 847 2620 perveniant.

504 2646 694 2701 XXIV.
737 2644 888 2713 Quod
912 2661 1013 2701 non
1029 2645 1176 2701 liceat
1196 2646 1505 2785 mgeizrasteria
1524 2645 1802 2699 diversoria
1818 2644 2095 2699 racularia

1328 2734 1366 2771 ι.

581 2810 711 2875 Quae
759 2808 928 2863 semel
968 2817 1282 2863 consecrata
1332 2807 1524 2861 fuerint
1566 2805 1885 2861 monasteria
1912 2814 1938 2843 ι
1969 2819 2093 2859 cum

506 2898 709 2971 judicio
740 2900 818 2955 sui
843 2898 1083 2971 episcopi
1113 2912 1332 2955 manere
1354 2898 1405 2954 in
1438 2905 1717 2969 perpetuo,
1750 2907 1803 2955 et
1825 2895 2097 2968 pertinen-

509 3003 589 3049 tes
618 2993 683 3046 ad
712 3008 806 3047 eas
838 3006 926 3046 res
955 2993 1264 3047 conservari
1288 2992 1387 3059 ipsi
1420 2990 1769 3055 monasterio,
1795 3000 1850 3043 et
1873 3004 1979 3043 non
2010 2989 2097 3041 ul-

512 3090 678 3143 terius
710 3100 869 3153 posse
907 3100 967 3141 ea
1001 3086 1115 3141 ﬁeri
1150 3085 1435 3141 saecularia
1477 3085 1814 3149 habitacula;
1845 3083 1936 3153 qui
1966 3096 2100 3136 vero

512 3178 859 3250 permiserint
900 3178 1013 3232 hac
1055 3178 1195 3241 ﬁeri,
1236 3176 1551 3247 subjaceaut
1583 3176 1664 3229 his
1693 3173 2102 3230 condemnatio-

514 3270 671 3327 nibus
698 3284 819 3339 quae
848 3283 942 3337 per
972 3282 1209 3323 canones
1237 3270 1542 3323 constitutae
1572 3277 1715 3322 sunt.

516 3357 611 3414 XX
625 3358 686 3415 V.
730 3358 880 3431 Quod
909 3375 1012 3413 non
1042 3368 1275 3426 aporteat
1321 3369 1435 3427 pou
1463 3359 1654 3411 obitum
1681 3358 1928 3431 episcopi
1952 3358 2101 3429 ardi-

743 3430 1006 3483 itationem
1036 3432 1252 3484 alterius
1273 3432 1500 3500 episcopi
1520 3431 1609 3483 diu
1635 3429 1859 3498 iii/ferri.

588 3520 850 3588 Quoniam
882 3521 1095 3590 quidam
1140 3521 1696 3593 mctmpolitanorum,
1741 3525 1878 3578 sicut
1907 3522 1975 3578 ad
2005 3536 2105 3579 nos

517 3614 778 3684 perlatum
810 3622 914 3679 est,
944 3612 1221 3683 negligunt
1251 3614 1486 3669 creditos
1515 3613 1615 3667 sibi
1640 3629 1831 3685 greges
1859 3622 1914 3668 et
1946 3613 2105 3670 diffe-

519 3713 643 3758 runt
682 3703 1049 3757 ordinationes
1074 3703 1251 3757 facere
1288 3704 1665 3773 episcoporum
1698 3720 1712 3756 :
1755 3704 1951 3774 placuit
1981 3719 2107 3759 san-

519 3806 620 3852 cta:
660 3798 868 3865 synodo
897 3796 1033 3849 intra
1068 3804 1175 3849 tres
1207 3808 1421 3849 menses
1447 3794 1561 3849 lieri
1589 3795 1955 3850 ordinationes
1989 3794 2107 3864 epi-

520 3903 826 3957 scoporum,
860 3887 961 3941 nisi
994 3888 1129 3941 forte
1172 3887 1553 3942 inexcusabilis
1594 3889 1892 3943 necessitas
1914 3903 2108 3958 coege—

522 3984 595 4035 rit
624 3980 976 4034 ordiuationis
1007 3988 1215 4049 tempus
1247 3980 1477 4048 amplius
1507 3984 1782 4049 pr0pagari
1816 3978 1960 4053 [/E.,
1984 3996 2110 4050 pro-

522 4070 723 4142 rogari]
758 4070 842 4124 :si
873 4079 1046 4124 autem
1078 4069 1197 4138 quis
1227 4068 1599 4137 episcoporum
1629 4071 1742 4123 hac
1782 4086 1887 4123 non
1920 4070 2110 4124 obser-

521 4166 750 4225 vaverit.
796 4166 967 4235 ipsum
1019 4164 1218 4220 debere
1263 4164 1648 4218 ecclesiasticae
1677 4162 2112 4219 condemnationi

521 4256 1066 4325 suhjaccrenuditus
1106 4270 1238 4310 vero
1295 4254 1537 4324 ejusdem
1582 4256 1813 4310 viduata:
1860 4257 2110 4311 Ecclesiae

521 4348 757 4410 integros
816 4348 1080 4402 reservari
1130 4348 1271 4417 apud
1328 4363 1672 4403 mconomum
1719 4348 1959 4418 ejusdem
2009 4363 2111 4405 ec-

522 4442 721 4496 clesize.

531 4534 688 4604 105
727 4531 916 4606 XXVI.
964 4532 1038 4606 De
1076 4535 1383 4597 oeconomia,
1422 4535 1474 4587 id
1516 4544 1587 4589 est
1614 4576 1627 4597 ,
1672 4536 2109 4606 dispensatoribus

811 4604 1126 4670 singularum
1179 4606 1505 4658 ecclesiarum
1558 4604 1821 4659 habendis.

600 4696 732 4762 Quia
766 4698 816 4749 in
841 4697 1154 4764 quibusdam
1184 4698 1448 4765 ecolesiis,
1479 4700 1616 4754 sient
1644 4700 1708 4754 ad
1726 4714 1822 4754 nos
1850 4702 2110 4771 pervenit,

527 4788 643 4841 sine
674 4801 956 4840 mcouomo
1002 4787 1237 4854 episc0pi
1269 4803 1355 4842 res
1406 4790 1800 4845 ecclesiasticas
1862 4800 2111 4860 tractant;

530 4879 723 4949 placuit
755 4893 942 4933 omnes
985 4878 1252 4933 Ecclesias
1281 4882 1561 4951 episcenos
1610 4884 1865 4939 habentes
1915 4886 2115 4942 habere

530 4985 906 5028 etmconomos
936 4972 1002 5028 de
1049 4975 1263 5043 proprio
1291 4976 1455 5043 clero,
1486 4977 1572 5044 qui
1600 4980 1902 5044 gubernem
1933 4981 2116 5035 Ecde-

530 5065 621 5116 si:e
653 5079 737 5117 res
761 5080 879 5118 cum
909 5066 1126 5119 arbitrio
1145 5066 1229 5121 sui
1247 5067 1505 5136 episcopi,
1532 5077 1590 5123 ut
1613 5084 1716 5124 non
1743 5074 2119 5127 sinetestimo—

534 5159 621 5207 uio
663 5156 727 5207 sit
750 5155 1065 5222 gubernatio
1093 5155 1570 5225 l’ipsarumrerum
1607 5163 2115 5232 ecclesiasucarum,

531 5260 580 5299 ιιι
608 5263 673 5300 cx
709 5258 809 5301 hoc
858 5251 1070 5302 eveniat
1097 5248 1325 5319 dispergi
1371 5252 1611 5320 ejusdem
1666 5255 1919 5312 Ecclesia:
1948 5275 2033 5315 res
2062 5270 2119 5315 et

532 5340 844 5395 sacerdotali
873 5342 1113 5409 dignitati
1157 5344 1479 5399 obtrectatio
1526 5358 1809 5417 generetur
1836 5368 1849 5404 :
1880 5354 1923 5405 si
1986 5366 2117 5408 vero

534 5432 652 5501 quis
683 5434 799 5488 haec
826 5450 932 5489 non
964 5434 1352 5503 observaverit,
1384 5439 1576 5493 divinis
1603 5441 1875 5507 subiaceat
1896 5451 2110 5519 regulis.

757 5528 966 5584 XXVII.
1012 5529 1087 5583 De
1119 5532 1194 5585 Itis
1223 5534 1308 5601 qui
1340 5535 1434 5589 sibi
1464 5537 1673 5606 rapiunt
1696 5556 1898 5597 uxores.

606 5623 711 5678 Eos
740 5624 826 5693 qui
855 5623 957 5679 sibi
986 5625 1198 5695 rapiunt
1220 5640 1411 5685 uxores
1458 5630 1541 5686 vel
1569 5646 1663 5688 eos
1691 5642 1712 5672 ε
1747 5634 1836 5703 qui
1864 5635 1941 5691 eis
1964 5638 2117 5694 auxi-

605 5781 743 5865 sti.”
793 5787 1115 5865 monasteria,
1146 5804 1261 5857 qua:
1300 5804 1594 5850 consecrata
1629 5803 1774 5865 sunt,
1814 5798 2108 5856 diversoria.

601 5852 624 5889 ¹¹
654 5850 746 5923 Πο,
778 5856 878 5911 sint
908 5850 1285 5927 gubernatores.

2132 3215 2180 3281 Β

2177 561 2360 617 clerici
2387 562 2599 629 fuerint,
2628 563 2822 619 cadere
2850 560 3154 631 deproprio
3181 560 3370 630 gradu;
3398 559 3443 614 si
3465 572 3600 613 vero
3626 558 3773 623 laici,

2177 655 2455 708 anathema
2486 669 2625 711 esse.

2251 750 2567 805 Paschasius
2620 751 2902 818 cpiscopus
2925 744 3155 804 civitatis
3204 746 3547 812 Lillibitanar,
3603 744 3779 799 vicem

2178 854 2341 911 agens
2370 841 2659 896 beatissimi
2691 842 2924 909 episcopi
2942 838 3158 906 Leonis,
3176 838 3436 896 deﬁniens
3452 838 3779 907 subscripsi.

2252 932 2547 987 Lucensius
2572 933 2851 1001 episcopus
2875 933 3112 988 civitatis
3135 931 3485 995 Asculitanre,
3530 930 3667 984 item
3702 930 3783 983 vi-

2180 1038 2296 1080 cem
2328 1040 2491 1096 agens
2510 1011 2829 1081 sanctissimi
2853 1024 3090 1095 episcopi
3113 1023 3325 1085 Leonis,
3352 1021 3619 1078 definiens
3652 1022 3785 1077 sub-

2181 1120 2395 1189 scripsi.

2255 1209 2567 1265 Bonifacius
2600 1217 2878 1281 presoyter
2926 1211 3075 1265 urbis
3133 1209 3342 1274 Romae,
3390 1210 3564 1264 vicem
3615 1221 3787 1277 agens

2185 1303 2496 1371 apostolica:
2522 1302 2692 1368 sedis,
2720 1301 2988 1357 deﬁniens
3009 1300 3331 1370 subscripsi.

2254 1397 2575 1452 Anatbolius
2604 1398 2893 1468 episc0pus
2913 1394 3529 1467 Constantinopolitanae
3550 1393 3790 1450 civitatis

2184 1490 2369 1546 Bonne
2399 1507 2573 1561 novae,
2607 1490 2868 1545 definiens
2897 1490 3209 1559 subscripsi.

2259 1586 2519 1641 Maximus
2570 1585 2855 1657 episc0pus
2916 1584 3288 1641 Antiochenus
3336 1582 3605 1639 definiens
3666 1582 3791 1637 sub-

2192 1682 2407 1747 scripsi.

2264 1772 2541 1828 iuvenalis
2610 1772 2899 1843 episcopus
2954 1768 3480 1843 Hierosolymitanus
3528 1767 3794 1825 deﬁniens

2114 1852 2164 1912 Β
2193 1865 2509 1933 subscripsi.

2264 1958 2548 2012 Thalasius
2576 1957 2867 2027 episcopus
2896 1955 3249 2027 Cappadocia:
3300 1954 3664 2013 Caesariensis
3703 1952 3797 2009 de-

2195 2050 2387 2107 finiens
2425 2040 2743 2117 subscrip‘si.

2264 2142 2554 2209 Quintilius
2582 2143 2865 2210 episcopus
2882 2140 3142 2195 Heraclia:
3168 2138 3602 2205 Macedonensis,
3623 2139 3797 2194 vicem

2196 2247 2358 2302 agens
2416 2231 2737 2288 sanctissimi
2798 2231 2894 2284 viri
2950 2230 3191 2300 episcopi
3237 2229 3508 2285 Anastasii
3567 2227 3799 2283 civitatis

2197 2324 2714 2385 'l‘hessaluniceusis,
2746 2323 3012 2378 deﬁniens
3038 2322 3353 2389 subscripsi.

2272 2420 2576 2491 Stephanus
2598 2421 2882 2490 episcOpus
2898 2417 3254 2489 Ephesitanus
3274 2415 3540 2472 deﬁniens
3560 2413 3803 2471 subscri-

2200 2515 2305 2584 psi.

2272 2610 2538 2665 Lucianus
2565 2608 2847 2678 episcopus
2879 2608 3155 2680 Byzensis,
3175 2606 3349 2663 vicem
3376 2619 3543 2677 agens
3569 2604 3803 2661 sanctis-

2199 2700 2322 2755 simi
2351 2700 2587 2768 episcopi
2616 2699 2823 2770 Cyriaci
2853 2700 3113 2755 Heraclia:
3131 2698 3498 2767 Tbracieusis,
3530 2695 3805 2751 deﬁniens

2201 2793 2519 2863 subscripsi.

2276 2887 2539 2944 Eusebius
2586 2883 2872 2958 episcopus
2925 2884 3149 2943 Galatire
3179 2885 3510 2960 Ancyrensis
3540 2886 3807 2945 deﬁniens

2204 2984 2521 3055 subscripsi.

2276 3076 2537 3147 Diogenes
2552 3076 2836 3143 episcopus
2860 3075 3175 3142 Cyzizensis
3192 3074 3457 3131 deﬁniens
3476 3074 3805 3144 subscripsi.

2278 3170 2470 3226 Petrus
2497 3170 2781 3240 episcopus
2808 3168 3139 3224 Coritbensis
3178 3167 3441 3223 definiens
3488 3167 3809 3237 subscripsi.

2292 3265 2483 3320 Florus
2514 3263 2803 3333 episcopus
2855 3260 3163 3319 Sardiensis
3220 3259 3310 3336 [T.
3344 3260 3403 3330 2,
3443 3257 3810 3331 Sardicensis]

2209 3355 2475 3413 deﬁniens
2503 3356 2814 3426 subscripsi.

2278 3448 2574 3504 Eunomius
2597 3450 2882 3520 episcOpus
2928 3444 3359 3504 Nicomediensis
3388 3444 3660 3503 deﬁniens
3690 3446 3813 3501 sub-

2207 3541 2420 3611 scripsi.

2289 3656 2447 3727 106
2503 3655 2817 3712 Anastasius
2863 3655 3146 3726 episcopus
3210 3653 3479 3711 Niciensis
3536 3653 3812 3710 deﬁniens

2210 3749 2528 3820 subscripsi.

2284 3865 2624 3922 Eleutherius
2672 3864 2955 3935 episcopus
3005 3862 3463 3920 Chalcedonensis
3542 3864 3813 3921 deﬁniens

2213 3959 2527 4025 subscripsi.

2285 4051 2414 4105 Item
2438 4064 2625 4105 omnes
2653 4049 2890 4120 episcopi
2918 4049 3157 4106 sexcenti
3181 4059 3236 4106 et
3264 4048 3476 4119 triginta
3489 4048 3813 4105 definientes

2215 4144 2663 4209 subscripserunt.
3348 4194 3353 4198 .

2286 4236 2353 4291 Et
2382 4246 2721 4304 posteaquam
2747 4236 3027 4290 recitatum
3057 4242 3161 4295 est.
3196 4234 3468 4302 piissimus
3512 4234 3809 4304 imperator

2213 4330 2282 4385 ad
2308 4342 2549 4384 sanetum
2580 4330 2860 4384 concilium
2885 4330 3052 4383 dixit:
3077 4328 3231 4382 Dicat
3252 4337 3495 4383 sanctum
3516 4328 3812 4382 concilium

2216 4426 2261 4480 si
2282 4443 2346 4481 ex
2388 4440 2654 4482 consensu
2684 4426 2921 4481 omnium
2974 4428 3347 4496 episc0porum
3404 4426 3655 4482 deﬁnitio
3694 4442 3811 4497 qua!

2218 4536 2356 4573 nunc
2390 4520 2521 4575 lectu
2548 4526 2630 4574 est
2650 4518 2851 4587 prolata
2880 4519 2980 4573 sit?
3006 4520 3204 4574 Omnes
3235 4520 3666 4574 reverentissiini
3706 4520 3811 4587 epi-

2215 4612 2361 4681 St'opi
2394 4611 2785 4677 responderunt
2810 4626 2824 4664 :
2853 4613 3053 4665 Omnes
3082 4612 3158 4667 sic
3185 4610 3487 4666 credimus:
3530 4626 3635 4666 una
3691 4612 3810 4676 tide,

2218 4720 2321 4759 una
2339 4706 2622 4771 sententia,
2646 4720 2835 4759 omnes
2859 4704 2960 4760 hoc
2989 4706 3126 4758 idem
3157 4706 3441 4770 sentimus,
3471 4719 3668 4759 omnes
3692 4720 3815 4758 con-

2218 4797 2514 4852 sentientes
2557 4796 2992 4864 subscripsimus,
3025 4811 3219 4851 omnes
3242 4797 3530 4851 orthodoxi
3580 4813 3768 4852 sumus
3798 4812 3810 4848 :

2222 4887 2335 4941 haec
2368 4896 2450 4942 est
2474 4886 2603 4941 fides
2634 4890 3025 4957 apostolorum,
3075 4887 3193 4945 haec
3221 4900 3306 4945 est
3335 4889 3467 4944 ﬁdes
3497 4900 3649 4946 recte
3704 4906 3816 4945 creo

2220 4980 2480 5047 dentium,
2508 4981 2620 5035 haec
2640 4994 2717 5036 est
2746 4982 2876 5038 ﬁdes
2906 4999 3027 5052 qua:
3050 4984 3238 5038 orbem
3275 4993 3539 5039 terrarum
3571 4985 3813 5040 salvat-it.

2224 5073 2367 5144 [/E..
2392 5074 2454 5128 Β.
2478 5075 2566 5136 Β..
2584 5074 2853 5147 salvabit].
2876 5076 3144 5132 Marciano
3167 5094 3303 5133 novo
3325 5076 3705 5147 Constantino,
3730 5096 3816 5131 no-

2222 5184 2291 5224 vo
2315 5170 2496 5235 Paulo,
2529 5185 2668 5225 novo
2696 5167 2887 5236 David,
2933 5172 3265 5237 imperatori,
3297 5173 3554 5236 piissimae
3581 5172 3814 5229 domins

2225 5274 2476 5331 angustae,
2510 5271 2616 5315 vita
2639 5262 2735 5317 eis.
2755 5261 2822 5316 Et
2853 5273 2972 5333 post
2998 5265 3092 5318 has
3120 5278 3279 5320 voces
3311 5264 3584 5335 piissimus
3608 5275 3665 5320 rt
3693 5266 3805 5319 ﬁda.

2226 5357 2455 5407 lissimus
2481 5356 2772 5422 imperator
2801 5354 2865 5408 ad
2892 5364 3133 5410 sanctam
3163 5352 3428 5428 synodum
3456 5356 3618 5411 dixit:
3653 5358 3799 5412 Vcne

2226 5446 2389 5501 randa
2412 5446 2675 5501 catholica
2699 5447 2829 5503 ﬁdes
2852 5464 3077 5503 asuucta
3100 5450 3611 5522 universalisynodo
3634 5467 3791 5507 secuti
3816 5486 3821 5493 ε

2224 5540 2580 5597 dumPutrum
2606 5548 2989 5611 expositionem
3018 5547 3349 5601 manifestata
3369 5556 3485 5602 est:
3518 5560 3569 5602 et
3598 5562 3645 5602 st
3674 5549 3817 5602 tabo-

2225 5651 2338 5691 rem
2364 5646 2556 5690 vestra“:
2576 5638 2886 5692 reverentia:
2902 5647 2955 5692 et
2977 5639 3273 5693 convicium
3289 5636 3536 5707 fecimus,
3561 5640 3819 5694 innxium

2300 5810 2319 5836 ο
2358 5798 2445 5863 υ.,
2474 5814 2659 5879 uxores
2684 5799 2776 5851 sub
2805 5799 3008 5879 nomine
3035 5799 3190 5855 simul
3220 5798 3512 5872 habitandi,
3540 5816 3816 5875 cooperan-

2224 5880 2295 5923 tes
2323 5881 2409 5923 aut
2438 5875 2772 5936 conuit'entes,
2808 5875 2885 5927 vel
2906 5886 3011 5931 eos.
