3870 6338
1323 111 1339 151 γ

148 352 226 410 173
986 341 1389 403 CliASCORUM
1433 339 1775 398 CONCILIA.

149 468 302 540 gratias
342 465 539 534 agimus
586 460 949 533 omnipotenti
992 463 1103 517 Deo
1135 469 1183 529 ει,
1223 459 1345 530 quia
1397 460 1687 514 multorum
1717 463 1766 520 Α

155 560 395 615 errantium
425 558 563 613 circa
605 557 769 611 ﬁdem
806 566 1079 624 amputata
1110 554 1399 616 discordia,
1430 554 1480 607 iu
1534 568 1694 607 unam

148 654 447 719 eamdemque
468 650 622 704 ﬁdem
648 665 841 703 omnes
869 665 1008 702 nunc
1026 649 1396 709 convenimus,
1416 656 1697 714 sperantes

147 747 328 800 celerem
362 743 549 797 veSIris
582 746 835 812 precibus
885 748 940 793 et
977 743 1257 793 meliori-nt
1306 755 1466 808 super
1508 754 1698 793 omnes

150 850 222 889 nos
246 850 463 901 paceni:
520 835 631 889 Deo
685 832 900 887 donari.
949 834 1142 886 Sancta
1206 829 1443 900 synodus
1503 831 1697 882 iterum

144 927 444 983 exclamavit:
483 926 606 979 llaec
634 924 798 995 digna
832 923 995 978 vestri
1039 925 1270 991 imperii,
1323 920 1439 975 haec
1483 920 1699 990 propria

144 1020 275 1074 vestri
302 1018 517 1087 imperii,
554 1019 673 1071 lucc
724 1018 994 1072 correctio
1037 1014 1204 1070 vestri
1255 1013 1485 1081 imperii,
1539 1012 1701 1085 digne

143 1112 256 1175 fidei,
284 1112 429 1178 digne
456 1109 695 1173 Christo,
718 1110 879 1180 digne
905 1110 1138 1178 imperii,
1170 1118 1224 1162 et
1246 1109 1453 1174 imperii
1472 1119 1524 1161 et
1543 1107 1696 1174 lidei;

144 1212 378 1273 propterea
404 1202 432 1241 δ
458 1204 768 1273 paciﬁcator
791 1202 940 1258 orbis
970 1212 1151 1258 teme.
1179 1202 1242 1256 Et
1270 1211 1389 1271 post
1421 1200 1517 1255 has
1542 1216 1702 1256 voces

143 1301 365 1367 piissimus
382 1310 433 1355 et
463 1301 811 1355 ﬁdelissimus
840 1299 1139 1367 imperator
1166 1297 1231 1351 ad
1264 1308 1505 1351 sanctam
1538 1310 1705 1368 syno-

142 1390 236 1444 dum
262 1392 382 1445 dixit
412 1410 426 1446 :
450 1391 829 1447 Venerandam
858 1391 1183 1445 catholicam
1209 1390 1367 1444 tidem
1394 1404 1424 1443 a
1448 1398 1633 1443 sancta
1650 1394 1705 1443 et

142 1484 381 1537 universali
436 1486 644 1554 synodo
693 1484 985 1539 secundum
1036 1482 1253 1537 Patrum
1303 1482 1703 1551 expositionem

140 1572 476 1630 tnanifestatam
505 1578 659 1646 juxta
688 1576 882 1647 legem,
907 1584 962 1629 et
988 1574 1399 1629 convenientem
1436 1587 1560 1629 esse
1609 1588 1705 1627 no-

138 1675 222 1720 stra
252 1668 584 1736 tranquillitas
621 1670 891 1737 probavit,
920 1684 1139 1725 omnem
1182 1669 1236 1724 in
1266 1678 1542 1739 posterum
1575 1682 1706 1723 con-

138 1756 343 1811 tentionis
369 1759 707 1814 occasionem
736 1762 877 1815 circa
908 1776 1061 1815 suam
1096 1760 1257 1815 fidem
1292 1761 1583 1827 amputari.
1644 1760 1701 1815 Si

138 1851 228 1917 quis
248 1851 387 1919 igitur
417 1852 575 1907 idiota
611 1854 696 1908 vel
728 1856 1016 1909 militarius
1067 1870 1164 1909 seu
1194 1855 1426 1909 clericus
1483 1855 1695 1922 publice
1727 1831 1775 1890 Β

137 1938 187 1993 de
210 1940 296 1996 fide
328 1943 527 1997 turbam
567 1961 909 2017 congregans
938 1947 1040 2002 sub
1066 1948 1290 2003 obtentu
1318 1948 1701 2015 disputationis

140 2034 373 2087 tumultum
396 2033 598 2102 fecerit,
615 2039 664 2093 si
686 2038 904 2107 quidem
925 2040 1087 2094 idiota
1116 2041 1488 2109 praescriptus,
1514 2040 1701 2107 expel-

139 2126 243 2178 latur
266 2143 290 2180 a
313 2130 445 2198 regia
473 2129 638 2194 urbe;
679 2132 966 2189 militarins
986 2148 1114 2188 vero
1133 2149 1227 2188 seu
1246 2134 1476 2188 clericus
1503 2135 1702 2203 gradis

138 2221 198 2273 sui
225 2221 489 2288 periculum
522 2226 871 2281 sustinebunt
894 2236 950 2282 et
971 2228 1090 2282 aliis
1120 2229 1294 2297 panis
1320 2227 1698 2299 subjacebunt.

140 2352 329 2409 Hirtam
349 2357 714 2429 imperatorum
734 2359 807 2483 51:1
819 2361 1268 2441 conﬁrmationem
1294 2362 1501 2416 concilii
1528 2360 1695 2417 Chal-

712 2448 769 2483 σε
811 2448 1044 2483 οηεηιιδ.

712 2448 1044 2486 craonenats.

191 2515 507 2587 Imperatores
555 2520 975 2577 Valentinianus
1021 2532 1078 2578 et
1128 2522 1435 2579 Marcianus
1483 2525 1698 2594 augusti

139 2607 351 2665 universis
382 2613 612 2682 populis.
670 2613 915 2669 Tandem
944 2614 1242 2686 aliquando
1264 2616 1409 2687 quod
1468 2618 1699 2673 summis

136 2700 240 2756 votis
261 2713 403 2774 atque
447 2706 645 2761 studiis
676 2707 996 2775 Optabamns
1020 2710 1205 2764 evenit
1232 2725 1245 2762 :
1280 2716 1487 2765 remota
1515 2718 1599 2765 est
1626 2710 1697 2765 de

137 2792 382 2848 orthodoxa
413 2796 845 2854 Christianorum
880 2800 999 2871 lege
1022 2800 1335 2856 contentio:
1366 2801 1582 2856 tandem
1609 2816 1695 2856 re-

136 2887 269 2939 media
301 2888 443 2960 101
475 2890 766 2960 cnlpabilis
796 2895 998 2947 erroris
1030 2893 1254 2947 inventa
1282 2903 1431 2955 sunt,
1489 2904 1543 2947 et
1579 2892 1694 2947 dis-

138 2990 228 3031 cors
265 2984 564 3048 populorum
604 2985 877 3037 sententia
911 2985 965 3038 in
995 3000 1159 3039 unum
1213 2999 1536 3040 consensum
1564 2999 1696 3038 con-

134 3067 424 3140 cordiamque
441 3074 721 3128 convenit.
748 3073 789 3128 ε
817 3074 1049 3130 diversis
1078 3076 1222 3131 enim
1257 3076 1552 3145 provinciis
1585 3092 1681 3132 re-

135 3157 409 3228 ligiosissimi
454 3168 771 3223 sacerdotes
824 3168 1164 3223 Chalcedona
1229 3179 1494 3225 venerunt
1532 3168 1683 3239 juxta
1716 3202 1767 3269 α

137 3263 275 3308 nostra
313 3267 599 3330 przecepta,
630 3269 691 3314 et
730 3260 858 3330 quid
889 3260 1166 3316 observari
1196 3261 1249 3315 in
1274 3264 1537 3332 religione
1582 3265 1688 3319 de-

134 3343 227 3399 beat
250 3350 507 3420 perspicua
528 3352 855 3409 deﬁnitione
880 3353 1202 3411 docuerunt.
1238 3355 1498 3411 Discessit
1529 3355 1692 3426 igitur

130 3440 212 3507 jam
235 3443 432 3511 profana
463 3448 770 3513 contentio,
797 3462 919 3501 nam
948 3463 1076 3503 vere
1106 3447 1302 3517 impius
1329 3459 1492 3519 atque
1521 3451 1693 3505 sacri-

135 3529 244 3599 legus
268 3545 337 3590 est
366 3538 453 3605 qui
480 3548 605 3607 post
629 3548 708 3594 tot
726 3539 1070 3594 sacerdotum
1094 3541 1420 3596 sententiam
1443 3540 1690 3609 opinioni

133 3632 215 3677 tua:
232 3627 298 3680 vel
315 3627 511 3699 aliquid
533 3630 873 3685 traCtandum
898 3632 1185 3703 relinquit:
1210 3646 1470 3691 extremte
1490 3635 1690 3707 quippe

133 3711 362 3772 dementia!
376 3733 453 3774 est
468 3724 520 3775 in
548 3722 729 3779 medio
750 3734 804 3778 et
828 3725 1115 3797 perspicuo
1135 3725 1223 3782 die
1254 3730 1686 3786 commentitium

132 3803 271 3863 lumen
299 3814 588 3881 inquirere:
617 3816 863 3886 quisquis
889 3819 1033 3871 enim
1061 3829 1180 3888 post
1199 3823 1478 3876 veritatem
1498 3836 1688 3891 reper-

132 3908 209 3954 tatu
229 3902 411 3973 aliquid
444 3906 672 3961 ulterius
696 3909 937 3975 discutit,
969 3915 1309 3968 mendacium
1340 3918 1549 3984 qurerit.
1581 3914 1688 3970 Ne-

133 4004 196 4045 mo
214 3994 366 4063 itaque
396 4000 480 4052 vel
510 4000 742 4053 clericus
757 4001 837 4054 vel
854 4001 1111 4073 militans,
1134 4016 1187 4059 et
1213 4006 1436 4061 alterius
1461 4007 1687 4077 cujusli-

133 4082 199 4137 bet
214 4089 537 4157 conditionis,
563 4092 631 4146 de
672 4092 777 4149 (ide
809 4095 1115 4151 Cltrisuana
1151 4099 1371 4167 publice
1400 4103 1684 4157 terminata

130 4176 393 4234 coadunatis
414 4194 467 4236 et
495 4183 843 4240 audientibus
877 4197 1111 4243 tractare
1138 4198 1366 4245 conetur
1416 4191 1467 4245 iu
1502 4203 1685 4262 poste-

130 4280 236 4332 rum,
262 4286 317 4324 ex
342 4274 436 4327 lmc
469 4275 734 4331 tumultus
764 4287 819 4332 et
848 4281 1090 4347 perﬁdiae
1127 4284 1468 4339 occasionem
1503 4290 1684 4359 requi-

128 4372 240 4426 rens,
266 4381 375 4420 nam
399 4367 653 4437 injuriam
686 4369 808 4425 facit
830 4371 1035 4441 judicio
1067 4377 1488 4447 religiosissime
1512 4396 1679 4452 syno-

128 4452 181 4518 di,
210 4457 247 4511 si
274 4462 383 4527 quis
413 4463 585 4517 semel
612 4464 849 4532 jndicata
870 4476 923 4520 et
946 4477 1093 4522 rec:e
1118 4469 1377 4540 disposita
1403 4474 1680 4530 revolvere

1828 371 1891 385 —
1927 339 2559 402 CHALCEDONENSE.
3308 348 3411 405 174

1799 458 1992 525 lentur,
2044 475 2140 529 pro
2202 462 2387 531 vigore
2434 459 2721 532 judiciario
2762 460 2923 517 etiam
2975 466 3414 533 competentibus

1802 553 2077 620 suppliciis
2112 552 2458 621 sulijugindi.
2510 553 2737 606 Constat
2763 554 2912 609 enim
2964 554 3089 610 hinc
3137 556 3411 616 haeretica

1806 644 2028 699 insaniae
2078 647 2301 699 exordia
2339 644 2691 716 inutilemque
2728 646 2979 713 pra-lteri,
3023 647 3151 701 dum
3201 651 3413 718 publice

1803 736 2019 806 quilant
2052 738 2321 803 disputant
2364 746 2531 805 atque
2570 737 2944 791 contendunt:
2981 743 3218 796 universi
3280 756 3409 811 ergo

1805 844 1923 899 qua:
1941 845 1969 881 a
1993 843 2177 883 sancta
2200 830 2410 899 synodo
2431 830 2946 901 Chalcedoneall}.,
2965 833 3415 907 tlbatcedouensi]

1806 931 2005 975 statuta
2031 934 2155 975 sunt
2180 921 2455 976 custodire
2478 923 2773 988 debebunt,
2813 925 2944 978 nihil
2981 935 3165 992 postea
3195 929 3416 982 dubita-

1807 1014 1930 1067 turi.
1952 1013 2061 1069 lluc
2093 1015 2272 1079 itaque
2296 1025 2495 1069 nostra:
2524 1016 2837 1070 commoniti
2871 1019 3414 1088 sinceritatisedicto,

1806 1107 2077 1160 abstinete
2108 1107 2346 1174 profanis
2370 1108 2594 1163 vocibus
2615 1119 2667 1163 et
2685 1110 2909 1165 ulterius
2936 1112 3167 1167 desinite
3191 1113 3259 1167 de
3280 1116 3423 1169 divi-

1810 1199 1891 1252 nis
1922 1201 2223 1268 disputare,
2262 1201 2406 1269 quod
2432 1201 2584 1255 nefas
2614 1209 2720 1267 est;
2748 1205 2870 1271 quia
2904 1221 3008 1257 non
3036 1205 3209 1258 solum
3236 1207 3424 1260 divino

1804 1291 2009 1359 judicio
2042 1304 2321 1361 peccatum
2356 1293 2458 1347 hoc
2490 1304 2647 1361 prout
2688 1297 2965 1351 credimus
2998 1300 3277 1364 punietur,
3314 1316 3417 1355 ve-

1808 1401 1923 1440 runt
1943 1386 2105 1439 etiam
2126 1388 2302 1447 Iesum
2332 1399 2385 1442 et
2402 1388 2643 1456 judicum
2668 1399 2689 1428 ε
2712 1392 3036 1446 auctoritate
3056 1393 3422 1448 coercebitur.

1809 1492 1881 1531 vn
1943 1476 2217 1534 Kalendas
2272 1478 2597 1536 Februarias
2646 1483 3114 1555 Constantinopoli
3160 1484 3425 1554 Sporaciu

1808 1572 2055 1627 coiisole.

1811 1686 1978 1762 Sacra
2013 1686 2365 1762 Valentiniani
2386 1697 2430 1741 et
2461 1686 2722 1762 Marciani
2758 1698 3098 1762 angulorum
3155 1703 3273 1762 post
3303 1710 3428 1747 con-

1881 1760 2067 1835 cilient
2080 1757 2497 1835 iC/talcedonense
2517 1759 2757 1835 edictuin
2780 1757 3170 1835 oﬁrntationent
3194 1765 3427 1835 ejusdem

1878 1831 2087 1885 concilii
2116 1836 2162 1885 et
2194 1832 2580 1885 damnationem
2610 1833 2991 1887 hwreticorum.

1808 1964 2151 2035 Imperatores
2183 1963 2577 2044 Valentinianus
2605 1976 2652 2021 et
2682 1967 2983 2024 Marcianus
3004 1974 3211 2044 augusti
3245 1971 3422 2029 Pallav

2299 2038 2384 2092 dio
2412 2041 2657 2109 prefecto
2679 2045 2930 2111 prwlurii.

1878 2152 2087 2208 Divinas
2115 2167 2329 2221 semper
2359 2155 2615 2224 potentiae
2660 2154 2961 2212 referendm
3007 2168 3171 2227 atque
3200 2164 3427 2231 agendas

1805 2244 2128 2313 euutgratiae
2152 2246 2275 2313 quia
2299 2256 2547 2299 auctores
2571 2247 3070 2322 hmresisquelos
3085 2255 3297 2308 occulta
3323 2271 3426 2312 nec

1806 2333 1977 2388 latere
2012 2337 2285 2402 concedit,
2319 2335 2640 2393 necdurare
2662 2338 2923 2409 impunita
2960 2343 3218 2409 permittit
3248 2364 3262 2402 :
3292 2362 3426 2418 quo-

1807 2442 1925 2481 rum
1945 2444 2109 2482 unum
2143 2430 2411 2484 malorum
2444 2430 2673 2486 laedendi
2698 2432 2859 2489 habet
2884 2433 3169 2501 plurimam
3202 2439 3425 2497 faculta-

1808 2528 1938 2587 tem,
1964 2520 2193 2575 alterum
2220 2521 2560 2591 prarcavendi
2581 2526 2798 2582 casteria
2847 2534 3420 2600 prmstateseniplum.

1803 2609 1963 2667 Curat
1994 2612 2154 2683 igitur
2180 2628 2302 2669 esse
2327 2614 2597 2671 divinitati
2628 2616 2906 2673 hominum
2932 2630 3089 2676 actus
3117 2632 3173 2678 et
3188 2625 3426 2684 maxime

1806 2708 2165 2762 reverentiam
2189 2708 2483 2778 religionis,
2503 2712 2818 2781 proximein
2843 2715 3215 2773 confirmanda
3234 2721 3426 2775 catho-

1803 2797 1907 2852 lica
1939 2800 2045 2854 tide
2067 2800 2349 2856 evidenter
2375 2804 2647 2873 apparuit,
2677 2819 2799 2859 cum
2834 2804 3133 2877 Eutycbem
3182 2813 3423 2867 scelera-

1805 2903 1981 2949 torum
2010 2896 2322 2965 doginatum
2351 2906 2675 2954 sectatorem
2700 2915 2801 2956 nec
2824 2901 3017 2967 latere,
3048 2911 3109 2958 ut
3133 2904 3224 2960 diu
3250 2907 3422 2963 latue-

1802 2995 1908 3052 rat,
1941 2986 2108 3053 siuiit,
2134 3003 2235 3043 nec
2264 2989 2531 3058 patefacto
2547 2991 2754 3048 scelere
2775 3007 2933 3063 passa
2954 3006 3037 3050 est
3053 3011 3268 3065 penam
3297 3016 3422 3057 sce-

1802 3078 1934 3133 leris
1960 3078 2186 3135 evitare.
2248 3080 2547 3138 Sententiis
2595 3086 2777 3157 itaque
2806 3085 3009 3144 divinis
3058 3091 3420 3162 humanisque

1801 3168 2091 3225 damnatus
2117 3174 2436 3244 synodicnnt
2466 3176 2771 3243 decretum,
2807 3190 2867 3232 ut
2890 3182 3223 3251 merebatur,
3257 3202 3419 3242 exce-

1798 3265 1895 3335 pit,
1920 3280 2044 3319 reus
2064 3265 2325 3321 divinitati
2355 3268 2441 3323 cui
2468 3267 2697 3326 faciebat
2722 3271 2991 3343 injuriam,
3025 3292 3153 3334 reus
3184 3280 3421 3341 homini-

1798 3358 1898 3413 bus
1919 3373 2056 3428 quos
2081 3358 2336 3429 decipere
2365 3361 2682 3418 conabatur.
2728 3363 2990 3423 Proxime
3016 3372 3215 3427 etenim
3247 3376 3416 3431 innu-

1799 3452 2086 3509 merabiles
2107 3468 2177 3507 ex
2213 3464 2325 3509 toto
2357 3468 2496 3524 pene
2512 3454 2644 3510 orbe
2666 3456 2965 3515 beatissimi
2988 3463 3229 3535 episcopi
3252 3466 3419 3526 Chal-

1797 3545 2007 3601 cedone
2028 3546 2336 3619 congregati
2374 3548 2621 3617 improba
2651 3553 2895 3619 praedicti
2952 3552 3275 3629 Eutychetis
3308 3578 3412 3619 una

1798 3650 1919 3690 cum
1946 3636 2156 3709 synodo
2178 3640 2296 3708 ejus
2319 3652 2483 3694 causa
2516 3639 2695 3695 habita
2720 3644 3051 3713 eapulerunt
3077 3662 3408 3723 commenta,

1797 3730 1969 3783 secuti
1997 3738 2307 3786 sanctorum
2334 3732 2554 3786 detinita
2608 3730 2904 3804 majorum,
2959 3754 3079 3809 quae
3137 3742 3219 3798 vel
3264 3744 3409 3815 apud

1796 3820 2030 3877 Nicaeam
2062 3838 2093 3877 a
2142 3824 2400 3880 trecentis
2430 3825 2619 3881 decem
2649 3835 2705 3881 et
2739 3838 2864 3884 octo
2916 3834 3208 3891 constituta
3260 3851 3411 3909 sunt,

1795 3916 1881 3971 vel
1916 3917 1969 3971 in
2003 3918 2106 3972 hac
2136 3928 2324 3987 postea
2351 3919 2491 3974 alma
2522 3921 2657 3977 urbe
2684 3936 2714 3977 a
2756 3932 2977 3981 centum
3018 3929 3407 4002 quinquaginta

1796 4020 1921 4065 sunt
1950 4012 2223 4081 episcopis
2274 4011 2571 4081 declarata,
2622 4014 2872 4083 velapud
2926 4019 3226 4089 Ephesum,
3279 4040 3402 4083 cum

1795 4101 2028 4157 Nestor-ii
2054 4113 2135 4157 est
2175 4118 2327 4157 error
2356 4103 2629 4169 exclusus,
2668 4108 3083 4175 praesidentibus
3112 4113 3413 4175 Caelestino

1798 4195 2057 4249 Romana:
2100 4194 2247 4249 urbis
2281 4206 2335 4251 et
2366 4195 2567 4268 Cyrillo
2599 4196 2993 4255 Alexandrinae
3022 4203 3258 4260 civitatis
3286 4210 3407 4277 epi-

1794 4288 1994 4357 scopis.
2017 4287 2089 4341 Ea
2117 4286 2280 4357 igitur
2304 4303 2424 4357 qua:
2454 4299 2580 4342 sunt
2596 4291 2747 4357 juxta
2763 4291 3041 4359 pristinam
3060 4297 3407 4368 disciplinam

1794 4400 1823 4439 a
1853 4384 2149 4438 venerabili
2178 4383 2390 4451 synodo
2421 4383 2765 4439 Chalcedone
2793 4387 3013 4442 delinita
3045 4390 3132 4445 illa
3165 4391 3269 4449 ﬁde
3298 4411 3404 4465 qua

1798 4479 1961 4533 Deum
1989 4478 2216 4533 colimus
2250 4492 2344 4546 per
2371 4476 2548 4530 omnia
2581 4480 2844 4534 servanda
2888 4485 3198 4540 censuimus
3244 4496 3409 4559 atque

128 4559 166 4600 ct
185 4552 360 4617 publice
379 4557 657 4623 disputare
696 4560 997 4626 contendit,
1031 4577 1152 4617 cum
1189 4579 1251 4617 ea
1286 4580 1405 4633 qua:
1442 4581 1585 4622 nunc
1615 4568 1681 4623 de
1715 4593 1766 4653 ο
1796 4585 2119 4636 censemus;
2169 4570 2289 4639 quia
2325 4568 2478 4622 valde
2506 4583 2849 4640 consequens
2886 4583 2969 4628 est
3011 4589 3399 4639 sescentorum

126 4643 374 4706 Christiana
405 4652 511 4708 (ide
539 4662 736 4708 statuta
770 4664 898 4709 sunt
918 4657 1073 4725 juxta
1105 4660 1435 4727 apostolicae
1457 4665 1675 4730 exposi-

129 4742 257 4795 bones
301 4746 613 4801 etiustitnta
668 4760 980 4803 sanctorum
1035 4750 1254 4807 Patrum
1306 4763 1673 4815 trecentorum

126 4828 266 4885 decem
293 4846 343 4887 et
372 4846 513 4903 octo,
548 4849 601 4893 et
628 4850 846 4894 centum
878 4840 1264 4913 quinquaginta
1286 4846 1509 4902 definita
1556 4864 1676 4906 esse

125 4934 388 4982 luiscuiitur.
419 4924 557 4983 Nam
591 4930 646 4985 in
686 4942 1093 5001 contemptores
1142 4936 1301 5007 hujus
1335 4939 1467 5010 legis
1516 4957 1675 5011 pmua

125 5027 197 5065 που
221 5018 393 5090 deerit,
426 5024 683 5093 quianon
709 5027 889 5081 solum
921 5040 1113 5085 Contra
1140 5029 1301 5087 fidem
1344 5036 1481 5092 bene
1523 5052 1674 5092 com-

126 5108 301 5164 i'u-ltam
335 5117 572 5182 veniunt,
602 5118 698 5176 sed
725 5122 888 5175 etiam
921 5119 1125 5176 Iudaeis
1146 5132 1203 5178 et
1224 5127 1445 5197 paganis
1476 5145 1538 5183 ex
1571 5129 1673 5187 liu-

122 5202 361 5257 .‘tsccmodi
392 5210 690 5265 certamine
733 5210 1022 5278 profanant
1053 5198 1359 5272 veneranda
1390 5222 1673 5292 msyteria.

124 5288 245 5352 levor
270 5299 307 5349 si
336 5302 560 5358 clericus
586 5305 796 5374 eritqui
826 5308 1036 5375 publice
1067 5319 1298 5368 tractare
1323 5312 1389 5368 de
1416 5288 1676 5384 religione

124 5394 241 5439 fissus
262 5387 439 5462 fuerit,
465 5412 495 5450 a
522 5399 794 5455 consortio
834 5402 1156 5457 clericorum
1190 5406 1592 5473 removebitur;
1626 5410 1674 5464 si

122 5486 216 5530 Veto
239 5485 409 5541 militia
432 5490 686 5558 prrditus
708 5493 1029 5567 sit,ciugulo
1056 5500 1463 5568 exepoliabitur;
1488 5505 1675 5559 caeteri

122 5570 240 5626 enim
266 5578 412 5648 hujus
440 5583 682 5641 criminis
711 5590 789 5645 rei
818 5588 887 5645 de
916 5591 1016 5646 bac
1037 5594 1383 5651 sanctissima
1412 5598 1545 5654 urbe
1561 5599 1676 5668 pel-

125 5725 298 5850 szjﬁq
323 5732 379 5788 Β.
402 5735 490 5806 ιι..
517 5736 583 5796 Ε.
608 5739 663 5808 ’5,
684 5740 751 5797 Τ.
771 5743 827 5813 i,
848 5743 907 5810 2.
938 5743 1030 5814 υ..
1054 5747 1392 5820 omnipotenti
1424 5751 1673 5809 salvatori

175 5863 196 5903 ³
218 5871 282 5925 Ex
323 5880 528 5939 caeteris
557 5880 866 5944 Codicibus.
901 5886 959 5946 tn
1005 5892 1097 5960 A.,
1129 5892 1334 5966 imperii
1364 5897 1595 5969 digniter
1621 5908 1670 5957 et

1791 4664 2006 4734 triginta
2030 4660 2371 4716 sacerdotum
2408 4674 2536 4727 pura
2569 4671 2748 4716 ltletlle
2775 4662 2941 4719 Dcuut
2974 4668 3269 4727 colentium
3297 4674 3399 4729 de-

1788 4758 1963 4822 ﬁnita,
1991 4772 2109 4826 qua)
2134 4771 2229 4825 pro
2253 4755 2682 4811 orthodoxorum
2715 4756 2820 4812 [ide
2846 4774 3191 4818 sacrosancm
3208 4782 3407 4824 secun-

1785 4850 1917 4905 dum
1944 4850 2159 4903 Patrum
2193 4847 2405 4917 regulas
2430 4850 2833 4917 processerunt,
2857 4868 3067 4908 summa
3090 4870 3214 4912 cum
3236 4877 3403 4917 vene-

1787 4946 1997 5000 ratione
2025 4958 2368 4999 conservare.
2402 4944 2665 5011 Quoniam
2700 4947 3009 5017 priucipalis
3039 4954 3396 5021 providentiae

1787 5050 1871 5096 est
1893 5055 2053 5094 omne
2082 5039 2282 5093 malum
2316 5038 2456 5093 inter
2502 5038 2655 5093 initia
2685 5043 2992 5111 Opprimere
3019 5057 3071 5098 et
3093 5062 3405 5118 serpentem

1788 5132 2033 5187 morbum
2066 5132 2243 5202 legum
2276 5131 2548 5187 medicina
2580 5148 2849 5202 resecare,
2886 5136 2987 5193 hac
3016 5138 3133 5209 lege
3154 5142 3404 5200 decerni-

1787 5242 1907 5280 mus
1931 5241 2025 5280 eos
2052 5228 2139 5297 qui
2178 5225 2491 5297 Eutychetis
2518 5241 2706 5281 errore
2732 5228 3076 5297 decipiuntur
3106 5235 3170 5287 ad
3203 5253 3396 5293 exem-

1787 5320 1933 5389 plum
1986 5318 2467 5386 Apollinariorunt,
2499 5334 2635 5386 quos
2691 5321 2964 5392 Eutyches
3016 5337 3234 5383 secutus
3288 5341 3395 5401 est,

1784 5426 2031 5482 quosque
2061 5410 2401 5466 venerabiles
2444 5410 2662 5467 Patrum
2706 5416 2936 5485 regulm,
2974 5418 3025 5472 id
3074 5430 3175 5487 est,
3213 5425 3393 5481 eccle-

1785 5506 1985 5562 siastici
2017 5520 2278 5570 canones,
2313 5506 2635 5561 etdivorum
2672 5509 2975 5577 principum
3010 5517 3394 5573 sacratissima:

1781 5601 2113 5667 sanctiones,
2156 5597 2542 5666 condemnant,
2567 5600 2771 5655 nullum
2810 5602 3149 5674 episcopum,
3191 5610 3396 5665 nullum

1781 5760 1931 5829 ﬁdei;
1961 5769 2231 5829 propterea
2244 5800 2255 5813 .

1859 5842 1882 5872 ε
1913 5834 1988 5886 lix
2013 5832 2231 5903 reliquis
2252 5833 2543 5895 (Iudicibus
2569 5843 2765 5903 przcter
2796 5836 2889 5906 A.,
2922 5836 3105 5909 inquo
3134 5858 3144 5894 :
3171 5843 3391 5913 judicii.
