3870 6408
503 407 607 472 I75

1196 407 1580 468 COLLECTlO
1619 409 1952 470 CANONUM
1993 411 2051 468 S.
2093 410 2360 470 lSlDORO
2401 409 2663 469 HISPAL.
2707 409 3070 468 ASCBIPTA.

3686 414 3786 468 176

498 532 700 585 habere
720 527 1116 599 presbyterum,
1156 528 1327 583 nullos
1356 546 1542 586 creare
1563 532 1638 585 vel
1668 533 1942 602 appellare
1970 534 2090 586 cle-
2117 531 2164 588 Α
2194 541 2278 585 tur
2305 532 2392 602 qui
2426 531 2605 587 illicita
2632 532 2823 585 docere
2881 525 3185 584 tentaverit.
3233 523 3338 582 Eos
3385 539 3514 583 vero
3567 542 3662 599 qui
3704 545 3786 583 se-

497 624 670 688 xiens,
723 621 1002 691 ipsumque
1050 619 1342 692 Eutycbem
1377 627 1595 678 nomine
1636 627 2084 696 presbyteri,quo

492 723 552 770 et
585 715 829 783 indiguus
860 724 941 768 est
995 724 1047 768 et
1077 715 1332 783 spoliatus
1360 726 1463 783 est,
1498 716 1546 769 in
1599 725 1763 771 totum
1793 733 1994 770 carere.
2029 715 2084 769 Si

495 809 584 875 qui
619 817 790 861 tamen
824 818 1008 861 cmitra
1032 807 1247 863 definita
1306 819 1482 863 nostra.
1515 810 1818 881 episcopos,
1853 810 2086 879 presby-

505 908 650 952 tcros
703 913 1030 968 cmterosque
1075 901 1294 954 clericos
1320 903 1432 954 ausi
1483 904 1676 957 fuerint
1720 918 1924 966 creare,
1978 912 2082 954 tam

495 990 669 1045 factos
694 1009 849 1061 quam
871 992 1123 1046 facientes
1150 993 1228 1046 vel
1247 1005 1627 1060 prmsutnentes
1649 996 1744 1047 sibi
1766 996 2083 1048 clericorum

494 1084 716 1153 gradus,
733 1086 990 1138 bonorum
1015 1084 1301 1140 amissione
1325 1087 1591 1154 perculsos
1615 1086 1804 1140 exsilio
1829 1097 2085 1155 perpetuo

494 1178 837 1246 praecipimus
859 1177 1115 1232 contineri
1145 1196 1156 1229 :
1188 1177 1410 1231 coeundi
1441 1179 1517 1231 vel
1537 1178 1819 1245 colligendi
1851 1179 1930 1231 vel
1953 1193 2081 1232 con-

497 1271 1064 1341 greganditnonachos
1093 1280 1184 1324 aut
1235 1271 1529 1324 aedificandi
1583 1275 1930 1344 monasteria,
1967 1271 2081 1324 nul-

493 1361 603 1417 lam
648 1361 898 1430 jubemus
958 1379 1050 1418 eos
1115 1364 1310 1417 habere
1345 1364 1661 1417 licentiam:
1713 1365 1827 1418 loca
1862 1364 1912 1417 in
1965 1381 2083 1434 qua:

491 1451 632 1508 forte
660 1454 773 1506 ausi
796 1455 1083 1508 convenire
1113 1455 1397 1522 aliquando
1428 1456 1750 1509 tentaverint
1773 1453 2081 1521 conﬁscari,

489 1549 535 1602 si
569 1557 745 1601 tamen
773 1547 993 1603 domino
1021 1551 1124 1603 loci
1173 1552 1377 1605 sciente
1432 1552 1800 1614 convenerint;
1849 1553 1986 1620 quod
2039 1553 2084 1605 si

490 1638 677 1709 ignaro
706 1650 922 1696 auctore
943 1641 1341 1697 conductoreve
1387 1643 1510 1708 loci,
1541 1643 1766 1696 fustibus
1789 1658 1956 1696 (ursos
1985 1643 2079 1696 de-

488 1735 848 1803 portationem
902 1737 1084 1790 subire
1147 1751 1468 1792 censemus:
1519 1740 1660 1806 ipsos
1717 1739 1872 1806 109
1935 1749 2080 1806 ΡΙ*αέ-

456 1831 636 1890 ,ιει-εει
688 1827 816 1879 nihil
875 1843 937 1880 ex
996 1839 1315 1886 testamento
1363 1831 1918 1904 cujusquarqcapere,
1956 1832 2082 1886 nihil

490 1917 568 1971 eis
613 1917 966 1988 quiejusdem
1009 1922 1206 1974 erroris
1231 1922 1337 1975 sint
1382 1923 1686 1990 relinquere
1727 1931 2078 1986 testamento,
2127 1897 2169 1954 Β

488 2008 554 2062 ad
582 2009 778 2063 nullam
805 2026 899 2065 eos
932 2013 1159 2078 patimur
1182 2014 1421 2079 aspirare
1471 2013 1741 2078 militiam,
1796 2014 1897 2068 nisi
1949 2013 2088 2068 forte

493 2099 563 2153 ad
584 2101 971 2155 cohortalinam
1004 2104 1088 2156 vel
1113 2104 1461 2159 limitaneam.
1490 2105 1546 2160 Si
1575 2107 1694 2172 quis
1737 2106 1898 2160 etiam
1926 2116 2075 2160 extra

493 2190 806 2258 praedictam
835 2194 1082 2246 militiam
1109 2195 1354 2248 inventus
1384 2195 1548 2248 fuerit
1577 2194 1831 2262 militare,
1859 2195 1943 2249 vel
1965 2195 2088 2263 quia

489 2281 840 2350 ignorabatur
855 2283 973 2351 ejus
989 2284 1042 2338 in
1066 2285 1324 2352 religione
1346 2287 1689 2354 perversitas,
1717 2288 1802 2342 vel
1828 2288 1948 2356 quia
1973 2299 2096 2356 post

494 2375 747 2442 adeptum
778 2375 1048 2444 cingulum
1078 2375 1142 2429 ad
1175 2377 1313 2430 hunc
1343 2377 1558 2432 devenit
1582 2392 1844 2442 errorem,
1886 2379 2093 2434 solutus

491 2469 706 2534 militia,
759 2470 1087 2524 inﬁdelitatis
1137 2486 1248 2524 sua:
1295 2470 1523 2526 fructum
1569 2471 1709 2526 hunc
1763 2471 1976 2536 haheat,
2021 2482 2080 2526 ut

489 2559 814 2628 eptimorum
888 2570 944 2615 et
1000 2561 1179 2630 palatii
1233 2564 1608 2618 communione
1667 2564 1932 2632 privetur,
1991 2578 2092 2617 nec

490 2650 619 2704 alibi
654 2665 812 2720 quam
843 2651 895 2704 in
927 2665 1029 2720 qua
1065 2661 1219 2705 natus
1270 2661 1350 2706 est
1384 2651 1499 2706 vico
1556 2653 1637 2707 vel
1689 2651 1906 2706 civitate
1967 2667 2087 2706 ver-

496 2747 684 2797 Setur:
718 2743 858 2811 quod
892 2744 1052 2811 siqui
1111 2757 1296 2798 eorum
1330 2745 1381 2797 in
1437 2745 1537 2797 hac
1586 2743 1725 2799 alma
1773 2743 1905 2798 urbe
1951 2741 2092 2813 quod

489 2834 638 2888 credi
665 2834 815 2889 nel‘as
855 2846 938 2890 est
974 2836 1138 2904 geniti
1170 2843 1298 2890 sunt
1350 2844 1406 2909 et
1452 2835 1710 2902 damnati,
1740 2845 1847 2890 tam
1897 2835 1965 2890 de
1994 2834 2094 2888 hac

489 2923 704 2979 civitate
761 2924 1070 2991 venerabili,
1119 2939 1276 2995 quam
1322 2925 1684 2982 sacratissimo
1729 2926 1981 2982 comitatu
2035 2931 2092 2980 et

486 3015 636 3069 omni
684 3016 1036 3069 excludantur
1087 3015 1500 3084 metropolitana
1567 3017 1805 3072 civitate.
1863 3018 1928 3070 Et
1977 3018 2092 3071 haec

491 3107 711 3179 quidem
763 3106 1085 3177 generaliter
1115 3107 1253 3162 circa
1303 3122 1492 3162 omnes
1528 3109 1942 3176 constituimus,
1997 3109 2088 3178 qui

489 3200 595 3254 hac
623 3200 743 3255 labe
773 3201 957 3270 polluti
984 3209 1108 3255 sunt
1134 3201 1219 3256 vel
1247 3201 1566 3270 polluentur.
1603 3203 1708 3257 Eos
1759 3212 1962 3267 autem,
1993 3205 2083 3273 qui

2193 625 2388 694 quendi
2415 627 2588 678 studio
2619 625 2886 677 audierint
2917 623 3177 677 scelerata
3203 622 3560 676 disserentem
3614 621 3787 676 dena-

2194 734 2310 773 rum
2361 719 2608 773 librarum
2658 717 2772 771 auri
2809 714 3199 771 tnulctationeb
3240 716 3661 783 compescimus,
3719 717 3790 766 ita

2193 815 2333 870 enim
2367 814 2585 868 materia
2643 812 2987 866 subtrahetur
3031 813 3250 874 erroris,
3292 813 3333 865 si
3371 819 3717 880 peccatorum
3740 820 3794 863 et

2194 908 2380 962 doctor
2398 906 2626 962 defuerit
2649 916 2700 960 et
2725 906 2957 970 auditor,
2989 904 3212 970 Palladi,
3243 919 3442 973 parens
3467 905 3794 957 charissima

2194 1009 2350 1066 atque
2377 999 2762 1052 amantissime.
2829 997 3054 1050 lllustris
3084 997 3269 1065 itaque
3297 1007 3352 1050 et
3384 996 3668 1063 magnifica
3702 1011 3794 1048 au-

2192 1092 2416 1146 ctoritas
2449 1100 2556 1154 tua,
2599 1091 2789 1145 edictis
2813 1090 3119 1158 propositis,
3159 1091 3317 1157 110
3359 1089 3610 1144 omnibus
3638 1087 3799 1140 faciat

2194 1192 2317 1236 nota
2373 1199 2488 1250 qute
2531 1183 2811 1250 iussimus,
2861 1180 3308 1250 cognoscentibus
3356 1180 3801 1233 inoderatnrihus

2194 1274 2588 1341 provinciarum
2613 1288 2907 1339 eorumque
2951 1273 3163 1335 Officiis,
3212 1270 3589 1324 defensoribus
3630 1281 3799 1322 etiam

2193 1366 2497 1420 civitatum:
2532 1367 2670 1433 quod
2700 1366 2743 1419 si
2772 1380 2832 1419 ea
2865 1380 2980 1433 qua:
3011 1375 3133 1416 ven
3161 1363 3268 1415 fide
3296 1375 3349 1415 ct
3377 1372 3566 1416 sancto
3599 1379 3802 1430 propo-

2191 1459 2294 1513 sito
2321 1459 2669 1512 custodienda
2691 1458 3001 1511 censuimus
3022 1467 3113 1510 aut
3139 1456 3478 1524 neglexerint
3522 1466 3615 1509 aut
3672 1471 3796 1519 pcr-

2193 1552 2435 1606 miserint
2465 1553 2737 1613 temerari,
2786 1551 3043 1604 denarum
3092 1543 3344 1602 librarum
3401 1547 3514 1600 auri
3569 1546 3802 1600 mulcta-

2195 1645 2341 1697 tione
2358 1644 2605 1711 perculsi,
2626 1654 2680 1695 ut
2698 1642 2972 1711 religionis
2994 1641 3274 1710 legumque
3293 1637 3614 1708 proditores.
3635 1641 3802 1692 etiam

2191 1737 2257 1792 de
2285 1738 2637 1790 aestimatione
2661 1736 2991 1789 laborabunt.
3025 1734 3215 1787 Datum
3237 1743 3259 1771 ο
3292 1747 3358 1787 xv
3383 1731 3657 1786 Kalendas
3693 1733 3805 1784 Au-

2193 1838 2371 1897 gustas
2395 1826 2861 1896 Constantinopoli
2886 1825 3145 1894 Sporacio
3173 1825 3401 1881 consule
3424 1833 3480 1879 et
3501 1824 3594 1892 qui
3635 1822 3808 1878 tuerit

2198 1921 2494 1975 nuntiatus.

2267 2015 2385 2069 Alia
2411 2012 2673 2068 Marciani
2707 2016 2915 2085 augusti
2946 2015 3193 2069 adversus
3226 2028 3389 2082 supra
3417 2019 3740 2066 "temerato:

2857 2086 3141 2140 Ita’reticos.

2267 2197 2561 2268 Intperator
2591 2196 2897 2253 Marcianus
2927 2207 3173 2279 augustas
3200 2196 3448 2250 Palladio
3477 2196 3738 2266 praefecto

2867 2280 3116 2337 prostant.

2271 2363 2419 2420 Licet
2445 2364 2555 2432 jam
2583 2364 2801 2434 jamque
2832 2361 3195 2417 sacratissima
3223 2359 3620 2415 constitutione
3648 2373 3806 2413 man-

2197 2456 2493 2512 suetudinis
2526 2471 2661 2512 meze
2691 2464 2906 2510 cautum
2942 2469 3001 2507 ac
3045 2453 3326 2509 deﬁnitum
3359 2454 3431 2508 sit
3479 2468 3601 2522 quae
3631 2454 3688 2507 in
3719 2469 3815 2506 eos

2195 2549 2457 2604 severitas
2486 2548 2787 2603 exercenda
2826 2547 2894 2600 sit
2926 2547 3012 2615 qui
3047 2545 3367 2616 Eutychetis
3397 2545 3484 2599 vel
3521 2544 3817 2613 Apollina-

2196 2639 2271 2694 ris
2303 2637 2607 2694 haereticam
2642 2637 3048 2707 perversitatem
3081 2636 3207 2710 [εἴη
3242 2636 3592 2707 pravitatem]
3629 2640 3818 2692 secuti

2197 2745 2225 2783 a
2258 2730 2519 2798 religione
2547 2739 2602 2784 et
2633 2731 2737 2785 fide
2767 2731 3033 2785 catholica
3065 2731 3383 2795 deviarunt;
3419 2730 3819 2785 Alexandrina:

2200 2831 2376 2876 tamen
2403 2821 2552 2876 urbis
2576 2823 2724 2877 cives
2755 2833 2916 2892 atque
2942 2823 3272 2878 habitatores
3301 2825 3466 2878 tantis
3491 2835 3624 2878 sunt
3648 2823 3821 2893 Apol-

2197 2913 2387 2969 linaris
2418 2913 2603 2968 infecti
2629 2915 2871 2975 venenis,
2907 2923 2962 2966 ut
2989 2915 3356 2968 necessarium
3390 2914 3561 2968 fuerit
3594 2929 3665 2970 ea
3698 2929 3822 2982 qua:

2195 3017 2318 3062 ante
2342 3007 2451 3076 jam
2483 3008 2757 3062 sanximus
2801 2988 3028 3076 repetita
3073 3007 3235 3061 etiam
3283 3021 3429 3062 nunc
3463 3006 3580 3077 lege
3614 3006 3824 3062 decer-

2197 3117 2348 3158 nere.
2380 3102 2607 3171 Oportet
2648 3102 2793 3156 enim
2829 3110 2886 3156 ut
2922 3101 2993 3156 sit
3037 3116 3328 3156 numerosa
3369 3102 3644 3156 severitas
3693 3117 3826 3156 san-

2197 3196 2459 3261 ctionum,
2511 3195 2598 3248 ubi
2647 3205 2730 3249 est
2777 3191 2994 3248 licentia
3041 3194 3232 3249 crebra
3282 3194 3591 3262 culparum,
3632 3205 3826 3247 custo-

486 3299 716 3351 antehac
751 3297 932 3351 clerici
963 3297 1382 3352 orthodoxorum
1414 3296 1537 3351 lidei
1566 3305 1620 3350 et
1665 3295 1918 3349 monachi
1955 3296 2081 3364 qui-
2111 3266 2156 3328 Ο
2188 3289 2380 3344 dienda
2411 3308 2422 3340 :
2455 3297 2715 3358 przcterea
2741 3286 3060 3341 orthodoxa:
3096 3286 3219 3341 lidei
3250 3301 3379 3340 cura
3413 3296 3567 3340 tanto
3609 3302 3640 3338 a
3669 3302 3828 3340 sere-

487 3387 633 3454 dem,
680 3391 772 3458 qui
823 3388 1078 3458 Eutychis
1124 3388 1434 3442 habitavere
1488 3387 1867 3451 diversorium,
1907 3403 2081 3457 neque

485 3481 629 3535 enim
673 3481 1056 3536 monasterium
1087 3479 1370 3535 dicendum
1399 3488 1484 3534 est
1512 3478 1658 3549 quod
1685 3479 1961 3547 religionis
1990 3483 2082 3533 ha-

485 3569 604 3625 buit
633 3571 901 3637 inimicos,
930 3571 1019 3639 qui
1048 3570 1225 3625 adhuc
1269 3585 1433 3639 usque
1455 3569 1676 3623 insania:
1708 3579 2086 3638 processerunt

490 3663 687 3717 relicto
715 3663 1036 3717 venerabilis
1068 3662 1339 3733 religionis
1367 3663 1513 3715 cultu
1543 3670 1596 3716 et
1624 3662 1878 3733 synodico
1900 3661 2083 3718 decre-

483 3764 562 3820 to,
593 3755 733 3824 quod
759 3755 922 3809 totius
948 3770 1084 3822 pene
1112 3755 1259 3809 orbis
1288 3753 1632 3809 Chalcedone
1664 3756 1956 3810 coadunati
1988 3757 2083 3811 de-

483 3843 707 3900 ﬁuivere
736 3846 1065 3910 sacerdotes,
1101 3843 1390 3900 infaustam
1427 3845 1738 3916 Eutychetis
1785 3855 2082 3915 sequuntur

485 3938 863 4004 assertionem,
892 3939 1039 4005 quia,
1057 3951 1182 3991 vera
1203 3937 1320 3992 luce
1347 3937 1583 4002 deserta,
1614 3938 1860 3991 tenebras
1881 3937 2082 4006 eliges-

483 4029 584 4084 das
611 4044 734 4084 esse
781 4027 1151 4096 crediderunt,
1201 4027 1452 4082 omnibus
1502 4026 1677 4096 poenis
1708 4042 1826 4094 quae
1853 4029 1934 4080 vel
1984 4029 2082 4082 hac

481 4124 570 4180 vel
594 4123 1021 4191 praecedentibus
1052 4121 1261 4190 legibus
1286 4120 1547 4175 adversus
1576 4120 1859 4173 haereticos
1888 4117 2080 4173 delini-

481 4223 704 4268 taesunt
752 4214 997 4283 iubemus
1052 4214 1244 4279 teneri,
1299 4212 1407 4267 imo
1429 4220 1579 4266 extra
1636 4211 1934 4264 Romanum
1983 4226 2080 4265 ex-

478 4304 606 4374 pelli
628 4304 824 4369 solum,
855 4306 996 4358 sicut
1011 4303 1371 4372 praecedentes
1394 4302 1806 4372 religiosissima:
1827 4303 2082 4358 constitu-

481 4396 660 4451 tiones
690 4396 758 4451 de
789 4395 1097 4449 Manicha-is
1114 4396 1463 4458 constituere,
1492 4408 1560 4448 ne
1592 4408 1776 4448 eorum
1805 4397 2079 4450 venenatis

483 4488 755 4545 fraudibus
779 4487 1156 4554 sceleratisque
1178 4487 1491 4539 commentis
1515 4486 1860 4540 innocentum
1897 4489 1976 4539 vel
2003 4491 2078 4540 in-

482 4582 764 4639 ﬁrmorum
796 4582 956 4634 animi
1001 4579 1353 4644 decipiantur.
1389 4578 1759 4645 Comperimus
1816 4587 2072 4648 praeterea

479 4672 728 4745 quaedam
758 4686 851 4725 eos
885 4671 936 4725 in
953 4670 1327 4724 contumeliam
1361 4668 1630 4736 religionis
1652 4679 1704 4722 et
1734 4670 1784 4721 in
1817 4669 2072 4723 invidiam

479 4763 808 4820 venerabilis
830 4761 1098 4831 synodicae
1121 4758 1448 4813 deﬁnitionis
1467 4756 1630 4812 fuisse
1658 4759 1924 4822 mentitos,
1949 4775 2076 4814 con-

479 4855 808 4922 scriptisque
837 4851 985 4904 libris
1034 4859 1087 4903 et
1116 4849 1418 4902 chartarum
1452 4849 1612 4901 tomis
1645 4851 1796 4915 plura
1830 4848 2070 4915 finxisse,

479 4960 598 5015 quae
627 4959 812 5000 eorum
860 4941 1121 4996 insaniam
1149 4940 1401 4993 adversus
1433 4954 1610 4992 veram
1645 4949 1668 4974 ³
1703 4940 1860 4992 fidem
1891 4950 2074 5008 aperte

478 5037 781 5105 signarent;
807 5031 1097 5102 atqueideo
1121 5030 1454 5099 praecipimus
1478 5029 1775 5098 ubicunque
1793 5030 2069 5098 hujusmo-

478 5125 531 5180 di
557 5125 754 5193 scripta
780 5132 986 5192 reperta
1011 5120 1445 5189 fuerint,ignibus
1468 5120 1788 5174 concremari
1817 5138 1830 5172 τ
1863 5135 1956 5174 eos
1987 5137 2073 5176 ve-

477 5231 541 5271 ro
588 5216 680 5285 qui
712 5214 794 5270 vel
821 5213 1154 5283 scripserint,
1189 5211 1271 5264 vel
1315 5211 1433 5265 aliis
1483 5211 1704 5280 legenda
1759 5212 2072 5284 tradiderint

478 5308 705 5362 docendi
738 5305 917 5360 studio
964 5304 1052 5357 vel
1075 5302 1337 5365 discendi,
1389 5317 1669 5357 censemus
1698 5304 2071 5371 deportationc

478 5398 679 5464 puniri;
716 5396 942 5451 delenda
967 5404 1050 5449 est
1071 5394 1211 5447 enim
1245 5394 1359 5446 haec
1403 5393 1629 5447 infauSta
1657 5396 1878 5450 haeresis
1930 5397 2068 5452 sicut

482 5490 687 5555 pridem
710 5489 900 5544 edictis
928 5485 1230 5541 serenitatis
1253 5495 1449 5539 nostrae
1471 5486 1791 5540 continetur:
1816 5489 2065 5543 omnibus

477 5581 762 5638 adimimus
788 5580 1114 5644 facultatem,
1140 5579 1260 5648 quia
1287 5579 1475 5634 ultimo
1507 5579 1770 5648 supplicio
1789 5583 2062 5638 coercebi-

551 5763 577 5791 ιι
616 5756 695 5812 Ex
721 5755 765 5811 Τ
790 5793 805 5810 .
837 5757 889 5822 1,
917 5754 970 5810 2.
1004 5754 1058 5810 In
1089 5753 1207 5810 aliis
1241 5753 1527 5810 Codicibus
1555 5771 1571 5809 :
1600 5770 1829 5824 meram;
1875 5755 2060 5827 sicque

480 5836 732 5966 Ροῗωέη
755 5899 983 5966 mulcto;
1011 5897 1194 5967 sicque
1222 5899 1584 5968 postmodum.

2188 3384 2354 3439 nitate
2398 3398 2514 3438 mea
2565 3383 2808 3437 adhiberi
2854 3381 3156 3449 impensior
3205 3380 3392 3444 debet,
3452 3391 3674 3448 quanto
3730 3393 3824 3434 rcs

2191 3475 2451 3530 humanas
2473 3474 2650 3529 divina
2675 3473 3006 3542 praecedunt.
3030 3473 3352 3540 Quicunque
3375 3485 3508 3542 ergo
3525 3472 3615 3526 vel
3642 3474 3700 3526 in
3727 3475 3832 3524 hac

2188 3579 2340 3620 sacra
2371 3565 2524 3632 urbe,
2558 3559 2637 3618 vel
2671 3564 2724 3618 in
2763 3563 3131 3619 Alexandrina
3157 3563 3404 3627 civitate,
3438 3563 3524 3616 vel
3555 3563 3610 3614 in
3671 3563 3832 3615 omni

2187 3659 2494 3731 Egyptiaca
2516 3659 2747 3714 ditecese
2774 3658 3110 3726 diversisque
3147 3655 3271 3710 aliis
3305 3655 3612 3724 provinciis
3647 3655 3834 3725 Euty-

2188 3750 2363 3804 chetis
2396 3749 2670 3818 profanam
2700 3749 3107 3817 perversitatem
3139 3757 3469 3816 sequuntur,
3501 3755 3556 3800 et
3593 3750 3674 3801 ita
3716 3763 3832 3800 non

2186 3841 2415 3895 credunt
2444 3850 2500 3894 ut
2530 3843 2758 3895 trecenti
2789 3839 2980 3894 decem
3011 3850 3062 3892 et
3095 3846 3222 3893 octo
3253 3839 3432 3892 sancti
3465 3839 3669 3893 Patres
3708 3849 3834 3894 tra-

2185 3931 2439 3986 diderunt
2495 3933 2817 3986 catholicam
2873 3931 3036 3986 ﬁdem
3099 3932 3152 3985 in
3207 3930 3387 3985 Nicaea
3430 3933 3665 3986 civitate
3706 3933 3837 3985 fnn-

2187 4023 2400 4088 dantes,
2433 4034 2649 4078 centum
2680 4038 2894 4093 quoque
2939 4034 2994 4077 et
3021 4023 3418 4092 quinquaginta
3452 4025 3542 4076 alii
3580 4040 3836 4078 venera-

2185 4116 2322 4172 biles
2350 4117 2587 4186 episc0pi
2632 4117 2725 4185 qui
2770 4117 2820 4169 in
2855 4117 2957 4169 hac
2988 4115 3131 4168 alma
3165 4115 3303 4169 urbe
3333 4114 3836 4186 Constantiniana-

2187 4209 2346 4264 litaua
2373 4220 2559 4280 postea
2581 4223 2979 4277 convenerunt,
3016 4211 3156 4265 sicut
3187 4211 3523 4265 Athanasius
3549 4221 3606 4265 et
3636 4213 3836 4267 Tne-~-

2185 4300 2362 4370 philus
2423 4311 2477 4355 et
2534 4302 2766 4372 Cyrillus
2824 4307 3028 4356 sanctae
3087 4303 3494 4357 recordationis
3548 4305 3825 4373 episcopi

2185 4395 2563 4448 Alexandriam
2619 4396 2852 4448 civitatis
2907 4394 3228 4462 credebant,
3287 4413 3427 4466 quos
3490 4395 3578 4467 [T.
3665 4402 3721 4460 t,
3779 4402 3833 4460 Ξ,

2183 4486 2345 4557 quod]
2375 4488 2537 4541 etiam
2572 4486 2898 4553 Ephesitana
2924 4486 3165 4556 synodus
3193 4489 3280 4541 cui
3310 4488 3488 4543 beatm
3520 4505 3748 4544 metum
3769 4496 3837 4544 im

2183 4578 2419 4648 Cyrillus
2451 4579 2685 4646 prmfuit,
2730 4580 2779 4632 in
2811 4594 2912 4646 qua
2947 4580 3182 4635 Nestorii
3211 4597 3370 4635 error
3397 4585 3679 4650 expulsus
3719 4599 3835 4646 est,

2185 4674 2234 4726 in
2280 4672 2548 4726 universis
2596 4682 2778 4726 secuta
2815 4683 2916 4734 est,
2962 4687 3100 4741 quos
3147 4682 3202 4728 et
3236 4690 3412 4744 nuper
3457 4680 3834 4731 venerabilis

2182 4763 2521 4819 Chalcedone
2553 4765 2792 4835 synodus
2825 4775 2908 4818 est
2938 4775 3124 4820 secuta
3151 4807 3165 4830 ,
3216 4767 3496 4833 prioribus
3546 4773 3836 4825 concitiis

2181 4857 2521 4911 sacerdotum
2557 4874 2618 4912 ex
2655 4857 2799 4910 omni
2835 4872 3060 4926 prorsus
3092 4867 3247 4926 parte
3279 4862 3793 4918 consentientibus
3822 4909 3834 4924 .

2182 4947 2418 5017 nihilque
2461 4947 2703 5001 adimcns
2745 4963 2773 5001 a
2818 4957 3172 5003 sacrosancto
3204 4951 3462 5020 symbolo
3502 4969 3701 5022 neque
3733 4959 3838 5011 ad.

2176 5039 2386 5108 jiciens,
2439 5040 2531 5092 sed
2597 5039 2912 5111 Eutychetis
2965 5039 3219 5110 dogmata
3265 5040 3484 5096 funesta
3534 5050 3836 5100 ροιιαριιι-

2178 5143 2344 5191 nans;
2373 5130 2544 5182 sciant
2580 5143 2639 5184 se
2663 5144 2782 5183 esse
2825 5131 3114 5206 haereticos
3147 5131 3607 5201 Apollinaristas,
3647 5138 3836 5207 Apul-

2178 5220 2365 5273 linaris
2408 5221 2552 5275 enim
2602 5219 3125 5276 facinorosissimam
3169 5233 3377 5278 sectam
3431 5224 3746 5296 Eutyches
3781 5248 3836 5284 (λι

2177 5312 2460 5368 Dioscorus
2491 5324 2669 5368 mente
2705 5314 2964 5384 sacrilega
2995 5317 3173 5371 secuti
3212 5325 3342 5371 sunt
3389 5317 3440 5371 ά.
3469 5319 3742 5391 Ideoque
3785 5327 3837 5378 hi

2175 5417 2361 5458 omnes
2403 5407 2490 5475 qui
2524 5405 2850 5474 Apollinaris
2876 5407 2958 5462 vel
2996 5407 3326 5478 Eutychetis
3363 5414 3834 5478 perversitatem

2172 5507 2486 5564 sequuntur,
2518 5497 2622 5552 illis
2653 5499 2848 5566 poenis,
2876 5516 2997 5569 quae
3034 5515 3061 5553 a
3099 5503 3351 5557 divorum
3399 5512 3551 5558 retro
3588 5508 3836 5576 princi.

2171 5605 2297 5659 pum
2342 5592 2818 5648 constitutionibus
2869 5597 3027 5664 111
3081 5605 3275 5652 contra
3333 5598 3836 5667 Apollinaristas,

2244 5775 2268 5838 ῗ
2404 5768 2454 5832 ί,
2477 5770 2532 5835 9.
2565 5768 2653 5837 U.,
2679 5769 2773 5838 6.,
2799 5770 2955 5827 Data.

2163 5833 2384 5963 ,ωλι-ει
2435 5838 2492 5896 U.
2520 5833 2593 5897 'ln
2636 5833 2700 5897 λ.
2749 5833 2806 5901 et
2847 5843 3074 5916 reliquis
3122 5845 3331 5906 desunt
3374 5847 3603 5908 verbs:
3643 5859 3834 5912 secuti
