3870 6344
130 360 198 418 lTl

922 341 1330 401 GBECORUM
1369 335 1717 398 CONCILIA.
1758 363 1831 383 --
1869 339 2502 400 CHALCEDONENSE.

3272 350 3380 406 178

129 466 473 529 velscrenitatis
510 468 712 518 nostra:
760 460 1104 531 postmodum
1143 461 1424 515 sanctione
1470 466 1657 511 contra
1688 456 1739 514 Α
1768 470 1933 512 naxes
1983 472 2393 531 conventusque
2444 461 2749 528 celebrari;
2804 464 2849 519 si
2898 464 3021 518 vilis
3058 474 3114 519 et
3146 464 3378 533 abjectm

124 562 511 637 Eatychianistas,
535 558 619 613 vel
647 556 750 613 hac
778 557 894 625 ipsa
918 555 1296 624 augustissima
1321 554 1438 621 lege
1467 562 1659 606 contra

123 663 287 717 eosdem
328 657 536 711 decreta
592 662 742 718 sunt,
786 654 1039 706 noverint
1068 665 1127 707 se
1157 666 1276 707 esse
1322 650 1659 716 plectendos.

125 756 277 810 idcirco
297 749 707 821 Apollinaristae,
732 747 835 801 hoc
862 754 968 813 est,
993 744 1435 817 Eutychianistm,
1466 744 1664 813 quibus

124 849 193 902 etsi
214 855 283 901 est
304 846 351 899 in
372 841 728 913 appellatione
752 840 1059 903 diversitas,
1084 847 1170 894 est
1188 847 1367 893 tamen
1397 838 1449 891 in
1478 837 1662 893 haere-

118 944 171 996 sis
207 940 437 1009 pravitate
484 933 817 1002 conjunctio,
850 941 905 986 et
951 931 1139 1000 dispar
1166 930 1385 1000 quidem
1435 944 1658 999 nomen,

117 1036 323 1090 :edidcm
353 1030 711 1099 sacrilegium,
750 1030 866 1084 sive
909 1030 961 1081 in
1016 1027 1118 1081 hac
1160 1028 1298 1080 alma
1328 1026 1460 1081 urbe
1488 1025 1663 1079 diver-

116 1130 252 1196 sisque
294 1123 574 1194 provinciis
620 1122 704 1177 vel
755 1122 809 1176 in
860 1120 1229 1176 Alexandrina
1280 1114 1519 1185 civitate,
1547 1120 1664 1174 sive

115 1224 220 1276 intra
244 1218 602 1289 ﬁgvptiacam
628 1215 905 1271 dioecesim
939 1227 1089 1281 sunt,
1124 1228 1298 1284 neque
1331 1214 1401 1266 ita
1433 1211 1665 1268 credunt

113 1314 219 1384 quod
245 1310 466 1381 pradicti
511 1308 851 1365 venerabiles
900 1308 1093 1363 Patres
1136 1306 1452 1371 credebant,
1487 1320 1663 1374 neque

118 1410 204 1461 viro
229 1402 657 1459 reverentissimo
688 1401 1073 1458 Alexandrina:
1098 1400 1249 1456 urbis
1273 1399 1503 1455 antistiti
1531 1397 1665 1454 Pro-

114 1499 214 1553 tcrio
249 1497 392 1553 iidem
432 1495 797 1551 orthodoxam
843 1494 1052 1549 tenenti
1103 1494 1542 1560 communicant,
1575 1506 1665 1548 se-

109 1589 295 1644 cundum
320 1588 709 1643 sacratissimas
737 1588 986 1641 divorum
1016 1594 1167 1642 retro
1194 1585 1500 1656 principum
1528 1598 1661 1641 con-

114 1680 386 1746 stitutiones,
426 1694 546 1750 qua:
581 1678 650 1734 de
678 1676 1085 1748 Apollinaristis
1119 1677 1473 1749 promulgata:
1509 1686 1658 1744 sunt,

110 1788 189 1828 non
223 1772 436 1827 habeant
482 1779 810 1842 potestatem
853 1770 1087 1825 faciendi
1131 1780 1513 1827 testamentum
1560 1786 1660 1827 nec

108 1864 350 1920 condenda
398 1834 602 1919 ultima:
656 1863 986 1929 voluntatis,
1041 1878 1219 1933 neque
1264 1863 1318 1919 id
1367 1863 1660 1935 adquirant
1689 1834 1739 1895 Β

109 1960 218 2029 quod
254 1961 373 2029 ipsis
412 1976 475 2015 ex
524 1968 852 2015 testamento
896 1959 1213 2030 cujusquam
1260 1958 1419 2015 fuerit
1459 1958 1662 2016 dereli-

110 2064 237 2118 ctum,
265 2052 384 2105 nihil
414 2052 573 2107 etiam
598 2066 665 2106 ex
698 2052 994 2106 donatiOne
1018 2051 1199 2122 aliqua
1226 2062 1659 2122 consequantur;

114 2146 180 2201 sed
203 2147 239 2202 si
265 2146 378 2218 quid
408 2146 459 2201 in
492 2146 641 2217 ipsos
676 2144 760 2200 vel
803 2144 1133 2200 liberalitate
1159 2144 1390 2199 viventis
1420 2144 1506 2199 vel
1540 2159 1663 2199 mo-

116 2241 257 2293 rlentis
302 2238 451 2295 fuerit
498 2239 779 2294 voluntate
828 2237 1106 2303 collatum,
1156 2238 1208 2293 id
1255 2240 1500 2307 protinus
1530 2240 1665 2294 lisco

117 2342 256 2385 nostro
281 2331 567 2399 addicatur,
620 2331 721 2401 ipsi
775 2344 905 2386 vero
948 2330 1002 2385 in
1050 2330 1230 2386 nullos
1254 2331 1459 2400 aliquid
1489 2346 1553 2386 ex
1587 2331 1666 2386 fa-

117 2423 345 2479 cultatibus
368 2425 480 2479 suis
506 2424 820 2479 donationis
842 2423 997 2479 titulo
1024 2432 1079 2478 et
1105 2423 1228 2495 jure
1254 2423 1663 2481 transfundam.

120 2518 354 2587 Episcopus
381 2533 510 2574 vero
561 2526 588 2556 ι
638 2517 725 2572 vel
774 2518 1125 2588 presbyteros
1156 2516 1404 2585 aliosque
1432 2518 1665 2574 clericos

117 2608 190 2661 illis
215 2623 378 2665 creare
399 2620 452 2664 et
484 2608 694 2665 habere
725 2624 832 2663 non
865 2610 1051 2678 liceat,
1093 2608 1392 2665 scientibus
1434 2617 1544 2665 tam
1583 2610 1665 2665 his

117 2701 477 2773 Eutychianistis
535 2704 625 2758 vel
678 2702 1090 2773 Apollinaristis
1142 2702 1235 2773 qui
1291 2703 1412 2757 ausi
1468 2704 1667 2760 fuerint

115 2796 309 2862 cuiquam
348 2796 587 2867 episcopi
621 2796 706 2852 vel
738 2795 1044 2867 presbyteri
1093 2798 1179 2850 vel
1230 2796 1415 2851 clerici
1465 2811 1662 2852 nomen

114 2888 350 2957 impellere,
389 2905 551 2961 quam
603 2891 692 2945 bis
740 2891 830 2960 qui
875 2889 1057 2945 conati
1108 2890 1307 2946 fuerint
1352 2880 1661 2962 impositum

114 2980 377 3037 sibinomen
410 2981 752 3037 sacerdotale
802 2982 1059 3048 retinere,
1112 2996 1327 3052 poenam
1374 2999 1435 3037 se
1479 2982 1664 3038 exsilii

114 3086 201 3125 cum
244 3072 538 3129 facultatum
593 3088 811 3129 suarum
861 3075 1156 3129 amissione
1205 3075 1501 3131 subituros.
1556 3075 1662 3131 Eos

117 3179 211 3219 vero
228 3168 303 3233 qui
324 3169 549 3224 antehac
577 3169 859 3224 catholica:
888 3169 1075 3225 Romae
1096 3170 1445 3226 ecclesiarum
1475 3171 1661 3227 clerici

116 3262 175 3309 vel
199 3258 485 3316 orthodoxa
522 3259 653 3316 ﬁdei
688 3260 938 3317 monachi
973 3260 1194 3328 fuerint,
1226 3270 1285 3318 et
1314 3264 1501 3318 relicto
1532 3278 1663 3319 vero

114 3360 153 3402 et
176 3351 439 3410 orthodoxe
468 3356 864 3426 omnipotentis
894 3357 989 3412 Dei
1018 3357 1192 3422 cultu,
1224 3357 1555 3426 Apollinaris
1581 3356 1666 3412 vel

120 3440 373 3515 Eutychetis
416 3449 677 3505 heresim
709 3458 764 3504 et
793 3450 1048 3519 dogmata
1077 3451 1442 3505 abominanda
1474 3455 1665 3506 sectati

118 3546 207 3589 sunt
226 3541 297 3594 vel
327 3551 442 3609 post
468 3541 591 3596 hac
617 3542 991 3608 sectabuntur,
1022 3544 1278 3598 omnibus
1309 3545 1509 3611 plenis,
1544 3557 1668 3613 qua:

121 3627 178 3679 vel
217 3630 460 3697 prioribus
502 3634 715 3704 legibus
744 3635 1011 3690 adversus
1042 3635 1329 3690 haereticos
1358 3636 1669 3689 constituta:

121 3730 228 3783 sunt.
266 3725 510 3789 jnbemus
564 3726 734 3782 teneri
786 3735 843 3783 et
886 3737 1039 3782 extra
1085 3726 1261 3796 ipsum
1298 3741 1512 3797 quoque
1548 3725 1670 3780 Ro-

122 3813 225 3867 mani
246 3814 439 3887 imperii
468 3819 646 3874 solum
681 3821 831 3887 pelli,
865 3821 1007 3874 sicut
1034 3820 1104 3874 de
1126 3820 1438 3874 Manichaeis
1468 3836 1671 3889 praece-

120 3902 307 3961 dentium
352 3910 529 3981 legum
588 3911 830 3966 instituta
886 3910 1034 3985 [ιΕη
1079 3910 1301 3984 statuta]
1348 3921 1663 3967 sanxerunt.

121 3994 312 4055 Universi
357 4013 624 4071 praterea
664 4003 1068 4072 Apollinaristaa
1108 4005 1195 4059 vel
1237 4004 1671 4074 Eutychianistze

120 4104 195 4144 non
219 4097 479 4160 ecclesias,
513 4112 627 4151 non
672 4097 1005 4153 monasteria
1052 4098 1155 4153 sibi
1194 4098 1551 4163 constituant,
1576 4114 1672 4169 pa-

120 4197 358 4254 rasyuaxes
378 4202 431 4246 et
454 4191 833 4247 conventicula
868 4202 974 4247 tam
998 4192 1187 4248 diurna
1212 4207 1374 4263 quam
1404 4201 1669 4249 nocturna

120 4290 197 4329 non
227 4282 559 4348 contrahant,
593 4299 772 4353 neque
798 4285 866 4337 ad
896 4285 1119 4340 domum
1149 4286 1324 4354 mue
1355 4285 1421 4340 ad
1456 4300 1673 4355 posses-

118 4364 275 4423 sionem
318 4374 657 4444 cujusquam,
711 4390 885 4446 neque
928 4376 997 4431 ad
1034 4377 1443 4445 monasterium,
1471 4378 1556 4433 vel
1606 4377 1674 4432 ad

119 4474 435 4536 quemcunque
467 4468 672 4533 locum,
702 4467 729 4507 δ
749 4479 1067 4539 operatores
1098 4480 1262 4525 sectae
1291 4469 1674 4525 funestissima

1766 551 2095 607 conditionis
2144 563 2289 618 sunt,
2348 554 2577 610 fustibus
2620 555 2835 623 publice
2885 568 2906 593 ο
2957 565 3014 613 et
3061 558 3114 612 in
3156 573 3375 628 pugnam

1768 660 1917 699 suam
1946 656 2001 702 et
2032 648 2083 701 in
2132 649 2364 704 aliorum
2412 662 2769 706 exerceantur
2808 652 3147 722 exemplum;
3202 653 3246 707 si
3280 655 3382 708 ho-

1767 751 1937 796 nestae
1965 758 2097 797 vero
2117 758 2363 812 persona:
2396 754 2540 808 sunt,
2570 746 2755 801 decem
2789 744 2952 799 libras
2980 746 3099 801 auri
3129 746 3380 803 mulctati

1769 834 2002 889 nominis
2047 836 2178 890 lisco
2220 844 2409 891 nostro
2460 848 2726 907 cogantur
2758 836 2964 894 inferre
2994 837 3080 909 [T.
3114 838 3170 905 2,
3197 840 3384 896 exsol-

1769 924 1941 997 vere].
1974 926 2189 982 Nullum
2216 939 2476 998 praeterea
2511 931 2953 1000 Apollinaristam
2975 931 3059 987 vel
3088 930 3381 1001 Eutychia-

1768 1021 1966 1076 nislam
2011 1022 2080 1077 ad
2126 1024 2361 1093 aliquam
2400 1025 2655 1095 jnbemus
2687 1028 2931 1095 aspirare
2963 1026 3239 1094 militiam,
3276 1026 3382 1083 nisi

1766 1116 1831 1169 ad
1861 1117 2254 1174 cohortalinam
2300 1122 2382 1176 vel
2436 1120 2796 1187 limitaneam;
2846 1122 2894 1177 si
2938 1124 3027 1192 qui
3059 1137 3192 1177 vero
3222 1131 3380 1177 extra

1767 1210 2161 1267 cohortalinam
2193 1214 2281 1270 vel
2309 1214 2641 1271 limitaneam
2678 1217 2884 1271 inventi
2913 1217 3383 1273 fnerintmilitare

1768 1306 1949 1361 soluto
1979 1306 2126 1380 [/E.,
2154 1308 2220 1363 Τ.
2249 1311 2299 1376 1,
2328 1310 2384 1374 2,
2414 1309 2602 1382 soluti]
2630 1312 2867 1380 cingulo,
2897 1311 3249 1365 honestorum
3284 1308 3385 1365 ho—
3418 1318 3421 1321 '

1768 1400 1971 1454 minum
2023 1412 2081 1457 et
2139 1403 2322 1471 palatii
2372 1405 2757 1459 communione
2812 1405 3118 1473 priventur,
3170 1418 3271 1457 nec
3324 1402 3384 1460 in

1767 1492 1942 1562 aliqua
1976 1492 2080 1548 nisi
2114 1494 2167 1548 in
2201 1509 2265 1549 ea
2294 1494 2347 1549 in
2372 1509 2480 1565 qua
2512 1496 2623 1551 nati
2646 1507 2777 1551 sunt
2805 1496 3031 1552 civitate
3061 1496 3147 1550 vel
3177 1495 3298 1549 vice
3326 1500 3386 1550 et

1766 1585 1988 1654 regione
2037 1598 2365 1642 versentur:
2398 1589 2443 1643 si
2493 1590 2585 1658 qui
2638 1603 2767 1644 vero
2812 1589 2865 1642 in
2909 1587 3013 1642 hac
3057 1586 3202 1641 alma
3246 1583 3388 1642 urbe

1766 1680 1874 1733 nati
1902 1688 2047 1742 sunt,
2081 1687 2189 1735 tam
2220 1681 2593 1736 sacratissimo
2616 1681 2874 1737 comitatu
2906 1694 3067 1750 quam
3098 1675 3249 1732 omni
3280 1688 3381 1745 per

1766 1777 2099 1844 provinciam
2143 1779 2565 1848 melropoiitana
2613 1778 2836 1833 civitate
2888 1777 3180 1846 pellantur.
3235 1772 3383 1830 Nulli

1767 1869 1988 1938 insuper
2021 1870 2453 1943 Eutychianistc
2482 1872 2573 1928 vel
2605 1871 3011 1940 Apollinaristze
3042 1867 3261 1941 publice
3290 1866 3384 1925 vel

1768 1962 2021 2031 privatim
2057 1972 2229 2019 coetus
2257 1972 2311 2019 et
2340 1963 2575 2019 circulos
2616 1964 2975 2021 contrahendi
3007 1971 3065 2019 et
3090 1963 3162 2019 de
3190 1974 3385 2018 errore

1768 2056 2027 2112 heretico
2081 2056 2391 2127 disputandi
2454 2066 2548 2111 aut
2608 2058 3022 2128 perversitatem
3082 2052 3383 2110 facinorosi

1765 2147 2039 2218 dogmatis
2080 2150 2359 2203 asserendi
2413 2150 2682 2203 tribuatur
2731 2146 3161 2203 facultasznulli
3213 2146 3380 2202 etiam

1766 2248 1957 2294 contra
1985 2240 2357 2296 venerabilem
2388 2241 2896 2297 Chalcedonensem
2927 2241 3195 2313 synodum
3219 2238 3383 2295 liceat

1765 2332 1969 2401 aliquid
2024 2332 2108 2387 vel
2149 2334 2355 2388 dictare
2386 2334 2467 2389 vel
2513 2335 2779 2401 scribere,
2831 2337 2918 2391 vel
2986 2334 3168 2404 legere
3217 2343 3385 2403 atque

1767 2426 2024 2482 emittere
2056 2436 2148 2481 aut
2175 2426 2407 2482 aliorum
2456 2442 2621 2498 super
2670 2428 2862 2484 eadem
2907 2442 2967 2482 re
3003 2428 3205 2497 scripta
3250 2440 3383 2496 pro-

1769 2520 2140 2576 ferreznemo
2194 2520 2503 2587 huiusmodi
2551 2520 2751 2576 habere
2794 2520 2998 2586 libros,
3030 2518 3385 2590 et.sacrilega

1767 2615 2094 2684 scriptorum
2138 2614 2331 2670 audeat
2376 2626 2727 2671 monumenta
2757 2629 3000 2671 servare.
3027 2612 3183 2681 Quod
3212 2612 3257 2667 si
3287 2611 3387 2681 qui

1769 2707 1823 2760 in
1856 2708 1939 2761 his
1971 2706 2294 2762 criminibus
2338 2707 2536 2762 fuerint
2575 2706 2923 2778 deprehensi,
2979 2714 3238 2775 perpetua
3277 2703 3390 2761 de-

1771 2799 2079 2867 portationc
2111 2798 2438 2854 damnentur
2463 2817 2476 2865 ;
2525 2814 2620 2854 eos
2646 2813 2779 2854 vero
2806 2798 2899 2868 qui
2924 2796 3174 2853 discendi
3204 2794 3389 2852 studio

1768 2892 2044 2947 audierint
2070 2892 2141 2947 de
2182 2892 2414 2947 infausta
2459 2892 2655 2947 lizeresi
2702 2891 3063 2961 disputantes,
3098 2890 3289 2944 decem
3324 2888 3392 2943 li-

1768 2986 1986 3042 brarum
2030 2986 2145 3040 auri
2185 3001 2305 3056 quas
2335 2985 2468 3041 fisco
2499 2995 2687 3040 nostro
2722 2983 3025 3040 inferenda:
3064 2991 3193 3037 sunt
3231 2980 3390 3051 jube-

1770 3094 1889 3134 mus
1932 3078 2117 3135 subire
2160 3077 2548 3147 dispendium;
2598 3090 2956 3157 omnesvero
3004 3074 3387 3145 hujuscemodi

1692 3201 1738 3263 Ο
1771 3171 1973 3225 chartae
2004 3184 2069 3225 ac
2099 3169 2258 3234 libri,
2306 3168 2397 3237 qui
2448 3170 2720 3231 funestum
2771 3166 3109 3238 Eutychetis,
3141 3165 3245 3220 hoc
3275 3174 3383 3234 est,

1774 3265 2105 3335 Apollinaris
2151 3264 2361 3319 fuerint
2407 3263 2606 3333 dogma
2648 3262 2941 3332 complexi,
2975 3262 3230 3317 incendio
3257 3274 3394 3315 con-

1771 3368 2103 3423 crementur,
2137 3366 2197 3411 ut
2236 3358 2557 3412 facinorosae
2589 3355 2961 3425 perversitatis
3004 3354 3228 3424 vestigia
3273 3354 3395 3423 ipsa

1774 3450 2006 3505 flammis
2038 3451 2284 3504 ambusta
2313 3449 2633 3519 depereant,
2680 3462 2893 3517 aequum
2942 3462 3181 3516 namque
3212 3456 3297 3501 est
3332 3454 3397 3501 ut

1775 3543 2167 3597 immanissima
2208 3542 2494 3612 sacrilegia
2540 3557 2639 3611 par
2680 3556 2859 3611 paena
2910 3539 3226 3611 magnitudo
3269 3554 3394 3609 per-

1773 3634 1958 3699 cellat,
1990 3633 2197 3687 Palladi
2231 3649 2430 3704 parens
2450 3635 2776 3690 charissime
2801 3642 2964 3705 atque
2992 3632 3393 3690 amantissime.

1775 3728 2003 3783 illustris
2056 3728 2216 3798 igitur
2265 3736 2323 3782 et
2368 3729 2653 3798 magnifica
2697 3728 2992 3783 auctoritas
3024 3734 3261 3807 tuaquae
3292 3726 3395 3782 hac

1778 3819 2152 3873 sacratissima
2195 3819 2582 3875 constitutione
2623 3818 2989 3883 decrevimus,
3021 3818 3076 3874 in
3107 3817 3209 3872 hac
3248 3817 3395 3871 alma

1777 3912 1910 3967 urbe
1939 3912 2283 3983 diversisque
2317 3913 2612 3983 provinciis
2642 3928 2706 3969 ac
2736 3914 3010 3984 praecipue
3056 3916 3112 3968 in
3151 3913 3393 3968 Alexan-

1778 4005 1933 4059 drina
1960 4005 2201 4069 civitate,
2234 4017 2285 4059 et
2320 4021 2417 4073 per
2449 4006 2756 4060 universam
2785 4004 3165 4078 Egyptiacam
3191 4004 3394 4061 dioece-

1778 4094 1880 4149 sim
1912 4094 2101 4149 edictis
2122 4108 2187 4148 ex
2220 4109 2373 4149 more
2402 4092 2717 4164 propositis,
2747 4096 2814 4152 ad
2844 4098 3093 4152 omnium
3142 4098 3393 4153 notitiam

1780 4186 1946 4241 faciat
1988 4189 2292 4255 pervenire,
2340 4197 2399 4242 ut
2428 4201 2619 4244 cuncta
2646 4207 2765 4261 quae
2797 4194 3054 4247 statuitur
3088 4193 3142 4247 in
3177 4207 3273 4247 eos
3299 4190 3393 4261 qui

1782 4280 1861 4334 rei
1894 4279 2095 4334 fuerint
2123 4279 2454 4349 deprehensi
2484 4283 2746 4335 severitas
2772 4283 3016 4349 protinus
3049 4293 3394 4349 exerceatur,

1780 4370 2086 4425 scientibus
2142 4372 2585 4426 moderatoribus
2640 4372 3049 4441 provinciarum
3094 4388 3397 4444 eorumque

1781 4465 2206 4534 apparitoribus,
2256 4466 2643 4521 defensoribus
2683 4467 2851 4520 etiam
2896 4468 3197 4521 civitatum.
3238 4468 3397 4539 113

126 4564 487 4626 tangregentur.
530 4560 690 4627 Quod
722 4562 766 4615 si
800 4560 1029 4617 fecerint
1058 4573 1111 4617 et
1143 4562 1246 4618 hoc
1277 4563 1474 4618 factum
1505 4563 1671 4619 fuisse
1698 4573 1756 4636 ι)
1783 4562 1937 4630 Quod
1964 4564 2009 4618 si
2046 4578 2110 4618 ea
2138 4578 2259 4632 quae
2303 4563 2437 4634 legis
2472 4564 2630 4633 hujus
2670 4562 3078 4632 religiosissima
3114 4561 3398 4617 sanctione

121 4643 291 4703 domino
341 4652 559 4708 volente
606 4654 935 4723 constiterit,
983 4667 1107 4726 post
1151 4673 1267 4713 rem
1303 4658 1355 4713 in
1389 4661 1672 4714 examina-

122 4746 228 4793 uonc
269 4743 455 4811 judicia
502 4746 859 4815 approbatam
908 4748 1101 4803 domus
1156 4750 1237 4806 vel
1293 4750 1566 4820 possessio
1617 4751 1671 4805 in

120 4845 239 4895 lluam
276 4839 624 4894 convenerint
654 4839 785 4895 lisco
816 4842 936 4897 sine
962 4842 1223 4898 dilatione
1255 4844 1516 4911 societur,
1552 4858 1672 4898 mo-

122 4924 360 4979 nasterium
394 4944 525 4983 vero
556 4929 675 4997 ejus
708 4929 949 4987 civitatis
986 4934 1308 4988 orthodoxae
1339 4935 1588 4990 ecclesiae
1618 4936 1670 4989 in

120 5029 234 5082 cuius
270 5020 534 5076 territorio
584 5026 745 5095 112
775 5034 858 5078 est
880 5024 1137 5092 jnbemus
1159 5026 1376 5091 addici;
1426 5028 1471 5081 si
1515 5043 1670 5093 vero,

125 5106 353 5169 ignorante
396 5114 645 5181 domino,
698 5116 903 5171 sciente
941 5104 1071 5173 vero
1105 5120 1195 5189 qui
1250 5121 1541 5189 pensiones
1570 5121 1672 5175 do-

123 5212 208 5251 mus
233 5204 402 5273 exigit,
423 5208 513 5261 vel
540 5209 875 5263 conductore
894 5210 978 5264 vel
1006 5220 1359 5280 procuratore
1382 5213 1466 5265 vel
1491 5220 1676 5270 actore

124 5291 262 5349 medii
304 5311 667 5369 parasynaxes
707 5308 762 5354 et
789 5302 1170 5355 conventicula
1218 5302 1503 5357 interdicta
1544 5316 1677 5357 con-

126 5384 340 5453 venerint,
383 5390 681 5446 conductor
729 5393 815 5448 vel
866 5404 1210 5462 procurator,
1243 5396 1359 5451 sive
1411 5404 1563 5449 actor
1588 5396 1676 5451 vel

124 5477 376 5552 quicunque
424 5484 480 5540 in
527 5485 749 5543 domum
788 5490 873 5544 vel
915 5493 1318 5561 possessionem
1370 5491 1455 5547 vel
1488 5507 1678 5546 mona-

124 5569 298 5628 sterium
344 5572 671 5649 receperint,
714 5597 780 5639 ac
808 5584 951 5654 passi
982 5585 1186 5640 fuerint
1210 5585 1428 5641 illicitas
1450 5601 1678 5657 parasy-

176 5732 195 5816 ξ
229 5726 326 5816 ξη
455 5734 552 5816 3.,
680 5737 737 5816 ξ,
767 5738 821 5816 2,
848 5739 942 5816 ll.,
964 5740 1057 5816 ᾳ..
1087 5759 1313 5816 quoque.

127 5794 551 5915 Μὲἑξιὶὲὲὲὶῷ
592 5808 658 5865 Ε.
682 5794 738 5878 3;
770 5794 835 5867 τ.
862 5794 942 5880 is,
1196 5794 1284 5871 Ἠ
1300 5794 1679 5888 -ᾳιιεηιειιπᾳαε

150 5875 287 5926 τισὶν
315 5875 503 5930 locum.

1780 4654 2135 4709 custodienda
2194 4656 2537 4710 decrevimus
2579 4664 2673 4708 aut
2712 4653 3055 4723 neglexerint
3095 4664 3188 4706 aut
3218 4654 3397 4723 aliqua

1781 4748 2128 4816 permiserint
2180 4749 2487 4804 temeritate
2535 4748 2747 4810 violari,
2784 4747 3044 4802 denarum
3074 4743 3100 4782 δ
3136 4747 3396 4802 librarum

1781 4846 1896 4897 auri
1944 4843 2185 4896 mulctati
2232 4844 2364 4897 lisco
2414 4852 2678 4911 cogantur
2723 4842 2946 4905 inferre,
2979 4842 3200 4910 insuper
3230 4842 3395 4897 etiam

1782 4936 2200 4993 existimationis
2244 4952 2355 4991 sure
2406 4937 2706 5007 periculum
2756 4936 3125 4991 sustinebunt.
3160 4937 3230 4989 Ea
3266 4950 3402 5004 qno-

1782 5046 1887 5102 que
1920 5046 2039 5100 quae
2070 5030 2135 5085 de
2160 5030 2391 5101 Paganis
2433 5045 2533 5099 per
2568 5045 2731 5085 omne
2772 5029 3075 5084 Romanum
3110 5029 3399 5098 imperium

1785 5124 2063 5193 (equaliter
2096 5124 2324 5177 valitura
2355 5123 2712 5192 perennitatis
2743 5133 2943 5177 nostra:
2989 5123 3109 5190 lege
3137 5120 3396 5175 decrevi-

1785 5232 1907 5272 mus
1936 5218 2325 5272 instantissime
2357 5218 2410 5271 in
2441 5232 2537 5272 eos
2570 5214 2951 5282 exerceantur,
2981 5231 3116 5284 quos
3141 5218 3403 5269 constite-

1787 5312 1856 5367 rit
1889 5311 2141 5381 profanos
2184 5313 2316 5365 ritus
2350 5322 2402 5365 et
2432 5312 2847 5366 simulacrorum
2883 5311 3085 5379 impios
3130 5310 3305 5363 cultus
3349 5318 3403 5361 et

1786 5405 2069 5459 interdicta
2118 5406 2217 5458 sibi
2264 5404 2547 5476 sacrilegia
2590 5405 2892 5459 celebrare.
2943 5403 3136 5457 Datum
3176 5403 3277 5455 sub
3309 5401 3402 5456 die

1786 5498 2149 5553 Kalendarum
2199 5500 2424 5569 Augusti
2484 5498 2985 5567 Constantinopoli,
3017 5497 3147 5551 divo
3210 5496 3401 5549 Valen-

1790 5592 1998 5648 tiniano
2026 5608 2121 5647 vm
2155 5602 2209 5647 et
2235 5591 2529 5647 Anthemio
2555 5594 2684 5648 viris
2707 5591 3024 5647 clarissimis
3058 5588 3396 5644 consulibus.

1864 5772 1885 5800 ο
1928 5758 2043 5824 113.,
2076 5758 2294 5826 funibus
2326 5758 2525 5826 publice
2553 5765 2779 5811 centum.

1862 5828 1888 5867 ά
1933 5824 2093 5887 Deest
2120 5831 2258 5885 forte
2280 5824 2489 5899 pondus
2520 5831 2604 5889 Vel
2631 5828 2882 5899 pretium.
2911 5824 3079 5895 8.8.,
3104 5824 3401 5882 denarium
