3870 6342
127 360 195 418 i8l

126 472 406 531 sericordiam
448 460 872 522 ecclesiasticam
913 454 1281 511 commendari
1334 451 1647 507 mandatum
1680 444 1733 505 Δ

126 563 433 634 estredigant,
483 566 573 613 aut
610 555 822 610 insania
866 552 1226 621 praecipitatus
1276 553 1371 600 aut
1411 544 1511 598 alia
1567 556 1656 596 ra-

127 660 233 713 tione
275 651 460 724 peccati
503 649 791 711 discretos,
850 659 955 699 non
1008 641 1216 696 ratione
1270 638 1355 693 vel
1411 646 1655 704 tempore

126 747 388 817 competenti
410 758 515 815 quo
546 740 809 812 martyria
833 736 1195 803 celebrantur,
1228 742 1522 802 martyrum
1554 742 1655 782 no-

124 839 645 909 menappellent:aut
689 833 736 887 si
789 830 910 900 quis
957 829 1013 883 in
1056 825 1307 894 injuriam
1355 830 1653 892 martyrum

123 930 303 990 claritati
338 942 515 985 eorum
558 924 822 995 a'tljungat
862 922 1103 984 insanos,
1134 919 1311 987 placet
1334 928 1428 969 eos
1456 914 1500 967 si
1535 910 1657 967 laici

123 1034 231 1089 sunt,
255 1032 316 1077 au
356 1018 725 1091 penitentiam
756 1014 926 1084 redigi
952 1031 965 1068 :
989 1012 1035 1068 si
1083 1020 1264 1065 autem
1302 1017 1428 1064 sunt
1472 1005 1658 1063 clerici

123 1129 211 1192 post
239 1114 696 1175 commonitionem
731 1119 755 1147 ι
782 1118 838 1165 et
872 1117 997 1180 post
1033 1106 1398 1176 cognitionem
1451 1102 1657 1155 honore

123 1191 288 1280 privari.
313 1206 541 1263 Universi
560 1205 813 1260 dixerunt
836 1217 853 1257 :
889 1200 1051 1274 116
1067 1198 1229 1253 Recte
1250 1194 1438 1252 statuit
1458 1191 1659 1247 sancti-

124 1314 183 1358 tas
204 1311 390 1366 vestra;
434 1302 532 1354 hoc
560 1307 617 1353 et
647 1297 874 1368 singulis
901 1294 1148 1350 conciliis
1174 1298 1434 1347 statutum
1456 1296 1557 1343 est.

123 1397 183 1451 lll.
212 1395 269 1451 Ut
290 1395 452 1449 clerici
476 1394 551 1447 vel
572 1390 998 1446 sanctimoniam
1027 1387 1235 1458 femina:
1257 1398 1375 1436 cum
1405 1380 1661 1437 extraneis

433 1465 553 1519 siris
583 1463 664 1518 vel
686 1463 888 1533 feminis
915 1476 1019 1514 non
1046 1458 1295 1513 habitent.

169 1557 329 1611 Gratus
371 1555 657 1625 episcopus
698 1553 833 1607 dixit
861 1568 877 1607 :
905 1551 970 1605 Et
1015 1548 1149 1603 illud
1183 1547 1476 1617 praecipue,
1508 1544 1553 1599 si
1582 1544 1663 1598 vi-

125 1646 244 1701 detur
278 1656 454 1702 vostra
491 1645 811 1715 dilectioni,
862 1641 1162 1697 cavendum
1202 1650 1286 1697 est
1328 1647 1388 1693 ut
1426 1636 1659 1709 pastoris

121 1757 260 1795 curam
290 1751 533 1810 quantum
564 1740 732 1794 debet
774 1750 830 1794 et
875 1747 1055 1807 potest
1096 1736 1292 1805 regalis
1324 1732 1660 1804 providentia

118 1842 195 1886 tota
221 1834 542 1903 praemuniat,
580 1846 638 1887 ut
664 1832 832 1886 nullis
866 1832 1026 1884 liceat
1051 1829 1325 1884 extraneis
1365 1827 1436 1878 ab
1466 1826 1657 1878 aii'cctu
1692 1817 1743 1879 Β

123 1925 280 1979 carnali
329 1924 721 1980 abstinentibus
782 1922 1000 1977 diverse
1047 1922 1253 1988 pariter
1291 1922 1659 1981 commorari;

118 2020 370 2071 occasiones
395 2019 537 2072 enim
562 2015 914 2083 amputanda
941 2022 1067 2066 sunt
1088 2021 1453 2080 peccatorum,
1483 2020 1538 2064 et
1563 2008 1664 2061 tol-

119 2110 249 2166 lenda:
295 2125 473 2166 omnes
511 2111 873 2178 suspiciones,
918 2106 1116 2177 quibus
1154 2104 1427 2160 subtilitas
1464 2102 1664 2157 diaboli

120 2202 191 2257 sub
211 2214 443 2271 praetextu
482 2203 770 2256 eharitatis
812 2209 869 2255 et
918 2199 1227 2253 dilectionis
1276 2199 1521 2253 incautas
1550 2198 1665 2251 ani-

121 2308 203 2348 mts
233 2296 303 2350 vel
342 2296 547 2367 ignaras
598 2293 817 2349 irretire
864 2293 1172 2348 consuevit.
1203 2292 1392 2347 Nullus
1416 2293 1578 2363 igitur
1610 2303 1665 2347 et

120 2389 226 2439 nulla
261 2388 615 2441 sanctimonia:
651 2396 709 2441 et
735 2387 1036 2456 virginitati
1087 2386 1401 2442 deserviens
1444 2396 1667 2455 propter

120 2478 445 2545 blasphemiam
479 2479 764 2544 Ecclesia,
794 2478 838 2531 si
871 2477 1025 2531 vobis
1054 2478 1251 2546 placet,
1286 2480 1336 2531 iu
1365 2494 1467 2530 una
1499 2479 1665 2531 domo

122 2572 285 2640 penitus
324 2573 647 2628 enumerari
702 2587 808 2627 nou
859 2572 1042 2626 debet.
1096 2571 1338 2626 Universi
1371 2572 1663 2626 dixerunt:

124 2660 195 2729 Qui
232 2665 401 2719 nolunt
457 2666 668 2721 nubere
714 2673 770 2719 et
819 2664 1091 2733 pudicitiae
1140 2664 1417 2719 meliorem
1469 2664 1672 2731 eligunt

126 2762 284 2820 partem
315 2758 476 2812 vitare
503 2758 708 2811 debent
736 2771 843 2810 non
879 2756 1054 2809 solum
1086 2754 1326 2810 habitare
1357 2756 1539 2820 simul,
1572 2755 1667 2810 sed

124 2864 199 2905 nec
224 2850 398 2908 habere
445 2855 512 2907 ad
557 2868 620 2908 se
666 2852 897 2922 aliquem
949 2853 1401 2906 accessum:hoc
1444 2866 1571 2921 ergo
1617 2860 1673 2904 et

125 2939 186 2995 lex
210 2943 340 3010 jubet
368 2952 420 2998 ct
452 2945 717 2999 sanctitas
767 2955 946 2999 vestra
995 2942 1361 3009 commendat,
1410 2942 1511 2997 hoc
1539 2942 1670 2997 etin

126 3032 300 3103 singulis
337 3036 580 3093 conciliis
609 3053 640 3092 a
674 3037 827 3092 nobis
852 3044 1109 3092 statutum
1139 3046 1225 3092 est
1251 3035 1301 3089 δ.
1337 3034 1533 3091 Gratus
1558 3037 1673 3105 epi-

125 3141 275 3198 scopus
314 3133 440 3188 dixit
475 3148 489 3187 :
524 3133 674 3203 Ergo
730 3133 1012 3203 persuasio
1059 3134 1332 3188 interdum
1384 3133 1675 3201 prudentes

124 3226 225 3275 solet
249 3239 416 3280 arcere
442 3241 469 3279 a
503 3227 769 3298 peccatis,
800 3241 922 3281 cum
962 3226 1331 3295 imprudentes
1361 3226 1527 3281 debet
1554 3240 1669 3280 me-

126 3321 189 3369 tot
213 3316 488 3388 huiusmodi
517 3321 921 3391 constringere,
953 3320 998 3375 si
1026 3334 1216 3374 sanum
1261 3319 1548 3374 consiliqu
1581 3335 1670 3374 re-

124 3419 277 3472 spuunt
317 3421 366 3466 et
410 3413 651 3468 salutare
698 3414 1009 3469 mandatum
1043 3413 1127 3479 ;si
1175 3426 1306 3483 ergo
1359 3413 1482 3467 laici
1522 3422 1667 3479 sunt,

127 3512 220 3568 post
261 3510 729 3564 commonitionem
784 3508 830 3563 si
874 3509 1321 3576 contempserint,
1362 3522 1388 3558 a
1430 3522 1673 3561 commu-

127 3596 248 3650 uione
281 3611 622 3669 separentur;
678 3603 724 3656 si
746 3602 929 3657 clerici
957 3612 1103 3666 sunt,
1140 3601 1343 3655 honore
1371 3600 1669 3671 prirentur.

127 3684 318 3744 [πίνει-εἱ
340 3692 591 3749 dixerunt
618 3709 635 3748 :
661 3692 867 3758 Placet,
899 3694 1097 3762 placet.

126 3774 189 3830 ill.
220 3778 276 3833 Ut
301 3799 408 3836 cunt
431 3784 607 3839 viduis
634 3786 714 3839 vel
742 3785 992 3838 vidnabtts
1030 3792 1283 3838 extranea:
1308 3800 1543 3855 persona:
1570 3803 1673 3839 non

670 3866 1072 3910 εοηιιηοτεηιιιν.

176 3939 337 3997 Gratus
380 3948 671 4015 episcopus
721 3946 900 4002 dixit:
936 3948 1057 4001 Etsi
1116 3947 1323 4003 infinita
1378 3961 1505 4004 sunt
1553 3965 1674 4019 qua:

126 4028 211 4100 lege
231 4040 523 4108 praescripta
558 4047 688 4093 sunt
712 4040 1045 4107 prolicientta
1078 4041 1395 4108 disciplinae,
1425 4050 1481 4095 et
1508 4057 1676 4095 unus-

125 4124 306 4194 quisque
351 4139 600 4183 nostrum
648 4140 880 4185 tractatu
916 4132 1135 4187 assiduo
1162 4142 1217 4187 et
1244 4135 1674 4189 commonitioue

123 4213 334 4285 frequenti
375 4223 619 4292 singulas
661 4239 901 4294 quasque
946 4228 1155 4292 FpOCleB
1200 4226 1548 4295 proﬁcientes
1601 4230 1669 4281 ad

130 4310 417 4381 disciplinam
450 4319 655 4386 poterit
689 4318 902 4388 populis
934 4319 1226 4385 intimare;
1274 4328 1456 4374 tamen
1498 4321 1675 4388 aliqua

124 4416 169 4455 ex
194 4405 263 4460 bis
283 4418 495 4479 propter
532 4409 922 4479 blasphemiam
954 4412 1285 4483 suggerenda
1318 4424 1443 4467 sunt
1467 4430 1496 4467 a
1522 4414 1678 4467 nobis

125 4507 165 4550 et
189 4501 229 4553 in
257 4503 477 4559 concilio
510 4504 796 4558 statuenda
825 4522 837 4558 :
869 4509 915 4558 si
953 4506 1162 4559 videtur
1195 4506 1370 4575 vobis,
1403 4507 1515 4574 pari
1549 4522 1673 4562 sen-
1704 4545 1758 4607 Β

126 4593 249 4646 tentia
293 4606 578 4651 teneantur
629 4598 792 4651 etiam
839 4599 917 4661 bi,
956 4603 1200 4667 quicum
1230 4598 1406 4654 viduis
1434 4614 1678 4655 Commo-

126 4696 272 4737 rantur
315 4697 365 4741 et
406 4689 553 4743 nulla
583 4702 705 4743 cum
737 4703 796 4745 se
822 4690 1179 4759 germanitate
1220 4693 1489 4761 COnjuttcti
1531 4704 1676 4749 sunt.

127 4770 325 4832 [aversi
354 4780 614 4835 dixerunt
645 4796 660 4834 :
694 4781 765 4835 Et
796 4784 948 4848 juxta
979 4781 1169 4838 viduos
1198 4792 1253 4839 et
1273 4786 1467 4841 viduas
1487 4787 1676 4844 eadem

129 4868 187 4919 lex
214 4882 407 4926 maneat
428 4881 483 4927 et
508 4872 801 4928 sententia.

129 4958 244 5030 117
283 4960 341 5015 ν.
376 4963 443 5018 Ut
480 4964 662 5019 clerici
700 4976 748 5019 et
792 4964 917 5018 laici
960 4967 1012 5020 in
1054 4968 1267 5023 alterius
1318 4971 1529 5027 ecclesia
1576 4989 1683 5028 non

712 5038 1039 5091 ordinentur.

177 5122 397 5185 Privatus
443 5132 737 5200 episcopus
781 5132 1186 5201 Bejeiselitauus
1227 5134 1391 5191 dixit:
1442 5137 1683 5210 Suggero

127 5220 351 5275 tanctitati
399 5234 621 5292 vestrae,
655 5233 714 5280 ut
737 5231 989 5282 statuatis
1040 5243 1145 5283 non
1177 5229 1377 5286 debere
1423 5230 1683 5287 clericum

126 5310 312 5368 alienum
348 5318 416 5372 ab
440 5317 626 5387 aliquo
656 5318 859 5388 suscipi
908 5320 1027 5376 sine
1062 5321 1262 5378 iitteris
1292 5324 1531 5393 episcopi
1576 5325 1681 5392 sui,

128 5472 305 5599 αἱᾹὲ
336 5474 449 5545 ,θη
497 5476 563 5533 τ.
590 5476 650 5547 2,
684 5477 772 5546 υ..
803 5478 867 5535 G.
898 5480 954 5536 In
984 5481 1049 5535 Α.
1080 5490 1135 5538 et
1156 5482 1380 5553 reliquis
1406 5500 1420 5539 ε
1447 5500 1685 5541 commu-

182 5612 203 5649 δ
237 5616 293 5692 ρ.
336 5615 425 5692 (ᾖ,
464 5638 496 5673 a
527 5621 675 5675 nobis
703 5622 1166 5692 sic'conﬁrmatum
1195 5636 1284 5681 aut
1312 5636 1563 5683 statutum
1586 5638 1684 5688 est.

184 5684 528 5788 :Ew‘Beﬂ.”
557 5692 621 5747 Τ.
657 5695 710 5760 l,
746 5694 834 5761 U.,,
857 5684 948 5761 GI,
973 5712 1271 5754 concessum
1300 5698 1502 5756 habeat.

227 5756 278 5810 in
304 5762 702 5810 Ludunt-ns--.“
734 5782 838 5810 non
864 5768 1131 5810 accedant-

249 5774 278 5814 t1
304 5762 703 5820 inliciens..."
734 5782 838 5820 non
864 5768 1132 5824 accedant.

183 5833 201 5858 '
228 5828 308 5895 υ..
333 5842 380 5886 et
411 5850 673 5892 nemo.....
704 5838 930 5893 accedet.

989 334 1267 399 AFRICE
1307 329 1647 393 CONCILIA.
1681 352 1761 375 -
1795 314 2384 382 CARTHAGINENSB
2420 312 2462 370 Ι.

3264 300 3369 361 189

1760 454 1935 511 neque
1960 438 2099 506 apud
2122 450 2181 491 se
2209 435 2473 498 detinere,
2506 429 2601 483 sed
2630 440 2806 499 neque
2856 428 3050 484 laicum
3106 441 3369 499 usurpare

1761 536 1862 591 sibi
1896 535 1961 588 de
1992 533 2149 603 plebe
2173 531 2365 589 aliena.
2399 538 2458 582 ut
2490 540 2615 580 eum
2641 524 2858 580 ordinet
2897 524 3017 579 sine
3036 525 3370 579 conscientia

1762 626 1881 695 ejus
1923 624 2167 693 episcOpi
2205 622 2273 677 de
2312 620 2468 689 cujus
2501 618 2662 687 plebe
2702 625 2807 670 est.
2841 616 3040 670 Gratus
3082 618 3374 685 episc0pus

1763 720 1929 774 dixit:
1961 718 2087 773 Hac
2112 716 2392 770 observata
2416 727 2505 768 res
2526 724 2713 782 paceni
2737 708 2997 777 custodit,
3026 723 3150 763 nam
3181 719 3237 763 et
3259 724 3375 763 me-

1764 813 1897 869 mini
1931 810 2255 867 sanctissimi
2286 806 2504 862 concilii
2549 803 2892 859 Sardicensis
2923 803 3173 858 similiter
3205 810 3379 857 statu-

1768 916 1907 971 tum,
1940 914 1997 959 ut
2024 917 2186 959 nemo
2214 901 2435 956 alterius
2462 898 2638 969 plebis
2670 896 2945 952 hominem
2977 894 3080 949 sibi
3130 901 3374 965 usurpet,

1764 1000 1859 1054 sed
1891 998 1933 1051 si
1967 996 2107 1051 forte
2146 996 2253 1050 erit
2279 994 2649 1048 necessarium
2696 988 3049 1053 ordinationi,
3081 995 3141 1041 ut
3181 986 3249 1041 de
3297 987 3378 1041 vi-

1765 1093 1890 1149 cino
1915 1094 2075 1145 homo
2095 1090 2167 1145 sit
2196 1088 2557 1152 necessarius,
2582 1092 2730 1156 petat
2757 1098 2787 1137 a
2818 1081 3024 1152 collega
3052 1092 3153 1135 suo
3176 1091 3229 1135 et
3250 1094 3376 1135 cono

1764 1199 1985 1242 sensum
2013 1182 2208 1238 habeat
2233 1192 2277 1234 ο.

1771 1298 1857 1354 Vl.
1892 1298 1961 1355 Ut
1990 1299 2161 1352 clerici
2186 1305 2329 1351 actus
2359 1294 2703 1416 sa’cularittm‘
2733 1290 2813 1346 sel
2838 1288 3230 1364 procurationes
3275 1305 3382 1345 non

2415 1382 2682 1416 ηιειυιαη
2708 1403 2724 1416 .

2415 1382 2724 1434 suscipiant.

1841 1460 2087 1516 Nicasius
2131 1460 2426 1529 episcopus
2455 1456 2806 1513 Gulusitanus
2853 1456 3024 1514 dixit:
3056 1456 3236 1514 Credo
3269 1457 3385 1526 pla-

1767 1572 1893 1613 cere
1920 1555 2321 1627 suggestionem
2354 1567 2530 1607 meatn
2554 1552 2823 1607 sanctitati
2853 1559 3075 1620 vestrae,
3108 1562 3165 1607 et
3191 1549 3381 1619 displi-

1768 1664 1895 1705 cere
1921 1650 2073 1703 vobis
2111 1656 2170 1702 ut
2198 1646 2287 1716 qui
2335 1646 2579 1700 serviunt
2623 1646 2734 1698 Deo
2773 1654 2828 1698 et
2858 1645 3044 1698 annixi
3076 1652 3202 1697 sunt
3238 1642 3387 1696 clero

1768 1746 2030 1799 accedant
2061 1742 2085 1781 ἀ
2110 1743 2174 1795 ad
2207 1754 2359 1795 actus
2390 1748 2443 1795 et
2466 1738 2993 1794 administrationem
3024 1735 3107 1790 vel
3135 1750 3387 1805 procura-

1772 1840 1976 1892 tionem
2000 1838 2307 1890 domorum.
2335 1831 2533 1886 Gratus
2566 1831 2852 1899 episeopus
2878 1830 3041 1882 dixit:
3072 1828 3135 1881 Et
3171 1837 3390 1895 aposto-

1770 1932 1944 1987 lorum
1973 1940 2172 1984 statuta
2196 1937 2321 1982 sunt
2348 1941 2470 1997 quae
2521 1925 2744 1979 dicunt:
2794 1922 2962 1978 Nemo
3006 1922 3238 1975 militans
3284 1919 3390 1973 Deo

1771 2025 1954 2095 ingerit
1986 2038 2041 2075 se
2058 2019 2275 2091 negotiis
2296 2017 2666 2072 amatoribus:
2707 2015 2933 2085 proinde
2955 2025 3048 2067 aut
3077 2013 3263 2067 clerici
3283 2014 3391 2065 sint

1773 2115 1891 2171 sine
1916 2113 2220 2168 actionibus
2249 2110 2557 2171 domorum,
2577 2115 2669 2161 aut
2694 2115 2908 2160 actores
2928 2105 3046 2159 sine
3076 2104 3257 2158 ollicio
3282 2102 3391 2158 cle-

1773 2212 2033 2266 ricorum.
2070 2206 2315 2264 Universi
2342 2206 2637 2260 dixerunt:
2675 2204 2787 2257 Hoc
2812 2204 3189 2255 observemus.

1774 2322 1887 2378 Vll.
1935 2320 2006 2377 Ut
2036 2320 2210 2375 clerici
2234 2320 2309 2373 vel
2336 2318 2459 2370 laici
2496 2319 2549 2370 in
2578 2316 2749 2368 aliena
2775 2314 2990 2367 ecclesia
3018 2329 3123 2367 non
3162 2328 3393 2368 commu-

2126 2403 2297 2445 nicent
2328 2392 2436 2444 sine
2468 2390 2651 2442 litteris
2691 2389 2913 2457 episwpi
2938 2387 3039 2441 sui.

1847 2486 2136 2542 Cassianus
2161 2484 2445 2541 Usulensis
2475 2486 2762 2551 episcopus
2790 2481 2953 2533 dixit:
2974 2480 3188 2533 Statuat
3212 2477 3393 2547 gravi.

1775 2592 1857 2635 tas
1908 2589 2112 2645 vestra,
2164 2588 2221 2633 ut
2265 2590 2633 2642 unusquisque
2661 2573 2893 2627 clericus
2946 2571 3029 2625 vel
3072 2570 3241 2625 laicus
3288 2585 3395 2624 uott

1775 2676 2179 2727 cmumuuiccttt
2208 2670 2259 2723 in
2294 2672 2393 2723 alia
2430 2669 2584 2737 plebe
2613 2666 2732 2721 sine
2782 2662 2979 2720 litteris
3006 2664 3247 2733 episcolii
3280 2664 3386 2719 sui.

1776 2769 1975 2823 Gratus
2002 2768 2286 2837 episcopus
2320 2765 2494 2817 dixit:
2545 2762 2657 2817 Nisi
2700 2761 2801 2816 hoc
2840 2760 3186 2816 observatum
3226 2758 3388 2813 interit

1778 2863 2091 2917 cntumuuio
2120 2860 2207 2914 [iet
2242 2862 2489 2929 passiva;
2525 2872 2650 2911 nam
2682 2857 2726 2911 si
2753 2872 2878 2910 cum
2912 2854 3108 2909 litteris
3137 2863 3394 2922 receptus

1778 2956 1961 3021 fuerit,
1992 2965 2045 3009 et
2096 2954 2383 3008 concordia
2439 2953 2578 3005 inter
2624 2950 2910 3019 episcopos
2968 2956 3218 3003 servatur
3258 2956 3283 2984 ο
3337 2954 3396 3001 ut

1779 3064 1940 3104 nemo
1968 3048 2180 3102 subtilis
2202 3046 2426 3100 alterius
2447 3044 2658 3114 fugiens
2681 3042 3117 3096 communionem
3137 3040 3204 3093 ad
3227 3038 3393 3093 alium

1784 3141 2015 3196 latenter
2042 3137 2281 3193 accedat.
2322 3136 2572 3192 Universi
2601 3136 2883 3190 dixerunt:
2916 3132 3180 3189 Omnibus
3208 3132 3395 3204 provi-

1785 3233 1883 3288 des
1910 3242 1963 3288 et
1993 3232 2140 3286 clero
2169 3242 2224 3283 et
2254 3229 2406 3284 laicis
2431 3228 2726 3283 consulens
2755 3224 2803 3281 τ.

1785 3345 1917 3401 Vill.
1964 3342 2033 3399 Ut
2066 3342 2318 3414 implicati
2356 3342 2571 3411 negotiis
2613 3340 2823 3414 alienis,
2852 3339 2957 3393 nisi
2994 3346 3151 3393 antea
3193 3338 3401 3393 reddita

2153 3414 2353 3466 ratione
2370 3414 2545 3466 clerici
2570 3429 2667 3465 non
2692 3412 3015 3465 ordinentur.

1852 3527 2072 3597 Magnus
2103 3526 2390 3595 episcopus
2436 3524 2791 3593 Astuagensis
2829 3524 2999 3576 dixit:
3065 3521 3204 3589 Quid
3256 3521 3398 3578 dile-

1779 3608 1945 3678 ctioni
1979 3632 2170 3674 vestra:
2204 3618 2834 3687 videtur,procuratores
2864 3623 2917 3671 et
2940 3623 3172 3681 actores,
3192 3626 3400 3669 tutores

1780 3715 1947 3771 etiam
1981 3728 2075 3767 seu
2102 3721 2385 3766 curatores
2414 3710 2739 3779 pupillorum
2776 3709 2824 3763 si
2855 3710 3091 3762 debeant
3122 3708 3402 3762 ordinari?

1786 3808 1984 3862 Gratus
2010 3804 2301 3875 episcOpus
2329 3803 2498 3858 dixit:
2532 3802 2593 3858 Si
2620 3813 2745 3872 post
2774 3802 3021 3871 deposita
3064 3804 3315 3856 universa
3346 3812 3403 3858 et

1780 3901 1991 3956 reddita
2018 3901 2180 3971 118
2214 3897 2494 3953 ratiocinia
2530 3907 2553 3945 ε
2584 3907 2736 3951 aetus
2765 3898 2887 3951 vitae
2925 3896 3168 3966 ipsorum
3202 3895 3404 3949 fuerint

1780 3990 2114 4057 comprobati
2143 3993 2192 4042 in
2224 3989 2498 4057 omnibus,
2517 3988 2753 4043 debeant
2778 3997 2833 4043 et
2853 4003 2975 4043 cum
3006 3990 3164 4043 laude
3200 3990 3330 4044 cieri
3356 3989 3400 4042 si

1782 4084 2081 4154 pustulatus
2115 4083 2273 4137 fuerit
2304 4082 2510 4138 honore
2552 4084 2859 4149 munerari;
2898 4084 2943 4137 si
2968 4082 3112 4138 enim
3160 4094 3284 4136 ante
3332 4083 3396 4135 li-

1781 4179 2045 4232 bertatem
2097 4178 2439 4246 negotiorum
2488 4178 2572 4233 vel
2618 4180 2924 4232 ciliciorum
2962 4178 3032 4231 ab
3063 4177 3244 4247 aliquo
3277 4180 3401 4232 sine

1781 4271 2216 4326 consideratione
2248 4271 2412 4325 luerit
2453 4270 2758 4335 ordinatus,
2793 4269 3037 4327 Ecclesia
3085 4270 3399 4325 infamatur.

1783 4363 2034 4420 Universi
2062 4366 2351 4420 dixerunt:
2385 4364 2552 4419 Recte
2572 4367 2757 4421 omnia
2780 4367 2970 4420 statuit
2991 4367 3254 4421 sanctitas
3278 4376 3401 4433 tua;

1782 4457 1904 4514 ideo
1931 4472 2051 4527 qua:
2085 4467 2173 4512 tua
2197 4467 2301 4525 est,
2323 4468 2508 4513 nostra
2536 4466 2621 4513 est
2646 4472 2863 4528 quoque
2887 4460 3181 4513 sententia.

1786 4571 1879 4628 1X.
1916 4570 1985 4627 Ut
2010 4572 2130 4627 laici
2161 4574 2372 4629 clericos
2407 4584 2605 4654 actores
2624 4576 2702 4627 vel
2734 4575 3122 4629 ratiocinatores
3154 4573 3253 4630 sibi
3299 4591 3398 4631 non

2423 4654 2759 4700 constituant.

1858 4761 2064 4816 Mettun
2092 4758 2398 4815 Cannensis
2424 4759 2454 4797 ιι
2490 4760 2779 4829 episcOpus
2809 4761 2978 4815 dixit:
3028 4761 3194 4818 [lecte
3232 4771 3404 4819 statu-

1788 4863 1899 4908 tum
1931 4862 2016 4907 est
2045 4862 2103 4908 ut
2142 4853 2365 4907 obnoxii
2402 4854 2631 4923 negotiis
2663 4854 2855 4908 alienis
2894 4870 3001 4907 nou
3048 4855 3398 4923 ordinentur;

1789 4952 1969 4999 tamen
2002 4946 2046 4999 si
2075 4944 2306 5012 dimissi,
2341 4954 2395 4998 et
2418 4947 2618 5013 gratias
2649 4945 2854 5001 referre
2874 4947 3072 5000 debent
3102 4956 3155 5000 et
3184 4963 3213 5001 a
3243 4949 3405 5003 cleri-

1788 5053 1973 5093 corum
1997 5038 2192 5109 injuria
2222 5048 2553 5107 temperare:
2587 5049 2641 5093 et
2686 5040 2819 5108 ipsis
2847 5056 2954 5096 non
2985 5042 3143 5097 liceat
3184 5043 3268 5098 vel
3299 5043 3403 5099 do-

1789 5133 1951 5187 minis
1981 5132 2207 5188 clericos
2232 5142 2446 5189 uostros
2474 5135 2677 5205 eligere
2711 5137 3090 5205 apothecarios
3118 5140 3206 5195 vel
3236 5141 3404 5195 ratio-

1790 5228 2077 5283 cinatores.
2114 5227 2309 5283 Gratus
2340 5230 2627 5300 episcopus
2656 5231 2819 5286 dixit:
2866 5233 3008 5288 Nulli
3057 5234 3278 5290 dubium
3319 5246 3404 5291 est

1790 5320 1930 5390 quod
1970 5335 2159 5377 omnes
2188 5321 2270 5376 vel
2299 5322 2499 5375 domini
2522 5324 2606 5377 vel
2640 5334 3017 5391 procuratores
3048 5327 3136 5381 vel
3164 5328 3401 5395 quicun-

1865 5482 1886 5521 ί
1908 5485 1991 5561 Ex
2023 5484 2248 5561 reliquis
2276 5483 2570 5561 Codicibus
2588 5487 2869 5559 desumpta
2889 5489 3005 5545 haec
3021 5490 3201 5546 lectio.
3228 5492 3285 5549 In
3306 5496 3401 5561 Α..

1790 5567 1845 5611 ut
1869 5557 2067 5611 clericis
2096 5566 2147 5610 et
2178 5557 2310 5611 laico
2337 5559 2676 5613 consulentes.

1864 5636 1892 5675 s
1924 5628 2004 5683 Ex
2033 5628 2095 5685 U.
2129 5629 2184 5684 In
2204 5630 2267 5683 Α.
2294 5640 2348 5682 et
2368 5630 2622 5698 reliquis,
2645 5632 2921 5687 ratiocinia
2949 5634 2992 5688 si
3021 5642 3204 5689 actus:
3240 5633 3401 5695 addi-

1789 5708 1878 5771 tur
1904 5701 2082 5771 itaque
2103 5701 2148 5751 ai
2172 5700 2311 5768 quod
2338 5700 2640 5757 redunda're
2670 5705 2840 5757 visunt
2863 5715 2964 5760 est.

1863 5770 1891 5809 ι·
1916 5770 2493 5852 @§._Metmcmtensis.
2526 5772 2590 5828 T.
2620 5774 2699 5843 2.,
2730 5774 2911 5831 Metam
2937 5779 3264 5834 canonensis.
3310 5780 3404 5851 0.,

1791 5843 1885 5913 G.,
1916 5843 2024 5899 Met
2046 5842 2416 5898 Tuncanensis.
