3870 6338
437 325 541 384 ηδ

1081 318 1464 380 οοιιεοτιο
1499 317 1830 378 CANONUM
1884 318 1946 377 S.
1989 316 2023 375 Il

2151 314 2263 374 I30
2300 313 2569 374 HISPAL.
2612 310 2975 373 ASCRIP'I‘A.

3612 315 3724 376 iu

437 456 539 512 que
581 444 837 509 praesunt,
879 450 1001 493 cum
1062 433 1333 491 audierint
1374 432 1729 489 saluberrima
1778 430 2018 487 instituta
2050 435 2101 493 Α
2128 430 2326 486 Gratus
2354 433 2639 501 episcopus
2667 430 2834 487 dixit:
2867 430 3086 487 Factum
3132 428 3236 487 hoc
3271 429 3566 488 dolendum
3614 443 3723 500 est,

434 535 647 592 concilii
693 542 745 588 et
773 532 875 587 sibi
912 544 1033 587 esse
1074 529 1378 586 consultum
1404 541 1505 583 nec
1540 527 1875 597 impeditum,
1896 539 2025 595 pro-

437 628 608 698 priam
643 624 959 681 inhibebunt
990 622 1238 691 iniuriam
1268 620 1319 676 in
1347 620 1562 675 clericis
1588 617 1785 674 nostris
1813 633 1827 681 ;
1879 614 2020 685 quod

436 720 483 775 si
512 720 566 771 in
595 716 843 785 iniuriam
862 712 1265 769 constitutionis
1294 707 1655 777 imperatoriae
1684 705 1917 760 clericos
1940 703 2026 759 in-

438 811 753 884 quietandos
798 806 1129 878 putaverint,
1162 814 1217 859 et
1244 804 1485 862 delensio
1509 799 1870 855 ecclesiastica
1918 810 2024 852 non

438 907 611 961 deerit
636 914 689 959 et
713 901 883 972 pudor
914 900 1158 970 publicus
1180 896 1555 953 vindicabitur.
1596 891 1845 948 Universi
1872 892 2027 947 dixe-

434 1007 559 1052 runt
580 1014 591 1049 :
616 993 989 1049 Saluberrima:
1012 991 1345 1062 provisiones
1373 987 1671 1043 debuerunt
1695 994 1844 1041 tanto
1865 982 2023 1040 condi

436 1088 681 1143 concilio.

436 1179 482 1235 Χ
492 1221 507 1235 .
525 1180 605 1234 Ne
619 1180 885 1246 episcopus
899 1178 1107 1232 alterius
1129 1175 1351 1247 episcopi
1364 1173 1532 1246 plebes
1546 1184 1635 1229 aut
1654 1174 1781 1243 ﬁnes
1793 1178 2023 1241 usurpet.

505 1271 652 1327 Felix
676 1270 963 1341 episcopus
989 1268 1231 1339 Bajensis
1260 1267 1425 1322 dixit:
1457 1264 1642 1320 Nullus
1680 1264 1840 1321 debet
1865 1264 2029 1320 colle-

432 1379 512 1434 gae
540 1363 714 1418 facere
745 1361 1016 1432 iniuriam,
1049 1358 1203 1414 multi
1234 1359 1378 1413 enim
1408 1364 1461 1411 et
1483 1354 1865 1412 transcendunt
1903 1368 2027 1409 suas

435 1463 490 1511 et
530 1461 786 1522 usurpant
824 1452 1028 1506 alienas
1054 1448 1260 1518 plebes,
1297 1447 1426 1517 ipsis
1450 1446 1656 1501 invitis.
1694 1444 1891 1500 Gratus
1912 1444 2028 1515 epi-

431 1561 625 1616 scopus
637 1546 799 1601 dixit:
824 1543 1079 1600 Avaritia:
1103 1541 1446 1611 cupiditatem
1472 1549 1498 1577 ε
1519 1539 1755 1596 radicem
1786 1538 2023 1593 omnium

438 1640 703 1693 malorum
734 1653 855 1693 esse
883 1651 1040 1691 nemo
1068 1646 1152 1690 est
1180 1635 1269 1705 qui
1300 1634 1505 1689 dubitet
1534 1631 1562 1671 δ
1588 1649 1602 1686 :
1627 1631 1849 1702 proinde
1886 1628 2028 1685 inhi-

430 1731 664 1787 ben‘dum
682 1739 763 1785 est
784 1745 854 1786 ne
875 1728 993 1799 quis
1010 1727 1212 1783 alienos
1237 1727 1368 1782 lines
1400 1732 1620 1794 usurpet
1640 1732 1734 1779 aut
1750 1733 2030 1779 transcen-

2131 530 2191 577 ut
2238 523 2291 578 in
2330 538 2390 579 se
2428 523 2653 579 llliciant
2698 523 3013 595 populorum
3088 524 3458 595 imperitomm
3508 526 3727 584 animos

2130 624 2320 671 contra
2349 615 2708 684 disciplinam,
2732 624 2921 671 contra
2963 616 3325 687 evangelium
3348 616 3723 687 traditionem,

2129 715 2311 763 contra
2341 708 2537 777 placita
2579 709 2757 776 pacis;
2800 723 2922 763 nam
2954 709 3000 763 si
3042 707 3143 763 sibi
3194 723 3357 778 posse
3406 709 3729 780 contingere

2129 801 2541 871 arbitrarentur,
2567 815 2837 872 nunquam
2882 800 3124 871 proiecto
3167 802 3220 857 in
3262 801 3484 858 fratrem
3531 802 3734 873 aliquis

2128 894 2473 967 deliquisset:
2507 896 2650 952 unde
2676 905 2767 951 aut
2810 896 2939 952 inita
2970 905 3123 967 pacta
3144 896 3226 951 sui
3253 896 3534 953 obtineant
3560 896 3736 952 lirmi-

2128 996 2314 1055 tatem,
2337 997 2430 1044 aut
2454 997 2776 1058 conventus,
2816 989 2862 1045 si
2886 1002 2947 1045 se
2976 1002 3081 1044 non
3121 988 3437 1053 cohibuerit,
3470 987 3736 1044 ecclesia-

2129 1082 2321 1136 sticam
2375 1082 2570 1136 sentiet
2608 1079 2963 1150 disciplinam.
3007 1078 3255 1136 Universi
3282 1078 3541 1135 dixerunt
3574 1096 3589 1133 :
3621 1076 3735 1133 Pax

2129 1183 2395 1242 servetur,
2436 1182 2590 1241 pacta
2617 1172 3007 1228 custodiantur.

2393 1262 2534 1320 XIII.
2571 1264 2640 1320 Ut
2670 1280 2770 1319 non
2802 1266 2950 1320 liceat
2980 1265 3177 1319 clericis
3206 1264 3451 1335 fenerari.

2197 1354 2573 1413 Abundantius
2584 1358 2869 1428 episcopus
2880 1357 3264 1414 Adrumetinus
3279 1358 3419 1412 dixit
3437 1376 3449 1411 :
3466 1356 3524 1412 In
3540 1366 3738 1413 nostro

2126 1448 2361 1505 concilio
2377 1457 2636 1505 statutum
2666 1458 2751 1505 est
2789 1460 2850 1504 ut
2873 1464 2981 1504 non
3032 1451 3192 1504 liceat
3208 1448 3422 1504 clericis
3454 1448 3732 1503 lenerari:

2128 1544 2257 1614 quid
2287 1543 2447 1600 etiam
2477 1544 2748 1601 sanctitati
2779 1544 2938 1616 130
2958 1553 3061 1598 tuae
3089 1550 3147 1598 et
3175 1542 3298 1598 huic
3321 1542 3553 1598 concilio
3578 1540 3736 1597 vide-

2131 1647 2237 1705 tur,
2294 1638 2545 1707 presenti
2596 1638 2790 1706 placito
2846 1637 3178 1707 designetur.
3211 1633 3407 1689 Gratus
3437 1636 3735 1704 episcopus

2129 1730 2293 1785 dixit:
2326 1728 2543 1786 Novella
2591 1730 2905 1801 suggestio:
2936 1745 3056 1800 qua
3094 1728 3179 1783 vel
3209 1729 3436 1783 obscura
3477 1737 3610 1783 sunt
3647 1727 3735 1783 vel

431 1822 523 1877 dat
558 1822 867 1891 episcopum
893 1794 1176 1887 collegam
1214 1831 1368 1873 suum
1415 1826 1473 1871 el
1518 1824 1743 1885 usurpet
1801 1812 2023 1868 alterius
2054 1794 2100 1854 Β
2129 1821 2232 1878 sub
2247 1794 2916 1892 generelatent,inspecu
2998 1822 3151 1877 nobis
3174 1820 3401 1876 formam
3424 1820 3732 1889 accipient:

431 1915 619 1985 plebes
640 1916 760 1970 sine
781 1914 897 1984 ejus
925 1913 1114 1979 petitu,
1135 1910 1261 1981 quia
1290 1910 1416 1965 inde
1445 1918 1641 1964 cetera
1670 1907 1809 1962 mala
1851 1905 2027 1960 omnia

432 2016 782 2077 generantur.
826 2002 1076 2060 Universi
1103 2001 1388 2056 dixerunt:
1415 1999 1621 2063 Placet,
1652 1998 1844 2067 placet.

430 2098 519 2154 XI.
546 2097 624 2151 De
653 2095 848 2149 clericis
878 2092 1281 2155 contumacibus,
1301 2100 1346 2143 et
1369 2090 1432 2143 de
1452 2102 1664 2143 numero
1679 2086 2026 2159 iudicantium

675 2167 987 2234 episcopum,
1031 2163 1375 2232 presbyterum
1398 2168 1445 2214 et
1474 2161 1766 2214 diaconum.

498 2256 893 2328 Elpidephorus
947 2253 1105 2327 [/E.,
1159 2248 1605 2323 Elipidephorus]
1657 2248 2025 2306 Cuiculitanus

424 2355 708 2423 episcopus
757 2350 924 2405 dixit:
960 2346 1170 2405 Statuat
1204 2344 1459 2401 sanctitas
1496 2352 1699 2413 vestra,
1732 2350 1791 2397 ut
1838 2337 2021 2397 clerici

431 2443 524 2514 qui
564 2442 783 2510 superbi
823 2441 907 2497 vel
951 2450 1290 2495 contumaces
1318 2445 1446 2492 sunt
1494 2442 1889 2491 coerceantur:
1930 2429 2019 2501 qui

429 2536 668 2587 minores
696 2542 820 2585 sunt
848 2536 905 2585 et
936 2530 1234 2599 maioribus
1266 2524 1625 2597 irrogaverint
1652 2523 1876 2593 injurias
1908 2537 2021 2577 me-

425 2634 537 2678 tum
563 2622 798 2679 habeant
826 2620 1144 2692 disciplina.
1165 2618 1362 2673 Gratus
1388 2617 1672 2687 episcopus
1709 2614 1872 2671 dixit:
1913 2613 2023 2667 Ma-

422 2712 676 2768 nifestum
699 2722 781 2767 est
806 2712 951 2766 illum
986 2725 1088 2765 non
1118 2723 1238 2765 esse
1263 2708 1357 2763 Dei
1379 2708 1468 2778 qui
1499 2707 1852 2762 humilitatem
1890 2720 2023 2762 con-

424 2804 661 2867 denmat,
694 2802 788 2858 sed
825 2803 983 2873 119
1026 2800 1221 2855 diaboli
1247 2799 1337 2869 qui
1364 2797 1630 2869 superbia:
1670 2798 1920 2853 inventor
1966 2805 2023 2852 et

425 2897 676 2965 princeps
705 2905 819 2950 est:
852 2894 991 2947 unde
1020 2895 1063 2947 si
1090 2893 1211 2961 quis
1235 2890 1472 2946 tumidus
1494 2889 1576 2945 vel
1600 2892 2019 2945 contumeliosus

424 2986 693 3042 exstiterit
714 2985 767 3039 in
793 2985 1049 3054 majorem
1068 2992 1193 3038 natu
1212 2982 1298 3038 vel
1323 2982 1555 3053 aliquam
1578 2997 1793 3040 causam
1818 2983 2019 3040 habue-

424 3079 514 3141 rit,
546 3094 571 3129 a
604 3072 769 3131 tribus
799 3077 991 3131 vicinis
1018 3076 1306 3145 episcopis,
1335 3075 1381 3130 si
1410 3074 1667 3131 diaconus
1704 3085 1788 3130 est
1812 3076 1906 3144 qui
1934 3088 2022 3129 ar-

2130 1924 2386 1971 casterum
2403 1912 2472 1969 de
2490 1913 2683 1983 quibus
2697 1911 3035 1984 apertissime
3050 1910 3227 1965 divina
3244 1909 3523 1981 Scriptura
3552 1909 3734 1965 sanxit

2131 2019 2237 2061 nou
2291 2004 2820 2061 terenda'sententia
2855 2002 3078 2069 est,sed
3130 2002 3308 2072 potius
3353 1999 3731 2071 exsequenda.

2129 2099 2363 2155 Proinde
2387 2098 2529 2168 quod
2560 2100 2614 2152 in
2640 2097 2792 2153 Iaicis
2814 2095 3260 2166 deprehenditur.
3280 2093 3331 2149 id
3356 2094 3528 2149 multo
3560 2095 3736 2166 magis

2127 2192 2288 2247 debet
2336 2191 2390 2245 in
2438 2189 2647 2245 clericis
2694 2189 3071 2259 prmdamnari.
3139 2187 3388 2243 Universi
3440 2186 3733 2243 dixerunt:

2124 2284 2294 2341 Nemo
2320 2291 2510 2339 contra
2543 2282 3033 2354 prophetas,nemo
3060 2289 3253 2338 contra
3282 2279 3577 2352 Evangelia
3606 2279 3738 2336 Iacit

2122 2380 2241 2435 sine
2269 2376 2531 2448 periculo.

2122 2469 2265 2527 XIV.
2302 2470 2369 2526 Ut
2400 2471 2518 2525 laici
2533 2478 2900 2537 contemptores
2924 2485 3181 2526 canonum
3200 2467 3736 2536 mommuuicenlur,

2543 2543 2712 2596 clerici
2767 2543 2956 2596 honore
3014 2545 3291 2613 primitur.

2194 2630 2396 2688 Gratus
2438 2632 2723 2703 episcopus
2779 2633 2954 2688 dixit:
2993 2633 3148 2689 Juxta
3180 2641 3381 2688 statuta
3422 2630 3642 2687 concilii
3682 2642 3747 2705 et

2121 2740 2258 2783 mea:
2308 2726 2700 2783 mediocritatis
2733 2728 3053 2783 sententiam
3106 2726 3283 2796 placet
3333 2727 3511 2782 lacere
3547 2741 3742 2783 rerum

2119 2818 2361 2875 omnium
2407 2819 2848 2875 conclusionem:
2909 2818 3141 2874 universi
3184 2817 3325 2873 tituli
3364 2816 3631 2889 designati
3684 2828 3743 2876 et

2118 2910 2315 2981 digesti
2346 2917 2568 2967 teneant
2598 2910 2898 2967 sententias
2945 2926 3103 2977 suas;
3144 2926 3278 2968 sane
3319 2910 3484 2967 credo
3513 2926 3614 2966 vos
3657 2921 3744 2967 te-

2120 3018 2275 3070 nere,
2304 3002 2494 3058 multis
2518 3002 2763 3058 conciliis
2786 3018 2815 3057 a
2848 3004 3088 3072 patrihus
3117 3002 3317 3057 nostris
3347 3009 3403 3055 et
3438 3001 3743 3059 traditione

2132 3110 2255 3153 esse
2277 3096 2581 3153 damnatam
2607 3097 3455 3169 etrebaptizationisimpietatem
3480 3112 3604 3153 esse
3630 3114 3741 3164 po,-

422 3169 635 3237 guitur;
667 3167 712 3220 si
735 3168 1016 3239 presbyter
1052 3176 1155 3232 est,
1186 3181 1217 3220 a
1238 3181 1364 3233 sex;
1411 3168 1454 3220 si
1484 3168 1789 3236 episcopus,
1820 3182 1851 3220 a
1892 3167 2023 3222 duo-

2151 3191 2423 3259 iiendam;
2454 3207 2586 3263 quas
2616 3207 2703 3248 res
2746 3193 2906 3248 etiam
2940 3201 3121 3246 nostro
3147 3191 3376 3247 concilio
3407 3192 3572 3248 credo
3618 3191 3744 3261 jam

424 3260 596 3315 decim
638 3260 1117 3316 consacerdotibus
1180 3260 1445 3314 audiatur.
1502 3258 1749 3316 Universi
1791 3261 2023 3329 episcopi

425 3352 710 3407 dixerunt:
737 3352 1003 3406 Contundi
1023 3351 1193 3407 debet
1222 3351 1595 3416 contumacia,
1619 3360 1674 3406 et
1696 3352 1945 3421 superbia
1970 3352 2025 3408 in

429 3445 677 3499 omnibus
719 3444 918 3513 frangi:
946 3456 1120 3497 causae
1150 3456 1278 3499 vero
1319 3458 1418 3514 pro
1447 3444 1690 3513 personis
1717 3442 1786 3497 ab
1825 3450 2025 3500 statuto

428 3551 655 3591 numero
685 3537 989 3593 audiantur.

509 3628 627 3684 XII.
689 3630 758 3685 Ut
786 3634 937 3700 paria
965 3631 1101 3686 inter
1125 3631 1390 3700 episcopos
1417 3630 1545 3684 inita
1574 3631 1949 3685 custodiantur.

500 3724 796 3791 Antigonus
831 3721 918 3794 [Τ.
961 3722 1017 3790 2,
1074 3721 1163 3789 U.,
1217 3722 1554 3796 Antigonius]
1594 3724 1876 3794 episcopus
1915 3722 2024 3777 Ma-

429 3815 665 3886 ginensis
698 3826 719 3853 ε
765 3815 933 3869 dixit:
972 3816 1202 3871 Gravem
1247 3816 1494 3886 iniuriam
1533 3818 1724 3886 patior,
1769 3827 1823 3871 et
1859 3818 2022 3873 credo

428 3908 615 3961 dolere
659 3908 995 3962 sanctitatem
1037 3917 1271 3962 vestram
1317 3908 1694 3962 contumeliam
1748 3917 2024 3975 meam,et

428 4008 742 4067 computare
761 4013 1101 4054 communem
1130 3998 1378 4068 iniuriam
1407 3998 1459 4052 τι.
1488 3998 1773 4067 Optantius
1802 4014 1924 4053 cum
1960 4014 2023 4057 se

430 4098 841 4155 repraesentaret
888 4099 1101 4159 pactum
1152 4104 1361 4145 mecum
1415 4090 1599 4145 habuit
1634 4099 1689 4145 et
1740 4091 2019 4146 divisimus

431 4182 656 4250 plebes;
690 4197 878 4237 manus
911 4191 1109 4238 nostra
1141 4191 1390 4237 tenentur
1432 4193 1489 4237 et
1534 4183 1789 4249 pittacia:
1835 4192 2019 4237 contra

433 4272 537 4327 hoc
560 4283 773 4342 pactum
814 4274 1007 4329 circuit
1034 4274 1217 4343 plebes
1248 4273 1377 4328 mihi
1418 4274 1728 4338 attributas,
1754 4281 1809 4328 et
1837 4288 2021 4328 susur-

432 4374 517 4418 rat
546 4366 755 4433 populis
778 4375 829 4420 ut
860 4365 1007 4420 illum
1042 4366 1273 4431 Patrem,
1305 4381 1389 4421 me
1414 4366 1665 4421 vitricum
1716 4368 2014 4421 nominent.

509 4503 532 4581 ξ
564 4495 655 4581 9.,
683 4498 967 4581 Avaritiam
993 4509 1047 4553 et
1074 4500 1420 4581 cupiditatem.

508 4564 534 4601 δ
562 4566 641 4639 E_x
662 4565 749 4639 ᾧ.
770 4566 850 4639 In
878 4570 946 4627 A.
968 4580 1020 4623 et
1051 4564 1301 4637 reliquis:
1328 4571 1447 4639 quis
1476 4584 1622 4623 nemo
1652 4572 1866 4628 dubitet.

513 4648 536 4675 ο
558 4635 649 4689 ᾸΕ.
682 4637 743 4692 Β.
764 4638 853 4703 R.,
877 4639 942 4694 Τ.
974 4656 1014 4705 ι,
1038 4635 1367 4713 Magirertsis.
1398 4640 1486 4706 U.,
1518 4640 1843 4714 Margiensis.

2132 3284 2425 3339 terminum
2449 3284 2744 3353 accepisse.
2774 3283 3000 3352 Reliqua
3030 3297 3158 3337 vero
3187 3298 3307 3352 quae
3342 3282 3427 3337 vel
3459 3282 3601 3338 facta
3646 3284 3744 3340 vel

2130 3376 2273 3432 dicta
2304 3378 2556 3447 superius
2585 3377 2977 3446 comprehensa
3019 3386 3164 3442 sunt,
3190 3376 3273 3431 vel
3320 3374 3439 3432 aliis
3482 3376 3744 3433 conciliis

2128 3472 2430 3542 conscripta
2470 3472 2764 3527 secundum
2813 3472 2984 3541 legem
3046 3471 3416 3535 inveniuntur,
3452 3471 3745 3529 custodire

2128 3579 2229 3619 nos
2254 3572 2484 3634 oportet.
2516 3564 2574 3619 Si
2600 3566 2719 3633 quis
2750 3578 2878 3618 vero
2900 3573 3095 3618 statuta
3127 3577 3509 3633 supergressus
3538 3578 3747 3620 corru-

2129 3656 2267 3725 perit
2294 3657 2378 3711 vel
2407 3670 2503 3725 pro
2529 3654 2697 3710 nihilo
2728 3655 2973 3711 habenda
3012 3656 3295 3723 putaverit,
3326 3654 3368 3709 si
3406 3656 3575 3709 laicus
3623 3667 3744 3723 est,

2126 3748 2531 3814 communione;
2561 3750 2605 3803 si
2628 3748 2859 3803 clericus
2904 3756 3011 3813 est,
3043 3749 3250 3803 honore
3301 3747 3563 3818 privetur.
3596 3747 3747 3803 Uni-

2126 3842 2268 3895 versi
2290 3840 2564 3896 dixerunt:
2581 3840 2787 3904 Placet,
2804 3843 2995 3910 placet.
3019 3840 3214 3895 Gratus
3232 3839 3517 3909 cpiscopus
3557 3841 3743 3897 dixit:

2126 3932 2385 4002 Superest
2430 3934 2539 4003 jam
2591 3944 2647 3987 ut
2699 3934 2892 4004 placita
2921 3934 3159 3988 omnium
3205 3943 3473 4000 nostrum,
3506 3948 3631 4003 qua:
3664 3936 3745 3993 ad

2128 4042 2454 4083 consensum
2482 4036 2720 4081 vestrum
2744 4036 2867 4081 sunt
2895 4026 3120 4096 scripta,
3155 4037 3332 4083 vestra
3355 4043 3571 4098 quoque
3601 4033 3749 4085 sub-

2124 4119 2419 4189 scriptione
2447 4120 2693 4174 lirmetis.
2714 4118 2959 4174 Uuiversi
2978 4118 3232 4173 dixerunt
3252 4136 3264 4170 :
3288 4118 3351 4172 Et
3382 4120 3748 4178 consensisse

2126 4228 2225 4267 nos
2254 4211 2469 4267 concilii
2497 4212 2653 4279 hujus
2683 4212 2884 4279 scripta
2911 4220 3181 4264 testantur
3210 4228 3220 4260 :
3252 4221 3308 4265 et
3329 4211 3747 4279 subscriptione

2126 4310 2308 4357 nostra
2335 4316 2631 4357 consensus
2669 4300 3031 4355 declarabitur
3062 4310 3264 4355 noster.
3300 4300 3365 4354 Et
3387 4300 3745 4372 subscripse-

2125 4406 2269 4449 I'Uﬂl.

2053 4525 2106 4583 D
2202 4524 2228 4565 ἀ
2261 4527 2336 4581 Ex
2372 4526 2593 4594 reliquis
2637 4533 2829 4593 prmter
2868 4525 2960 4591 A.,
2990 4526 3042 4579 in
3079 4541 3184 4595 quo
3222 4526 3415 4581 desunt
3435 4524 3642 4583 verba:
3694 4538 3745 4583 et

2136 4606 2430 4668 computare
2457 4613 2776 4650 communem
2801 4599 3069 4667 injuriam.

449 4795 3745 4835 Μ

1936 4926 2146 4999 XIII

1376 5099 1745 5158 CONCILIUM
1766 5094 2342 5157 CARTHAGINENSE
2383 5093 2761 5153 SECUNDUM

853 5250 1207 5296 ΙΕΧΔΒΙΝΤΔ
1255 5251 1441 5296 UNIUB
1488 5253 1923 5297 EPISCOPORUM
1969 5254 2023 5296 Ι

2159 5248 2515 5294 CCCCXXVIII
2566 5248 2674 5290 ινι
2718 5248 3050 5293 ιΑιεΝυΔε
3096 5249 3331 5293 JULIAS.

509 5380 908 5439 Gloriosissimo
976 5381 1297 5449 imperatore
1366 5380 1737 5438 Valentiniano
1786 5386 2025 5451 Augusto

437 5486 625 5546 quarto
646 5486 698 5529 et
714 5472 960 5528 NeOterio
986 5472 1112 5528 viris
1125 5473 1436 5528 clarissimis
1453 5475 1781 5540 consulibus,
1799 5477 2024 5532 Cartha-

439 5568 559 5636 gine
595 5567 645 5619 in
697 5564 909 5618 basilica
935 5572 1186 5633 perpetua
1211 5565 1475 5631 restituta,
1494 5581 1613 5623 cum
1632 5568 2023 5639 Gonecliusepi-

440 5670 635 5725 scapus
682 5669 781 5707 una
810 5669 929 5709 cum
958 5654 1171 5711 Victore
1215 5654 1548 5721 Abdiritano,
1576 5665 1629 5712 et
1667 5658 1773 5711 alio
1818 5657 2026 5716 Victore

2134 5382 2516 5453 Puppianensi,
2551 5392 2606 5439 ct
2634 5384 2844 5438 caeteris
2874 5382 3207 5452 coepiscopis
3259 5382 3370 5437 suis
3411 5387 3748 5451 provincia-

2133 5488 2251 5529 rum
2283 5475 2611 5531 diversarum
2646 5482 2668 5510 ο
2698 5473 3090 5529 consedissent.

2250 5572 2401 5640 121
2457 5571 2495 5624 I.
2529 5568 2595 5623 Ut
2628 5567 2850 5622 Trinitas
2877 5577 2925 5623 et
2950 5554 3193 5641 rci’edatur
3212 5576 3259 5622 et
3288 5568 3628 5636 prwdicetur.

2208 5658 2492 5716 Geueclius
2557 5660 2841 5730 episcopus
2897 5658 3033 5715 dixit
3089 5676 3102 5714 :
3174 5658 3549 5731 Omnipotenti
3624 5664 3747 5721 Deo

510 5808 537 5838 ιι
570 5796 629 5853 In
651 5798 717 5852 A.
749 5795 901 5852 deest
927 5809 1028 5851 vox
1055 5794 1403 5864 diuersarum,
1432 5811 1553 5868 quae
1577 5811 1644 5855 ex
1671 5797 1887 5854 caeteris
1930 5795 2213 5859 Codicibus
2241 5796 2524 5859 desumpta
2548 5806 2652 5854 est.
