3870 6346
182 264 225 281 \

171 360 244 419 188
1010 346 1291 409 ΔῨΒΙΟᾹΞ
1330 342 1669 403 CONCILIA.
1710 376 1711 381 η

1820 338 2404 400 CAR‘I‘NAGINENSE
2443 339 2511 397 ll.

3313 346 3416 403 186

168 476 325 552 gratias
347 472 553 536 refero,
602 470 698 541 qui
729 468 975 540 permisit
1012 478 1069 522 ιιι
1104 470 1398 521 secundum
1432 474 1717 516 commune
1744 460 1793 519 Α
1824 456 2066 552 petierit,
2121 457 2166 510 si
2206 454 2492 552 episcopus
2530 454 2724 552 absens
2775 453 2970 552 fuerit,
3020 456 3182 552 deb'et
3231 461 3417 533 Illique

168 565 405 623 consilium
436 574 462 602 ι
506 561 747 616 habitum
778 560 833 616 in
862 561 1154 631 praeterito,
1212 566 1265 612 et
1291 557 1441 624 juxta
1477 563 1716 609 leuorem

170 657 399 731 petitionis
418 656 715 709 litterarum
733 666 971 707 mearum
998 650 1064 704 ad
1086 647 1463 718 Carthaginem
1496 659 1592 716 pro
1615 644 1719 698 fide

166 760 294 819 atque
313 745 529 801 utilitate
543 744 915 799 ecclesiastica
940 740 1217 805 veniretis,
1243 739 1342 793 etsi
1368 754 1474 794 non
1506 750 1716 801 omnes,

169 851 311 893 tamen
338 837 584 906 quoniam
633 844 807 889 totum
851 833 1083 887 citaritas
1116 830 1402 899 persuadet
1433 829 1484 894 δ,
1528 837 1586 881 ιιι
1627 826 1717 897 qui

165 948 353 1004 corpore
393 940 515 986 sunt
562 929 821 984 absentes
847 967 861 991 ,
906 925 1181 980 nobiscum
1221 924 1409 993 spiritu
1437 920 1718 976 videantur

164 1042 257 1081 esse
280 1022 563 1092 conjuncti;
600 1020 829 1084 idcirco,
865 1018 977 1072 Deo
1006 1015 1237 1087 propitio
1267 1016 1390 1085 quia
1422 1021 1717 1083 praesentes

162 1119 285 1180 estis,
314 1117 417 1186 pari
436 1112 778 1185 professione
810 1110 940 1165 fides
970 1108 1335 1164 ecclesiastica
1358 1122 1478 1176 qua:
1501 1120 1597 1175 per
1620 1118 1717 1159 nos

163 1208 352 1263 traditur
381 1206 429 1260 in
479 1205 585 1260 hoc
642 1214 788 1260 cuitu
836 1202 1070 1272 glorioso
1114 1200 1361 1270 primitus
1411 1196 1716 1253 confitenda

160 1308 254 1355 est:
284 1309 399 1353 tunc
426 1296 646 1352 demum
678 1297 812 1352 ordo
860 1295 1261 1350 ecclesiasticus
1290 1288 1616 1363 singulorum
1662 1299 1719 1347 et

162 1404 389 1445 consensu
451 1390 695 1443 omnium
762 1386 1089 1442 astruendus
1144 1384 1212 1440 ad
1286 1382 1716 1439 corroborandas

162 1484 347 1539 fratrum
376 1492 428 1538 et
457 1484 906 1551 eoepiscoporum
940 1487 1248 1536 nostrorum
1290 1492 1459 1546 nuper
1502 1489 1714 1546 promo-

160 1587 305 1630 torum
336 1583 542 1630 mentes
584 1574 655 1630 de
685 1573 770 1628 his
796 1587 918 1643 qua
950 1569 1291 1640 pr0poneuda
1325 1578 1483 1634 sunt,
1515 1582 1634 1636 qua:
1683 1580 1714 1622 a

162 1668 366 1739 patribus
390 1678 534 1722 certa
557 1666 915 1737 dispositione
941 1663 1247 1732 accepimus
1276 1681 1291 1717 :
1317 1672 1375 1719 ut
1396 1661 1710 1717 Trinitatem

160 1774 290 1825 quam
338 1760 529 1813 nostris
573 1759 630 1813 in
662 1757 917 1814 sensibus
962 1762 1331 1812 consecratam
1376 1754 1708 1819 retinemus,

1824 549 2105 619 presbyter
2143 546 2424 601 consulere
2464 546 2801 616 episcopum,
2824 557 2880 604 et
2909 548 2987 604 sic
3016 550 3413 616 periclitantem

1822 638 1939 707 ejus
1989 649 2256 708 praecepto
2299 638 2651 694 reconciliare
2702 656 2715 691 ;
2768 655 2927 709 quam
2981 656 3097 696 rem
3151 642 3413 700 debemus

1820 732 2023 789 salubri
2076 731 2301 787 consilio
2352 733 2630 787 roborare.
2693 733 2772 788 Ab
2824 734 3089 788 universis
3142 736 3409 805 episcopis

1822 825 2023 881 dictum
2064 835 2148 881 est
2186 842 2199 876 :
2233 823 2417 879 Placet
2456 824 2703 881 omnibus
2745 825 2883 895 quod
2928 826 3187 882 sanctitas
3237 840 3414 885 vestra

1821 922 2127 975 necessario
2157 932 2252 973 nos
2284 919 2546 974 instruere
2570 920 2785 989 dignata
2817 929 2917 975 cst.

1822 1012 1883 1068 ν.
1914 1012 1983 1069 Ut
2007 1013 2233 1068 dimcesis
2278 1029 2391 1082 qua:
2434 1015 2728 1138 epizcebpum
2773 1030 3035 1085 nunquam
3092 1014 3270 1069 habuit
3314 1032 3417 1070 non

2554 1103 2583 1138 a
2618 1097 2718 1138 eat.

2554 1097 2718 1139 αυεαε.

1894 1176 2042 1233 Felix
2066 1178 2351 1248 episcopus
2402 1178 2847 1235 Sclemselitanus
2891 1177 3026 1233 dixit
3059 1195 3071 1232 :
3125 1178 3295 1234 Etiam
3323 1221 3337 1243 ,
3364 1182 3413 1238 si

1819 1270 1922 1325 hoc
1972 1270 2147 1341 placet
2202 1272 2472 1327 sanctitati
2497 1280 2712 1336 vestrae,
2759 1273 3004 1337 insinuo,
3054 1282 3112 1326 ut
3145 1272 3410 1330 dimceses

1816 1377 1937 1431 qua:
1980 1377 2251 1433 nunquam
2305 1364 2590 1433 episcopos
2638 1363 2970 1428 habuerunt,
3015 1378 3121 1419 non
3159 1363 3411 1432 habeant,

1817 1453 1901 1508 vel
1932 1454 2018 1508 illa
2056 1453 2308 1511 dimcesis
2338 1470 2463 1525 quae
2502 1454 2789 1526 aliquando
2824 1454 3007 1510 habuit
3058 1456 3251 1511 habeat
3291 1471 3416 1526 pro-

1817 1546 1991 1616 prium
2024 1563 2037 1600 :
2072 1557 2127 1601 et
2155 1548 2199 1600 si
2224 1546 2516 1602 accedente
2546 1555 2812 1614 tempore,
2843 1556 3121 1603 crescente
3153 1547 3287 1612 fide,
3316 1548 3415 1605 Dei

1814 1640 2046 1711 populus
2073 1640 2457 1709 multiplicatus
2478 1638 2867 1695 desideraverit
2897 1643 3171 1709 proprium
3202 1641 3405 1697 habere

1814 1739 2115 1800 rectorem,
2167 1748 2290 1788 cum
2356 1732 2475 1803 ejus
2518 1732 2772 1788 videlicet
2816 1733 3095 1789 voluntate
3149 1734 3201 1787 in
3256 1732 3415 1804 cujus

160 1823 303 1906 Patris
329 1861 382 1906 et
402 1850 522 1906 Filii
547 1860 604 1906 et
626 1850 864 1920 Spiritus
887 1849 1056 1903 sancti
1082 1846 1341 1902 unitatem
1365 1860 1483 1915 quae
1510 1844 1710 1899 nullam

1822 1833 2087 1895 potestate
2115 1823 2367 1881 dimcesis
2393 1825 2683 1880 constituta
2714 1832 2799 1880 est
2828 1825 3023 1880 haheat
3049 1824 3359 1895 episcOpum
3395 1842 3409 1879 :

159 1947 358 2001 noscitur
403 1946 601 2001 habere
631 1944 1019 2008 dili‘erentiam,
1070 1942 1211 1997 sicut
1256 1938 1541 1995 didicimus
1592 1936 1708 2011 [U.,

160 2040 418 2109 discimus],
448 2041 519 2093 ita
553 2038 651 2094 Dei
682 2039 908 2108 populos
942 2038 1293 2091 instruamus.
1326 2033 1408 2088 Ab
1447 2031 1714 2086 universis

156 2130 381 2200 episcopis
421 2130 628 2185 dictum
681 2137 767 2185 est
824 2146 837 2181 :
892 2127 1056 2182 Plane
1112 2125 1190 2181 sic
1247 2123 1583 2194 accepimus,
1636 2121 1717 2178 sic

159 2230 384 2287 latemus,
431 2221 511 2276 sic
540 2222 807 2277 docemus
833 2218 991 2275 fidem
1019 2218 1371 2287 apostolicam
1401 2222 1711 2283 sequentes.

213 2310 263 2365 ΙΙ.
290 2310 354 2367 Ut
372 2314 573 2367 castitas
594 2329 628 2365 a
662 2311 824 2365 lenitis
844 2319 890 2365 et
918 2308 1268 2363 sacerdotibus
1294 2306 1638 2360 custodiatur.

212 2401 479 2472 Epigonius
501 2403 794 2471 episcopus
817 2399 1151 2455 Bullensium
1173 2397 1259 2469 [τ.
1275 2397 1331 2463 2,
1351 2394 1711 2467 Hullensiutn]

159 2492 395 2560 regionu
435 2493 570 2547 dixit
605 2507 622 2547 :
667 2491 804 2547 Cum
847 2490 1125 2562 preterito
1150 2487 1385 2544 concilio
1431 2488 1500 2542 de
1531 2486 1715 2541 conti-

161 2585 306 2639 nentia
335 2595 389 2641 et
431 2587 685 2641 castitate
732 2591 1069 2650 tractaretur,
1103 2581 1299 2652 gradus
1328 2579 1417 2635 isti
1464 2587 1574 2634 tres
1623 2578 1717 2647 qui

159 2681 497 2739 constrictione
537 2682 773 2753 quadam
826 2680 1090 2737 castitatis
1140 2692 1236 2748 per
1273 2674 1714 2731 consecrationes

160 2776 317 2828 annexi
342 2784 464 2830 sunt
489 2818 504 2843 ,
536 2776 831 2843 episcopus
860 2773 1102 2838 inquam,
1133 2768 1410 2838 presbyter
1438 2775 1493 2822 et
1520 2766 1714 2821 diaco-

163 2882 274 2932 nus,
313 2876 532 2923 tractatu
591 2867 844 2937 pleniori,
903 2872 964 2919 ut
1018 2860 1325 2929 pudicitiam
1377 2858 1713 2925 custodiant,

160 2960 431 3017 doceantur.
478 2958 774 3016 Geneclius
821 2959 1110 3027 episcopus
1134 2955 1269 3009 dixit
1310 2971 1323 3008 :
1376 2952 1447 3008 Ut
1470 2952 1717 3022 superius

157 3048 317 3105 dictum
365 3059 478 3115 est,
530 3050 696 3106 decet
750 3054 1124 3103 sacrosanctos
1176 3043 1446 3099 antistites
1502 3056 1567 3097 ac
1620 3042 1715 3097 Dei

156 3145 448 3211 sacerdotes,
494 3158 708 3199 necnon
755 3152 812 3197 et
855 3141 1042 3197 levitas
1079 3138 1163 3195 vel
1212 3138 1300 3209 qui
1356 3137 1710 3193 sacramentis

158 3237 318 3292 divinis
339 3238 666 3306 inserviunt,
698 3236 1039 3293 continentes
1070 3247 1191 3289 esse
1210 3232 1264 3288 in
1294 3230 1578 3295 omnibus,
1606 3244 1711 3299 quo

158 3330 325 3397 possint
361 3329 687 3399 simpliciter
714 3328 854 3399 quod
905 3344 937 3383 a
979 3326 1208 3383 Domino
1239 3324 1514 3394 postulant
1539 3323 1711 3393 impe-

158 3428 284 3485 trare,
311 3431 361 3477 et
391 3432 413 3461 ε
439 3421 588 3493 quod
635 3420 871 3492 apostoli
895 3421 1199 3476 docuerunt
1237 3430 1288 3473 et
1322 3418 1435 3488 ipsa
1476 3416 1715 3471 servavit

156 3513 400 3581 antiquitas
451 3528 554 3569 nos
619 3527 833 3582 quoque
876 3512 1265 3567 custodiamus.
1314 3508 1399 3565 Ab
1446 3508 1713 3563 universis

158 3602 380 3671 episcopis
401 3605 611 3661 dictum
640 3614 726 3660 est
778 3622 792 3658 :
824 3603 1087 3660 Omnibus
1108 3602 1285 3673 placet
1315 3608 1374 3655 ut
1401 3600 1707 3671 episcOpus,

158 3698 391 3767 presbyter
419 3705 476 3753 et
524 3699 813 3766 diaconus,
847 3696 1116 3767 pudicitia
1140 3694 1413 3760 custodes,
1438 3693 1599 3750 etiam
1640 3692 1709 3747 ab

158 3788 373 3843 uxoribus
401 3805 463 3846 se
490 3790 824 3858 abstineant,
854 3798 912 3844 ut
939 3792 993 3843 in
1016 3787 1267 3842 omnibus
1289 3794 1346 3840 et
1368 3784 1437 3839 ab
1461 3784 1711 3838 omnibus

161 3878 370 3935 Pudicitia
398 3880 761 3946 custodiatur,
798 3881 886 3949 qui
916 3878 1108 3934 altario
1138 3878 1456 3933 inserviunt.

158 3987 230 4044 Ill.
255 3990 316 4045 Ut
337 3994 558 4048 chrisma
588 4001 635 4046 et
661 3991 943 4047 benedictio
964 3991 1252 4060 puellarum
1276 4000 1324 4045 et
1354 3987 1709 4045 reconciliatio

396 4064 749 4134 penitentiam
779 4080 811 4116 a
849 4062 1149 4132 presbyteris
1176 4078 1279 4117 non
1303 4063 1417 4131 ﬁat.

210 4172 463 4231 Numidica
506 4175 798 4247 episcopus
826 4172 1185 4228 Maxulitanus
1212 4173 1349 4228 dixit
1392 4190 1405 4226 :
1456 4173 1516 4230 Si
1555 4173 1707 4243 jubet

155 4266 369 4322 sanctitas
394 4277 603 4331 vestra,
632 4280 883 4337 suggero,
914 4280 1039 4319 nam
1067 4265 1285 4321 utemini
1312 4268 1469 4337 122
1503 4273 1708 4333 praete-

155 4356 247 4411 ritis
272 4359 504 4413 conciliis
536 4358 710 4414 fuisse
738 4366 1020 4423 statutum,
1052 4365 1111 4411 ut
1132 4356 1367 4411 chrisma
1400 4356 1486 4411 vel
1512 4369 1709 4411 recon-

154 4448 319 4504 ciliatio
341 4452 725 4519 pmnitentum,
757 4462 967 4504 necnon
1000 4456 1055 4505 et
1084 4449 1385 4518 puellarum
1414 4462 1705 4504 consecra-

1819 1916 2117 1972 secundum
2145 1925 2323 1971 autem
2352 1917 2491 1971 hanc
2520 1916 2944 1987 prosecutionem
2979 1914 3064 1987 [T.
3112 1916 3168 1981 ‘2,
3209 1931 3407 1986 prapo-

1818 2006 2092 2078 sitionem]
2142 2008 2443 2063 sanctitatis
2469 2018 2665 2063 vestrm
2690 2016 2774 2062 est
2816 2007 3084 2063 astimare
3133 2007 3260 2079 quid
3284 2008 3410 2065 fieri

1818 2102 2033 2159 debeat.
2056 2102 2345 2158 Geueclins
2366 2102 2652 2171 episcopus
2670 2101 2805 2157 dixit
2832 2120 2845 2155 :
2877 2102 2931 2159 Si
2959 2102 3132 2172 placet
3161 2102 3403 2157 insinua-

1820 2193 1894 2246 tio
1926 2192 2103 2247 fratris
2156 2204 2211 2249 et
2256 2194 2560 2263 coepiscopi
2590 2194 2760 2250 nostri
2792 2192 2987 2249 Felicis
3007 2235 3021 2259 ,
3060 2195 3129 2248 ab
3157 2193 3409 2249 omnibus

1816 2284 2195 2341 continuatur.
2247 2284 2331 2341 Ah
2380 2286 2648 2342 universis
2693 2286 2961 2356 episc0pis
3002 2287 3204 2341 dictum
3253 2295 3336 2341 est
3388 2302 3401 2340 :

1818 2377 2016 2442 Placet,
2050 2379 2242 2447 placet.

1817 2467 1903 2525 Vl.
1944 2469 2013 2524 Ut
2037 2470 2125 2540 qui
2147 2469 2440 2525 criminibus
2468 2470 2717 2593 implt‘c’ati
2738 2480 2859 2525 sunt
2888 2468 3097 2526 clericos
3126 2486 3227 2525 non
3252 2485 3408 2525 accu-

2549 2558 2635 2593 seu
2666 2580 2681 2593 .

2549 2558 2681 2596 88111.

1888 2634 2169 2692 Numidius
2203 2636 2490 2707 episcopus
2529 2636 2886 2692 Maxulitanus
2923 2635 3059 2691 dixit
3089 2653 3101 2687 :
3139 2634 3411 2691 Praeterea

1817 2740 1942 2785 sunt
1973 2729 2274 2800 quampluri
2307 2745 2414 2784 non
2447 2730 2602 2785 bonae
2628 2729 3076 2793 conversationis,
3106 2729 3194 2799 qui
3219 2728 3409 2784 existi-

1818 2830 1965 2877 mant
1994 2822 2228 2890 majores
2253 2830 2378 2876 natu
2407 2822 2490 2877 vel
2530 2821 2816 2891 episc0pos
2860 2823 3060 2891 passim
3090 2836 3326 2891 vageque
3358 2822 3411 2875 in

1820 2915 2170 2970 accusatione
2210 2914 2544 2983 pulsandos:
2598 2914 2797 2970 debent
2845 2922 2949 2969 tam
2998 2914 3155 2969 facile
3203 2914 3413 2970 admitti

1818 3018 2005 3063 contra
2033 3008 2384 3077 apostolicam
2416 3007 2684 3077 regulam,
2720 3008 2925 3062 necne?
2948 3005 3231 3061 Gctteclius
3260 3008 3407 3075 epis-

1816 3111 1985 3168 copus
2009 3098 2188 3153 dixit:
2217 3098 2397 3154 Placet
2417 3099 2579 3168 igitur
2607 3097 2853 3154 charitati
2894 3107 3089 3153 vestrrc
3111 3142 3127 3167 ,
3161 3107 3218 3151 ut
3245 3098 3291 3153 is
3316 3098 3411 3170 qui

1739 3198 1790 3263 ο
1822 3189 2089 3259 aliquibus
2111 3190 2410 3247 sceleribus
2440 3191 2679 3246 irretitus
2710 3200 2792 3244 est
2814 3204 2999 3245 vocem
3038 3190 3191 3261 123
3220 3189 3411 3243 adver.

1816 3298 1911 3339 sus
1936 3283 2195 3353 majorem
2222 3293 2347 3338 natu
2376 3298 2484 3338 non
2519 3282 2714 3338 habeat
2740 3282 3062 3337 accusandi?
3086 3284 3166 3337 Ab
3194 3281 3414 3338 univer-

1814 3375 1890 3431 sis
1916 3376 2185 3445 episcopis
2214 3377 2415 3429 dictum
2439 3386 2524 3429 est
2557 3394 2569 3429 :
2606 3374 2664 3429 Si
2692 3374 3012 3430 criminosus
3050 3382 3165 3439 est,
3216 3382 3275 3427 ut
3304 3388 3412 3431 nou

1814 3464 2127 3519 admittatur
2151 3465 2398 3520 omnibus
2428 3464 2620 3533 placet.

1816 3555 1930 3613 VII.
1966 3555 2033 3612 Ut
2079 3557 2166 3627 qui
2205 3557 2699 3640 excommunicauit:
2754 3557 2965 3613 alterius
3001 3565 3278 3628 susceperit
3321 3572 3410 3612 ea:-

2402 3637 2817 3684 communicet”.

1893 3719 2044 3775 Felix
2077 3720 2363 3791 episcopus
2389 3720 2835 3777 Selcmselitanus
2860 3719 3035 3775 dixit:
3066 3717 3201 3774 Illud
3230 3728 3409 3777 autem

1811 3824 2043 3880 suggero
2079 3822 2276 3868 vestra
2317 3813 2620 3880 sanctitati,
2654 3822 2714 3867 ut
2744 3813 2795 3866 hi
2838 3814 2927 3882 qui
2959 3829 3054 3881 pro
3084 3816 3409 3872 lacmoribus

1810 3904 1922 3958 suis
1951 3902 2018 3961 de
2048 3904 2289 3960 Ecclesia
2319 3905 2610 3976 pelluntur,
2636 3916 2692 3961 et
2732 3908 2849 3961 ausi
2874 3908 3074 3962 fuerint
3097 3920 3189 3979 aut
3213 3908 3276 3963 ad
3307 3926 3401 3963 co-

1813 3998 2057 4052 mitatum
2092 4014 2313 4069 pergere
2341 4008 2434 4055 aut
2462 4000 2528 4055 ad
2554 3999 2759 4070 judicia
2792 4002 2999 4070 publica
3018 4003 3288 4072 prosilire,
3314 4013 3407 4060 aut

1815 4086 2040 4145 forsitan
2058 4089 2314 4146 Ecclesiae
2328 4091 2610 4147 catholicae
2631 4092 2809 4147 limina
2825 4104 3092 4150 attentare
3112 4099 3400 4167 episcopus

1815 4181 1904 4238 vel
1928 4182 2158 4238 clericus
2197 4183 2488 4253 cujuslibet
2514 4185 2705 4255 plebis,
2746 4186 2813 4241 de
2852 4188 2936 4242 his
2970 4188 3095 4257 quid
3126 4192 3404 4245 censetis?

1810 4272 2105 4343 Epigonius
2133 4275 2417 4343 episcOpus
2446 4276 2773 4333 Bullensium
2803 4279 3081 4349 regionum
3110 4279 3246 4335 dixit
3296 4299 3307 4333 :
3341 4282 3400 4337 Si

1808 4367 1928 4437 quis
1986 4369 2269 4438 episcopus
2318 4371 2755 4425 communionem
2813 4380 3000 4426 tenens
3078 4373 3395 4430 catholicam

1809 4456 2115 4527 hujusmodi
2167 4459 2439 4516 hominem
2499 4461 2646 4516 vanis
2674 4463 3053 4519 blandimentis
3098 4467 3357 4522 incedcrit
3386 4510 3401 4535 ,

157 4538 230 4603 lin.
253 4555 280 4594 a
319 4541 650 4613 presbyteris
679 4556 787 4596 non
829 4542 921 4595 fiat
946 4539 1026 4606 ;si
1054 4540 1173 4609 quis
1198 4548 1374 4593 autem
1422 4540 1703 4595 emerserit

1820 4552 1950 4607 sciat
1971 4566 2093 4606 cum
2125 4552 2313 4608 iisdem
2340 4554 2553 4621 rejectis
2575 4570 2635 4610 se
2665 4571 2786 4613 esse
2816 4558 3186 4627 depravatum,
3224 4571 3402 4616 trans-

157 4631 233 4687 hoc
268 4632 435 4691 facere
457 4677 475 4704 ,
510 4634 639 4705 quid
687 4634 757 4690 de
797 4647 863 4688 eo
907 4632 1245 4688 statuendum
1284 4631 1393 4686 sit?
1420 4630 1703 4687 Geneclius

160 4723 401 4794 cpiscopus
430 4735 454 4765 ο
485 4726 627 4782 dixit
668 4742 685 4782 :
734 4725 951 4780 Audivit
998 4723 1235 4793 dignatio
1278 4731 1453 4779 vestra
1484 4737 1703 4793 sugges-

161 4814 321 4871 tionem
344 4818 520 4875 fratris
544 4829 603 4875 et
630 4818 938 4888 coepiscopi
968 4817 1134 4873 nostri
1164 4815 1435 4881 Numidii;
1483 4815 1609 4885 quid
1634 4816 1702 4872 ad

162 4904 249 4959 hac
290 4907 497 4964 dicitis?
546 4911 629 4965 Ab
673 4909 935 4965 universis
983 4906 1249 4979 episcopis
1306 4907 1502 4961 dictum
1546 4915 1630 4961 est
1686 4925 1700 4961 :

160 4994 439 5055 Chrismatis
491 5000 762 5058 confectio
816 5012 872 5057 et
929 5001 1227 5070 puellarum
1284 5000 1615 5055 consecratio
1670 5013 1701 5054 a

161 5089 446 5160 presbyteris
472 5106 580 5147 non
615 5091 729 5157 ﬁat,
771 5092 855 5148 vel
882 5092 1231 5148 reconciliare
1250 5104 1571 5163 quemquam
1603 5105 1702 5160 pu-

160 5174 269 5233 blica
311 5182 464 5237 missa
498 5183 818 5253 presbytero
847 5197 951 5236 non
984 5184 1143 5239 licere
1182 5184 1285 5237 hoc
1310 5180 1563 5237 omnibus
1590 5181 1703 5250 pla-

159 5280 239 5325 ret.

162 5376 229 5435 IV.
258 5380 319 5436 Ut
365 5386 625 5457 presbyter
667 5386 997 5507 pmnitentettlt
1017 5388 1198 5508 {usus
1235 5386 1299 5441 ab
1331 5387 1573 5457 episcopo
1612 5404 1706 5444 sua

757 5472 955 5508 reconcs
980 5474 1025 5508 ιε
1051 5495 1064 5508 .

757 5472 1064 5511 reconciliet.

218 5543 483 5604 Geneclius
502 5550 786 5620 episcopus
808 5549 940 5604 dixit
969 5566 985 5604 ε
1012 5548 1067 5604 Si
1091 5550 1365 5619 quisquam
1394 5552 1445 5606 in
1467 5551 1701 5621 periculo

1808 4644 1924 4699 iens
1971 4645 2023 4698 in
2083 4655 2283 4701 sortem
2324 4661 2533 4702 eorum.
2578 4648 2869 4705 Geneclius
2894 4653 3177 4721 cpiscopus
3216 4654 3350 4708 dixit
3384 4676 3399 4713 :

1806 4739 1948 4809 Ergo
1978 4748 2124 4796 recte
2152 4751 2451 4811 suggerunt
2473 4742 2671 4799 fratres
2695 4754 2748 4798 et
2775 4748 3081 4816 coepiscopi
3115 4752 3281 4803 nostri
3301 4790 3315 4813 ,
3340 4761 3399 4806 ut

1806 4834 1894 4904 qui
1922 4833 2219 4889 facinorum
2248 4836 2443 4889 merito
2471 4851 2693 4891 suorum
2723 4836 2791 4891 ab
2819 4838 3057 4895 Ecclesia
3088 4842 3225 4911 pulsi
3248 4854 3397 4909 sunt,

1804 4927 1849 4981 si
1898 4929 1966 4983 ab
1994 4929 2171 4999 aliquo
2220 4930 2477 4999 episcopo
2528 4928 2617 4983 vel
2662 4930 2861 4985 clerico
2908 4932 3105 4986 fuerint
3156 4949 3397 4989 commu-

1805 5020 1967 5075 nione
2008 5020 2267 5091 suscepti,
2298 5022 2463 5075 etiam
2496 5020 2612 5089 ipse
2641 5023 2753 5089 pari
2782 5038 2905 5078 cum
2944 5024 3147 5079 eisdem
3171 5028 3396 5082 crimine

1806 5121 2049 5170 teneatur
2104 5113 2385 5168 obnoxius.
2442 5113 2524 5168 Ab
2554 5114 2817 5171 universis
2872 5118 3134 5187 episcopis
3192 5120 3392 5176 dictum

1804 5218 1887 5263 est
1917 5228 1931 5263 :
1964 5208 2227 5262 Omnibus
2252 5208 2445 5277 placet.

1810 5300 1939 5356 Vill.
1973 5300 2039 5355 Ut
2074 5302 2539 5356 excommunicatus
2565 5304 2822 5372 presbyter
2848 5305 2891 5357 si
2932 5305 3221 5372 sacriﬁcam
3256 5324 3392 5374 pm:—

2200 5375 2471 5441 sumpserit
2512 5374 2990 5429 anathematisetur.

1874 5465 2024 5520 Felix
2076 5465 2359 5533 episcopus
2387 5466 2828 5521 Selemselitanus
2876 5467 3050 5520 dixit:
3105 5468 3211 5521 Nec
3256 5470 3386 5525 illud

1803 5557 2315 5625 praztermittendum
2364 5570 2477 5625 est,
2534 5568 2594 5613 ut
2638 5561 2682 5612 si
2712 5560 2831 5628 quis
2860 5560 3077 5613 lorsitnn
3109 5560 3390 5628 presbyter

162 5634 635 5695 fueritceustitutus
676 5649 732 5695 et
756 5655 816 5695 se
846 5639 1184 5695 reconciliari
1218 5641 1410 5698 divinis
1438 5644 1697 5700 altaribus
1799 5650 1866 5703 ab
1914 5649 2170 5719 episcopo
2223 5664 2317 5704 suo
2358 5659 2637 5719 correptus
2704 5660 2795 5706 aut
2847 5652 3339 5710 excommunicatus
3364 5694 3382 5723 ,

214 5769 315 5843 ξῙ.
347 5774 395 5837 i,
426 5777 491 5840 Ξ,
523 5775 615 5842 U.,
647 5776 738 5843 ϐ..
770 5778 1062 5834 concilium.

214 5836 237 5876 "
264 5839 346 5909 U.,
368 5836 520 5900 tm
544 5836 811 5904 dictitatis
840 5849 1095 5906 vinculum
1120 5850 1411 5921 persuadet.

1873 5795 1895 5823 ε
1926 5781 2042 5850 Ᾰεῖη
2076 5784 2136 5839 Β.
2163 5783 2335 5849 R.,T.
2371 5784 2419 5847 1,
2448 5783 2503 5847 2,
2540 5786 2627 5850 U.,
2660 5798 2731 5840 ut.

1870 5853 1894 5891 δ
1929 5855 2015 5922 U.,
2040 5857 2306 5927 episcopus
2336 5856 2570 5913 omnibus
2599 5859 2756 5913 dixit.
