3870 6366
374 352 479 410 187
1062 345 1445 408 οοιιιῖοτιο
1479 343 1814 407 CANONUI
1850 342 1902 400 S.

2116 338 2229 395 »κο
2268 336 2537 395 υιεΡΑι.
2581 334 2942 393 ASCRIPTA.
3540 328 3644 386 188

376 479 585 523 tumore
634 465 716 522 vel
764 464 1012 536 superbia
1064 464 1278 519 innatus
1343 462 1609 532 putaverit
1659 459 1945 530 separatim
1972 462 2028 519 Α
2157 452 2245 508 XI.
2282 454 2349 508 Ut
2389 454 2565 508 nullus
2594 452 2894 524 parochiam
2923 451 3147 505 alienam
3181 457 3458 520 prmum
3485 456 3533 502 ⁸.

380 560 490 615 Deo
538 560 794 614 saerilicia
855 556 1163 623 offerenda,
1214 556 1297 611 vel
1351 556 1493 610 aliud
1522 554 1668 627 με..
1713 550 1951 624 aliquod]
2130 546 2307 600 Victor
2343 547 2626 615 episcOpus
2672 541 3065 599 Abdiritanus'
3100 543 3271 596 dixit:
3318 540 3642 595 Roboranda

376 652 686 723 erigendum
714 652 901 717 altare,
935 661 1120 707 contra
1150 650 1568 707 ecclesiasticam
1600 650 1755 704 {idem
1788 646 1953 702 disci.
2053 649 2137 696 est
2159 642 2520 696 ecclesiastica
2544 639 2847 707 disciplina,
2872 653 2939 693 ne
2959 639 3239 707 quisquam
3264 636 3642 705 episcoporum

379 748 681 815 plinamque
704 743 1298 815 credideritagendum,
1331 758 1435 797 non
1460 751 1616 797 exeat
1639 740 1949 807 impunitus.
2052 733 2275 787 alterius
2318 733 2490 801 plebis
2519 734 2596 785 vel
2628 732 2906 787 dimeesim
2939 744 3036 783 sua
3078 727 3481 790 importunitate
3527 725 3647 795 pul-

381 836 661 892 Geneciius
718 836 1001 905 episcopus
1044 836 1183 892 dixit
1229 853 1243 889 :
1285 834 1600 891 Necessaria
1654 830 1955 899 disciplina
2054 837 2196 890 sere,
2252 825 2614 893 terminosque
2642 823 2744 878 sibi
2789 832 3017 877 statutos
3053 831 3277 876 conetur
3320 819 3581 874 excedere
3630 835 3645 871 :

378 929 756 985 ecclesiastica:
787 940 841 985 et
864 929 987 984 ﬁdei
1014 944 1245 999 congrua
1277 938 1397 983 sunt
1428 942 1545 994 qua:
1573 925 1741 981 frater
1772 933 1954 981 noster
2056 916 2145 985 qui
2184 915 2285 969 huc
2313 912 2497 970 facere
2522 915 2805 971 tentaverit
2834 914 3285 985 quemadmodum
3312 910 3649 966 coercendus

380 1018 531 1075 Felix
572 1030 887 1090 prosecutus
926 1031 1009 1076 est
1056 1038 1071 1075 :
1102 1019 1323 1088 proinde
1350 1017 1476 1088 quid
1503 1016 1697 1073 exinde
1742 1016 1955 1071 videtur
2056 1008 2173 1063 081?
2200 1006 2487 1063 δεηεοιίῦδ
2514 1006 2798 1077 οβίκορυε
2823 1007 2961 1061 di!“
2989 1024 3002 1058 ε
3035 1005 3102 1059 ει
3123 1005 3207 1059 ¹ει
3235 1012 3418 1057 sane“
3465 999 3649 1067 [ποδί-

380 1121 572 1167 vestrzc
615 1112 886 1167 dilectioni
927 1111 1140 1166 edicite.
1173 1109 1255 1165 Ab
1284 1110 1549 1165 universis
1576 1108 1842 1179 episcopis
1867 1107 1955 1161 di-
2055 1097 2150 1154 bet
2203 1108 2259 1154 et
2309 1099 2424 1169 ipsa
2470 1100 2670 1154 veritas
2725 1114 2830 1154 non
2874 1096 3003 1151 sinit
3040 1109 3363 1167 quemquam
3411 1092 3647 1147 alienum

377 1214 520 1259 ctum
552 1210 637 1258 est
666 1221 678 1255 :
703 1203 757 1260 Si
785 1203 904 1274 quis
930 1204 1209 1275 presbyter
1230 1218 1258 1256 a
1287 1204 1571 1272 preposito
1608 1215 1706 1255 suo
1734 1214 1953 1255 excom-
2056 1191 2477 1261 concupiscere;
2525 1192 2749 1261 proinde
2801 1190 2931 1260 quid
2982 1190 3141 1243 etiam
3197 1186 3348 1241 vobis
3402 1182 3653 1238 omnibus

378 1294 680 1347 munit-atus
728 1295 807 1349 vel
847 1304 1128 1363 correptus
1175 1293 1369 1359 fuerit,
1414 1292 1573 1348 debet
1601 1292 1779 1362 utique
1812 1289 1953 1355 apud
2058 1285 2232 1355 placet
2261 1285 2476 1353 propria
2508 1299 2641 1340 voce
2689 1285 2917 1353 signate.
2956 1282 3041 1343 Ab
3070 1278 3337 1336 universis
3384 1278 3653 1349 episcopis

378 1389 583 1442 vicinos
612 1385 755 1459 [κεῖ.
786 1387 960 1461 binos]
989 1390 1272 1458 episcopos
1291 1386 1544 1457 conqueri
1568 1425 1585 1452 ,
1626 1395 1677 1439 ut
1711 1383 1780 1438 ab
1825 1382 1956 1452 ipsis
2056 1376 2255 1428 dictum
2285 1386 2369 1430 est
2400 1391 2415 1429 :
2449 1376 2626 1430 Placet
2670 1388 2724 1429 ut
2749 1374 3043 1429 secundum
3073 1372 3270 1427 divina:
3296 1370 3433 1440 legis
3464 1374 3652 1423 aucto-

378 1479 494 1550 ejus
522 1493 679 1535 causa
712 1481 877 1549 possit
920 1479 1093 1535 audiri
1137 1495 1199 1535 ac
1246 1493 1342 1548 per
1381 1478 1527 1548 ipso;
1554 1491 1654 1533 suo
1700 1476 1954 1545 ορῑκορο
2055 1465 2267 1520 ritatetn
2291 1480 2450 1521 nemo
2478 1475 2721 1521 nostrum
2752 1466 2960 1521 alienos
2977 1465 3176 1519 limites
3193 1461 3647 1531 transgrediatur.

377 1571 748 1636 reconciliari;
794 1570 935 1641 quod
982 1571 1083 1625 nisi
1112 1566 1322 1635 fecerit,
1362 1568 1456 1625 sed
1488 1566 1766 1635 superbia.
1808 1579 1905 1635 quc

2129 1600 2220 1672 ιδ
2272 1599 2383 1655 XII.
2427 1599 2496 1656 Ut
2551 1601 2657 1655 sine
2699 1602 2928 1653 consulto
2970 1610 2994 1646 ε
3035 1596 3427 1665 metropolitano
3480 1594 3657 1649 nullus

380 1662 548 1729 absit,
578 1663 791 1719 innatus
815 1662 1199 1719 secernendum
1240 1676 1298 1716 se
1331 1662 1397 1717 ab
1425 1662 1660 1731 episcopi
1690 1662 1773 1713 sui
1800 1672 1908 1713 cum

1586 1662 1660 1728 Diii
1690 1662 1773 1713 δυί
1800 1672 1954 1713 εθῐη·
2065 1662 2214 1672 --’
2520 1672 2787 1725 ordinetur
2826 1673 3114 1742 episcopus.

377 1758 629 1809 munione
651 1755 861 1811 duxerit
886 1771 949 1811 ac
968 1756 1251 1825 separatim
1281 1770 1400 1809 cum
1426 1753 1692 1823 aliquibus
1714 1751 1949 1806 schisma
1982 1811 2030 1831 ﬁ
2135 1759 2415 1815 [tumidius
2470 1764 2758 1831 epicum“;
2815 1761 3174 1815 Μειχηιίωηυε
3227 1757 3363 1812 dixit
3394 1774 3406 1808 ε
3465 1754 3647 1823 Aliqui

375 1846 576 1904 faciens
605 1850 918 1904 sacrificium
947 1850 1055 1905 Deo
1095 1850 1384 1913 obtulerit,
1430 1848 1550 1903 loco
1596 1848 1792 1902 amisso
1821 1859 1951 1899 ana-
1982 1811 2034 1874 Β
2060 1855 2294 1924 episcOpi
2328 1811 2687 1924 usurpationer
2708 1854 2939 1925 quadam
2971 1854 3310 1915 existimant,
3346 1859 3660 1914 contempto

375 1940 552 1995 thema
583 1940 887 1997 habeatur:
923 1940 1272 1996 nihilominus
1311 1950 1365 1996 et
1400 1941 1468 1996 de
1513 1940 1807 1994 civitatem
1849 1951 1953 2005 qua
2059 1945 2291 2014 primate
2337 1945 2624 2015 cujuslibet
2677 1946 2966 2013 provincia:
3014 1960 3156 2009 sum,
3210 1944 3276 1996 ad
3327 1942 3660 1995 desiderium

378 2030 538 2087 fuerit
570 2032 779 2101 longius
806 2034 1125 2101 depellatur,
1160 2049 1227 2089 ne
1266 2034 1349 2087 vel
1380 2034 1681 2101 ignorantes
1713 2030 1794 2085 vel
1824 2029 1951 2085 si‘m-
2059 2034 2241 2105 populi
2273 2036 2583 2103 episcopum
2613 2036 2868 2089 ordinare
2889 2077 2905 2101 ,
2936 2048 3111 2103 neque
3139 2033 3333 2087 litteris
3367 2032 3432 2085 ad
3463 2046 3523 2085 se
3556 2030 3661 2099 pri-

373 2124 585 2196 pliciter
637 2126 796 2198 125
839 2126 1082 2181 viventes
1117 2126 1423 2193 serpentina
1465 2124 1655 2179 fraude
1700 2122 1953 2192 decipiat.
2060 2141 2161 2179 ma:
2183 2126 2451 2180 cathedra:
2479 2127 2817 2180 manentibus
2847 2123 2874 2161 ιι
2903 2141 3076 2192 neque
3109 2134 3376 2194 potestate
3401 2129 3661 2190 accepta:

373 2216 678 2272 Secundum
708 2220 1023 2288 Apostolum
1055 2235 1069 2272 :
1099 2216 1332 2273 Ecclesia
1356 2234 1460 2271 una
1506 2226 1578 2271 est
1606 2258 1620 2280 ,
1665 2232 1768 2269 una
1795 2216 1955 2283 ﬁdes,
2060 2219 2124 2273 de
2156 2220 2255 2273 hoc
2286 2220 2412 2285 quid
2445 2218 2630 2272 statuit
2658 2219 2915 2273 sanctitas
2955 2218 3174 2272 vestra?
3206 2215 3496 2271 Geneclius
3540 2216 3659 2284 epi-

376 2325 536 2363 unum
563 2310 814 2380 baptisma
858 2326 877 2365 :
902 2320 957 2368 et
986 2311 1030 2364 si
1064 2311 1449 2378 querimoniam
1477 2309 1673 2378 justam
1702 2308 1957 2363 adversus
2059 2325 2254 2380 scapus
2286 2312 2421 2364 dixit
2450 2328 2463 2361 :
2495 2310 2758 2377 Quoniam
2792 2310 3094 2364 communis
3124 2319 3209 2365 est
3240 2308 3660 2363 honoriﬁcentia

379 2402 687 2470 episcOpum
713 2401 981 2469 habuerit,
1009 2404 1380 2473 inquirendum
1407 2404 1532 2457 erit.
2065 2420 2185 2473 quae
2217 2404 2378 2457 debet
2410 2403 2697 2472 unicuique
2728 2404 2971 2465 servari,
3005 2401 3072 2455 de
3107 2403 3208 2456 hoc
3240 2402 3389 2470 ipso.
3423 2401 3625 2454 fratres
3647 2441 3664 2465 ,

377 2513 470 2569 1X.
504 2513 571 2571 Ut
600 2517 645 2569 si
689 2517 945 2586 presbyter
988 2516 1274 2569 inconsulto
1304 2516 1540 2585 episcopo
1582 2514 1833 2586 agendam
1878 2530 1903 2565 c

2136 2505 2294 2549 struin
2329 2503 2409 2547 est
2441 2494 2806 2564 pronuntiare.
2856 2493 2938 2547 Ab
2978 2492 3246 2547 universis
3275 2492 3551 2561 episcopis
3579 2491 3664 2545 di-

766 2584 1075 2641 lebraoerit‘
1122 2586 1309 2641 honore
1335 2589 1581 2657 privetur.
1619 2584 1631 2586 ⁷
2062 2596 2207 2642 ctum
2256 2596 2382 2640 est:
2439 2586 2619 2639 Placet
2666 2586 2919 2639 omnibus
2966 2594 3023 2639 ut
3072 2585 3381 2639 inconsulto
3428 2584 3670 2653 primate

450 2697 728 2754 Numidius
750 2701 1031 2770 episcopus
1062 2702 1413 2756 Maxulitanus
1444 2700 1615 2756 dixit:
1649 2699 1703 2754 lu
1733 2700 1958 2771 quibus-

2140 2680 2351 2747 juslibet
2407 2678 2697 2746 provincia:
2749 2688 2855 2731 tarn
2914 2678 3071 2731 facile
3118 2691 3279 2731 nemo
3334 2686 3668 2745 praesumat,

378 2793 500 2849 dum
534 2793 663 2848 locis
706 2768 831 2849 sunt
873 2794 1168 2865 presbyteri
1224 2794 1314 2863 qui
1357 2803 1446 2847 aut
1487 2768 1789 2863 ignorantes
1830 2793 1906 2846 sin

2144 2783 2189 2826 et
2234 2786 2356 2826 cum
2410 2770 2591 2826 multis
2643 2772 2693 2823 in
2745 2786 3084 2840 quocunque,
3116 2771 3237 2824 loco
3281 2772 3397 2823 sine
3444 2768 3568 2838 ejus
3615 2777 3672 2823 ut

381 2884 611 2955 pliciter,
646 2894 740 2940 aut
779 2862 1177 2941 dissimulantes
1226 2862 1545 2950 audaciter,
1600 2896 1861 2953 prasente

2144 2876 2264 2919 rtum
2289 2874 2395 2930 est,
2437 2872 2739 2933 praecepto,
2783 2865 3098 2933 episcopum
3144 2879 3252 2918 non
3291 2863 3495 2919 debere
3523 2862 3672 2918 ordi-

382 2977 684 3033 inconsulto
708 2978 976 3047 episcopo,
1003 2978 1405 3046 quamplurimis
1428 2982 1481 3031 in
1504 2977 1787 3031 domiciliis
1803 2990 1910 3045 agat

2142 2970 2195 3011 re
2224 2973 2238 3011 :
2270 2959 2314 3009 si
2346 2964 2523 3009 autem
2558 2955 2851 3011 necessitas
2883 2954 3045 3009 fuerit
3068 2996 3083 3021 ,
3132 2965 3245 3010 tres
3286 2955 3569 3023 episcopi,
3616 2955 3670 3009 in

383 3069 679 3138 agendam,
727 3069 865 3138 quod
909 3069 1208 3137 disciplina:
1247 3079 1300 3124 et
1329 3068 1677 3138 incongruum
1706 3083 1829 3124 esse
1870 3084 1911 3122 Ci

2146 3067 2389 3121 ocunque
2437 3051 2556 3106 loco
2585 3051 2690 3105 sint
2714 3091 2729 3116 ,
2760 3066 2884 3105 cum
2914 3050 3163 3119 primatis
3204 3059 3478 3121 praecepto
3525 3046 3674 3103 ordi-

384 3163 591 3230 guoscit
612 3161 865 3217 sanctitas
893 3170 1068 3216 vestra
1098 3160 1151 3217 δ.
1174 3160 1460 3216 Geneclius
1478 3162 1763 3229 episcopus
1786 3160 1916 3215 dixit
1942 3176 1956 3213 :
1986 3171 2037 3235 ε
2071 3163 2199 3202 ﬂare
2226 3146 2456 3200 debeam
2492 3144 2535 3199 ίο

384 3250 617 3356 Fratres.
648 3261 702 3308 et
744 3254 1043 3322 coepiscopi
1076 3255 1242 3308 nostri
1277 3252 1817 3356 dignissuggestioni
1860 3261 1961 3356 tunc
2070 3284 2229 3356 126
2260 3281 2394 3337 xm.
2429 3279 2496 3335 ηε
2518 3281 2788 3356 mmor,“
2814 3280 2900 3345 qui
2924 3287 3101 3356 “Mra
3126 3276 3502 3356 "ot-mione,”
3525 3290 3678 3333 ⁸η.

384 3347 713 3415 respondere
761 3363 862 3403 non
919 3360 1212 3403 morentur.
1263 3348 1344 3401 Ab
1389 3347 1651 3401 universis
1695 3345 1962 3413 episcopis
2071 3345 2224 3356 “““
2296 3356 2349 3405 in
2382 3345 2598 3406 concilio
2626 3345 2853 3403 habitam
2884 3350 3110 3413 venerit,
3144 3349 3454 3419 deponatur.

387 3436 587 3491 dictum
616 3448 698 3493 est
732 3457 741 3487 :
775 3438 1024 3506 Quisquis
1064 3438 1341 3509 presbyter
1376 3438 1675 3492 inconsulto
1708 3438 1915 3507 episco;

2148 3445 2423 3500 Geneelius
2474 3444 2760 3510 episcopus
2813 3442 2991 3494 dixit:
3046 3438 3239 3493 Omnia
3293 3452 3424 3506 ergo
3468 3451 3596 3506 qua:
3647 3451 3676 3491 a

388 3528 648 3600 agendam
679 3530 730 3583 in
767 3530 1004 3596 quolibet
1052 3530 1167 3585 loco
1213 3531 1442 3585 voluerit
1482 3530 1795 3595 celebrare,
1853 3530 1967 3597 ipse
2068 3545 2209 3591 creto
2252 3532 2642 3604 gloriosissimo
2685 3540 2887 3585 statuta
2933 3538 3089 3592 sunt,
3124 3528 3301 3598 placet
3324 3528 3391 3580 ab
3422 3527 3684 3582 omnibus

390 3620 576 3675 honori
606 3636 703 3675 suo
735 3622 1037 3678 conlrat‘ius
1066 3622 1260 3679 existit.
2071 3625 2375 3681 custodiri?
2419 3624 2499 3677 Ab
2544 3622 2809 3675 universis
2854 3620 3123 3689 episcopis
3164 3618 3368 3673 dictum
3398 3628 3523 3672 est:
3562 3616 3683 3671 Pla-

388 3712 461 3767 Χ.
498 3713 687 3776 Quanti
717 3715 924 3767 debeant
951 3714 1261 3766 sacerdotem
1282 3714 1523 3785 judicare
1554 3722 1702 3783 atque
1742 3714 1962 3768 leoitam.
2069 3726 2194 3782 cet,
2249 3716 2459 3785 placet,
2510 3713 2882 3768 custodiantur
2934 3712 3002 3766 ab
3050 3711 3329 3764 omnibus.
3382 3709 3683 3763 Geneclius

465 3806 609 3861 Felix
635 3807 917 3875 episcopus
939 3805 1376 3860 Selemselitanus
1398 3806 1531 3860 dixit
1559 3824 1570 3858 :
1599 3805 1769 3859 Etiam
1792 3806 1968 3861 ethoc
2070 3809 2352 3877 episcopus
2382 3808 2515 3860 dixit
2543 3823 2557 3859 :
2590 3805 2680 3872 Si,
2715 3804 2856 3873 quod
2889 3818 2993 3857 non
3024 3802 3333 3872 opinamur,
3368 3800 3435 3854 ab
3480 3800 3672 3869 aliquo

393 3898 588 3967 adjicio
620 3898 910 3953 secundum
943 3907 1138 3952 statuta
1168 3908 1408 3953 veterum
1437 3897 1781 3953 conciliorum
1800 3938 1814 3960 ,
1841 3906 1898 3949 ut
1925 3898 1968 3951 si
2075 3898 2273 3951 fuerint
2302 3898 2500 3951 violata
2523 3936 2538 3959 ,
2573 3895 2699 3964 quid
2732 3893 3012 3947 statuitis?
3052 3892 3135 3946 Ab
3167 3890 3437 3943 universis
3466 3892 3686 3957 episco-

394 3992 516 4062 quis
548 3992 848 4060 episcopus,
873 3991 1011 4057 quod
1037 4006 1141 4043 non
1171 3998 1415 4057 optamus
1437 4000 1485 4055 ε,
1509 4000 1710 4042 reatum
1742 3992 1969 4057 aliquem
2076 3988 2158 4059 pis
2188 3988 2389 4041 dictum
2428 3996 2510 4039 est
2543 4004 2555 4036 :
2591 3984 2688 4051 Qui
2734 3993 2920 4039 contra
2961 3996 3115 4034 suam
3165 3977 3568 4048 professionem
3597 3980 3686 4034 vel

392 4083 699 4147 incurrerit,
727 4082 949 4135 etluerit
970 4082 1016 4134 ei
1048 4079 1205 4133 nimia
1227 4081 1517 4136 necessitas
1544 4095 1647 4133 non
1673 4095 1828 4147 posse
1855 4080 1972 4148 plu-
2076 4078 2533 4143 sub~criptioneiu
2570 4074 2806 4130 venerit.
2842 4071 2957 4140 ipse
2985 4085 3045 4124 se
3079 4071 3147 4124 ab
3177 4068 3285 4122 huc
3327 4077 3475 4123 ccetu
3525 4082 3686 4137 sepa-

394 4175 564 4230 rimos
594 4173 901 4241 congregari
944 4189 957 4224 :
993 4188 1057 4225 ne
1083 4172 1107 4209 ἀ
1132 4173 1182 4225 ἰιι
1211 4173 1433 4225 crimine
1458 4180 1754 4237 remaneat,
1779 4186 1810 4225 a
1840 4173 1972 4226 duo-
2078 4174 2235 4227 ravit.
2267 4168 2549 4223 Geneclius
2579 4165 2868 4236 episcopus
2895 4163 3031 4217 dixit
3060 4179 3075 4215 :
3109 4161 3389 4225 Gratulor,
3440 4161 3558 4216 Deo
3589 4176 3688 4214 no-

394 4270 571 4325 decim
600 4268 865 4336 episcopis
896 4266 1139 4320 audiatur
1166 4276 1222 4322 et
1257 4281 1284 4319 a
1311 4280 1401 4320 sex
1427 4265 1705 4335 presbyter
1736 4275 1788 4319 et
1817 4280 1845 4318 a
1880 4268 1976 4319 tri-
2081 4274 2193 4319 stro
2231 4269 2523 4333 praestante
2544 4302 2558 4323 .
2604 4259 2746 4325 quod
2791 4271 2889 4327 pro
2930 4264 3072 4311 statu
3107 4254 3368 4309 Ecclesia:
3399 4254 3688 4307 catholica

399 4361 499 4415 bus
532 4360 787 4413 diaconus
828 4373 949 4411 cum
980 4358 1193 4426 proprio
1239 4371 1336 4410 suo
1379 4356 1649 4423 ερὶεεομο.
1692 4355 1979 4411 Geneclins
2082 4367 2272 4411 cuncta
2316 4370 2413 4407 nos
2456 4353 2653 4406 salubri
2696 4350 2923 4403 consilio
2968 4349 3237 4403 servanda
3280 4346 3675 4411 decrevimus;

401 4454 684 4519 episcopus
714 4452 847 4503 dixit
876 4466 890 4503 :
920 4450 1055 4515 Quid
1085 4450 1149 4503 ad
1176 4451 1287 4503 haec
1314 4450 1443 4503 dicit
1483 4450 1735 4503 sanctitas
1761 4450 1977 4504 vestra?
2083 4458 2135 4504 et
2181 4448 2300 4502 ideo
2330 4461 2446 4516 qum.
2478 4444 2545 4496 ab
2575 4442 2826 4497 omnibus
2868 4451 2995 4495 sunt
3033 4440 3173 4493 dicta
3198 4481 3212 4504 ,
3260 4438 3477 4505 propria
3526 4437 3691 4494 debe-

401 4542 489 4600 Ab
535 4543 797 4596 universis
842 4540 1108 4609 episcOpis
1152 4541 1347 4594 dictum
1391 4548 1472 4593 est
1516 4557 1529 4591 :
1563 4541 1784 4610 Dignum
1823 4551 1906 4597 est
1949 4557 1977 4596 a
2008 4524 2203 4599 Dmus
2231 4541 2628 4610 subscriptione
2661 4540 2936 4593 roborare.
2980 4536 3368 4621 Abptniversis
3410 4533 3688 4603 episcopis

401 4634 559 4692 nobis
594 4643 831 4688 veterum
860 4639 1056 4686 statuta
1095 4632 1295 4685 debere
1324 4632 1549 4686 servari.
2082 4635 2280 4690 dictum
2313 4644 2392 4688 est
2422 4651 2433 4685 :
2468 4630 2621 4699 Fiat,
2658 4631 2771 4685 liat.
2805 4630 2868 4685 Et
2897 4628 3367 4697 subscripserunt.

477 4777 502 4805 ⁸
530 4766 619 4831 U.,
654 4768 902 4835 agendam
929 4767 981 4819 id
1012 4775 1084 4819 est
1106 4770 1311 4819 missam
1334 4766 1678 4820 celebraverit.
2172 4768 2188 4806 ι
2224 4769 2279 4823 In
2306 4766 2548 4820 omnibus
2564 4765 2835 4819 codicibus
2857 4764 3211 4830 Abziritanus,
3238 4776 3362 4816 cum
3388 4770 3559 4817 antea
3592 4758 3692 4814 Ab-

477 4838 503 4877 δ
544 4836 633 4896 U.,
665 4834 1005 4907 cognoscitur,
1048 4840 1285 4891 sanctitas
1316 4845 1482 4891 vestra
1527 4838 1649 4904 quid
1681 4834 1775 4891 sibi
1801 4838 1855 4890 in
1889 4838 1984 4892 hoc
2094 4837 2759 4907 diritanumscrip~issent.

404 4910 639 4983 profth
702 4905 740 4983 δ’
1054 4980 1070 4983 _
1138 4980 1147 4983 _
2167 4906 2714 4983 sg.,__(‘..,_consu_ltu
2744 4905 3143 4983 meti-apolitani.

485 4990 506 5017 ε
529 4978 593 5031 Τ.
626 4978 669 5037 1,
696 4976 748 5039 2,
781 4987 1013 5047 optamus
1035 4980 1168 5046 ﬁeri.

2167 4976 2191 5013 ιι
2236 4978 2296 5030 Β.
2329 4976 2417 5037 Β..
2446 4976 2507 5029 Τ.
2542 4978 2593 5039 1,
2625 4976 2679 5047 ΞΔ
2713 4977 3058 5047 manantibus.

485 5048 510 5085 ἀ
544 5048 604 5120 li.
625 5048 687 5100 li.
723 5042 823 5120 T_.,'
844 5051 895 5111 1,
921 5049 976 5113 2,
1006 5042 1257 5117 plurimos
1280 5063 1587 5119 congregare
1603 5050 1883 5120 episcopos,
1900 5066 1984 5104 ne.

2167 5047 2189 5120 _i
2234 5047 2452 5109 .43.,8.
2492 5047 2596 5114 ιι,
2642 5045 2706 5100 τ.
2764 5046 2833 5112 ι,
2881 5045 3100 5115 2,u.,
3149 5044 3395 5100 ordinare
3440 5042 3693 5099 debebunt

484 5127 512 5155 ο
546 5119 608 5171 Τ.
638 5120 691 5183 l.
719 5118 937 5172 alienam
964 5135 1195 5175 exercere
1222 5118 1519 5189 presumat.
1773 5118 1780 5120 ⁷
2096 5118 2407 5189 episcopum.
