3870 6334
190 314 3471 366 ______________.____.______————~—————————-

1718 432 1913 505 XIV

1098 613 1473 675 CONCILIUM
1512 606 2101 667 CARTHAGINENSE
2152 605 2466 663 TERTIUM

233 788 501 838 IABITUM
552 784 627 827 ΑΒ
676 775 994 824 ΚΡΙΞΩΟΡΒ
1044 769 1309 817 NUMEBO
1355 761 1812 820 ρυηιηιΑδικτΑ

1858 759 2104 803 ssprsu
2165 758 2191 787 ι
2221 786 2235 812 .
2283 759 2427 803 ΒΜ
2472 756 2837 802 ccccuxvt
2899 737 2950 811 δ,
3000 754 3285 799 casamo
3328 753 3413 799 Ir

675 860 909 905 ATTICO
954 855 1119 898 VIIIIS
1166 848 1557 895 CLARISSIMIS
1606 840 2024 898 CONSULIBL'S,
2071 841 2109 883 ν
2153 839 2491 883 κΑιεκοΑε
2542 838 2962 885 SEPTEMBRIS.

236 996 541 1068 (‘arthagine
565 994 619 1049 in
642 986 938 1048 secretario
962 984 1199 1040 basilicae
1222 980 1481 1037 restitutzr
1498 990 1620 1031 cum
1645 973 1755 1027 Au-
1784 969 1839 1029 Α
1864 986 1980 1026 sam
2027 985 2181 1027 suam
2224 970 2508 1026 dicendam
2558 972 2746 1039 primat
2792 968 2940 1025 sedis
2984 964 3179 1021 litteris
3221 976 3476 1025 evocatus

178 1098 319 1152 reli'us
357 1092 642 1161 episcopus
675 1100 777 1139 una
811 1098 933 1137 cum
962 1077 1308 1148 coepiscopis
1337 1074 1449 1128 suis
1478 1068 1755 1127 consedis-

178 1195 275 1249 set,
326 1180 623 1237 astantibus
669 1176 831 1231 etiam
880 1168 1237 1233 diaconibus,
1286 1164 1580 1221 constituta
1630 1167 1757 1214 sunt

178 1276 275 1331 huc
300 1288 412 1341 qua!
441 1272 496 1326 in
530 1263 789 1339 praesenti
822 1261 1050 1318 concilio
1082 1255 1305 1313 definita
1334 1260 1482 1309 sunt.

178 1368 209 1424 I.
248 1363 311 1422 Ut
338 1362 673 1435 provinciales
704 1371 726 1399 ε
760 1354 995 1493 opinans}:
999 1352 1085 1475 ἕλει
1100 1348 1292 1419 pascha
1313 1361 1464 1402 suum
1487 1342 1756 1415 primatem

235 1528 424 1585 Placuit
469 1527 636 1593 igitur
681 1524 735 1575 in
780 1516 1083 1589 principio,
1129 1520 1349 1582 prepter
1394 1519 1635 1564 errorem
1666 1501 1757 1571 qui

177 1640 301 1695 sape
340 1621 479 1677 solet
522 1614 770 1681 aboriri,
811 1623 871 1667 ut
910 1623 1104 1666 omnes
1143 1605 1418 1662 Africana:
1458 1598 1758 1671 provincia:

176 1688 388 1787 epi'sc0pi
428 1708 872 1766 observationem
917 1702 1025 1755 diei
1078 1696 1351 1769 paschalis
1398 1694 1466 1747 ab
1512 1688 1756 1746 Ecclesia

177 1804 561 1877 Carthaginiensi
591 1810 787 1855 curent
812 1796 1081 1863 accipere.
1336 1788 1343 1795 ’

345 1900 404 1955 II.
451 1897 520 1953 Ut
562 1912 653 1963 per
678 1891 910 1963 singulos
937 1902 1103 1941 annos
1130 1880 1403 1937 concilium
1445 1877 1559 1947 ﬁat.

236 1991 481 2048 Similiter
527 1984 733 2057 placuit
762 1993 816 2036 ut
844 1988 1065 2052 promer
1094 1988 1286 2030 causas
1318 1965 1716 2025 ecclesiasticas
1740 2006 1754 2028 ,

184 2101 285 2157 qua:
306 2084 367 2138 ad
399 2079 696 2152 perniciem
729 2074 965 2145 plebium
997 2083 1145 2139 saepe
1170 2073 1545 2127 veterascunt,
1577 2059 1759 2128 singu-

183 2152 238 2235 lis
264 2178 554 2245 quibusque
595 2171 751 2225 annis
794 2164 1083 2221 concilium
1127 2168 1483 2220 convocetur,
1517 2156 1582 2208 ad
1614 2152 1757 2222 quod

181 2288 342 2329 omnes
373 2266 667 2340 provincia:
695 2278 817 2333 quae
848 2260 1050 2332 primas
1081 2256 1244 2311 sedes
1272 2252 1502 2317 habent,
1534 2248 1601 2303 de
1631 2261 1755 2301 con-

179 2370 295 2424 ciliis
324 2367 433 2421 suis
466 2363 627 2418 binos
663 2357 821 2431 137
853 2364 944 2410 aut
974 2360 1208 2424 quantos
1232 2344 1497 2417 elegerint
1539 2342 1753 2411 episco-
1786 2343 1837 2406 Β

183 2476 261 2531 pos
288 2462 485 2528 legatos
517 2455 775 2516 mittant;
810 2460 866 2503 ut
896 2458 950 2503 et
977 2448 1160 2501 minus
1189 2440 1438 2497 invidiosi
1472 2437 1759 2504 minusque

184 2553 456 2624 hospitibus
512 2544 815 2617 sumptuosi
868 2542 1152 2603 existant,
1212 2544 1267 2591 et
1319 2535 1373 2587 in
1430 2535 1759 2598 congregato

179 2621 415 2703 conventu
458 2643 617 2713 plena
668 2638 836 2709 possit
881 2648 1003 2689 csse
1049 2629 1388 2685 auctoritas:
1439 2624 1508 2679 de
1549 2621 1757 2691 Tripoli

181 2751 332 2793 aulcm
364 2744 581 2807 propter
618 2731 854 2802 inopiam
884 2727 1265 2798 episcoporum
1300 2734 1438 2775 unus
1474 2717 1760 2787 episcopus

180 2832 329 2886 veniat
377 2830 421 2882 δ.

247 2925 322 2981 111.
364 2924 427 2980 Ut
460 2924 732 2994 episcOpus
762 2920 1063 2990 priusquam
1094 2923 1118 2952 ο
1152 2912 1419 2968 ordinetur
1449 2921 1671 2963 canones

819 2997 1089 3061 agnoscat.

242 3091 355 3145 Item
387 3088 627 3157 placuit,
659 3096 716 3140 ut
744 3082 1065 3138 ordinaudis
1106 3076 1377 3149 episcopis
1418 3074 1503 3129 vel
1546 3068 1759 3129 clericis

181 3186 306 3254 prius
333 3186 394 3237 ab
427 3181 840 3237 ordinatoribus
873 3179 985 3233 suis
1017 3176 1236 3231 decreta
1271 3170 1626 3227 conciliorum
1666 3182 1758 3220 au-

182 3278 303 3333 ribus
328 3291 507 3331 eorum
550 3274 912 3337 incolcentur,
960 3284 1027 3325 ne
1067 3282 1126 3324 se
1171 3265 1373 3336 aliquid
1415 3271 1605 3319 contra
1648 3269 1759 3315 sta-

183 3378 273 3423 tuta
298 3368 505 3422 concilii
541 3367 737 3421 fecisse
766 3364 1087 3435 pmuitcant.

212 3459 284 3517 IV.
327 3462 389 3516 Ut
417 3462 584 3516 levitas
613 3470 659 3515 et
690 3458 911 3529 virgines
943 3466 1064 3509 ante
1092 3454 1275 3523 viginti
1303 3453 1529 3523 quinque
1556 3465 1722 3504 annos

695 3547 798 3583 non
831 3536 1212 3583 consecrentur.

238 3621 353 3677 Item
395 3624 631 3692 placuit,
666 3633 723 3676 ut
764 3631 890 3674 ante
929 3619 1117 3690 viginti
1150 3616 1391 3686 quinque
1421 3627 1593 3668 annos
1624 3619 1756 3666 reta-

182 3718 237 3772 tis
260 3734 347 3774 nec
376 3719 631 3773 diacones
660 3715 1007 3777 ordinentur,
1037 3726 1138 3767 nec
1167 3709 1405 3780 virgines
1430 3720 1755 3763 consecren-
1784 3706 1832 3771 C

182 3818 272 3871 tur.
301 3821 349 3864 et
381 3820 432 3864 ut
468 3812 701 3864 lectores
735 3806 993 3878 pupulum
1028 3818 1135 3859 nou
1164 3802 1419 3857 salutent.

242 3903 294 3955 ν.
330 3903 393 3959 Ut
422 3912 802 3957 sacramentum
834 3898 1211 3953 catechumenis
1238 3912 1339 3951 non
1371 3894 1681 3963 praebeatur.

238 3997 356 4053 Item
390 3999 622 4067 placuit,
657 4006 715 4050 ut
746 3996 910 4051 etiam
945 4009 1037 4060 per
1064 3990 1493 4047 solemnissimos
1523 3986 1757 4057 pascha-

178 4087 243 4145 les
280 4092 388 4145 dies
424 4097 824 4145 sacramentum
857 4082 1260 4139 catechumenis
1297 4094 1406 4136 uon
1438 4081 1620 4145 detur,
1654 4078 1756 4132 nisi

168 4182 365 4257 solitum
386 4183 514 4236 salis
539 4198 552 4246 ;
586 4181 708 4248 quia
734 4178 780 4233 si
805 4176 989 4233 ﬂdeles
1018 4191 1114 4246 per
1135 4176 1257 4230 illos
1279 4175 1393 4229 dies
1415 4181 1757 4227 sacramenta

180 4290 267 4331 non
291 4286 525 4339 mutant,
553 4289 654 4330 nec
679 4271 1101 4328 catechumenos
1125 4278 1341 4340 Oportet
1373 4277 1601 4323 mutare.

214 4391 291 4448 VI.
327 4394 391 4449 Ut
415 4393 637 4446 mortuis
665 4390 954 4460 baptismus
978 4388 1056 4442 uel
1083 4363 1400 4443 euchai'istia
1422 4404 1524 4441 non
1551 4389 1720 4443 detur.

239 4506 354 4560 Item
387 4504 623 4576 placuit,
652 4510 712 4557 ut
739 4500 1062 4571 corporibus
1092 4500 1470 4555 defunctorum
1503 4500 1755 4555 euchari-

182 4598 261 4652 stia
292 4613 393 4652 non
437 4598 636 4663 detur;
668 4596 871 4651 dictum
918 4605 1000 4649 est
1041 4596 1186 4651 enim
1228 4609 1257 4649 a
1308 4595 1576 4651 Domino:
1612 4596 1759 4649 Acci-

182 4692 267 4760 pite
291 4702 332 4744 et
362 4692 496 4745 edite
520 4704 540 4745 :
574 4688 847 4745 cadavera
875 4698 1055 4742 autem
1102 4702 1202 4744 uec
1245 4689 1490 4757 accipere
1536 4698 1759 4759 possunt

182 4796 264 4836 nec
288 4782 464 4837 edere.
502 4779 711 4836 Deinde
740 4778 1040 4835 cavendum
1072 4788 1156 4833 est
1197 4793 1265 4834 ne
1310 4788 1553 4834 mortuos
1594 4790 1756 4833 etiam

181 4872 414 4943 baptizari
476 4888 641 4945 posse
686 4870 917 4927 fratrum
966 4871 1251 4926 inﬁrmitas
1296 4872 1517 4937 credat,
1563 4871 1761 4942 quibus

180 4983 263 5023 nec
289 4970 662 5025 eucharistiam
694 4968 810 5023 dari
842 4965 1309 5022 animadverterit.

1862 1064 1951 1119 die
1998 1071 2200 1119 statuta
2247 1065 2471 1119 minime
2514 1063 2853 1127 occurrerit,
2906 1062 3009 1114 hoc
3052 1069 3136 1115 est
3181 1059 3321 1114 intra
3354 1074 3479 1127 spa-

1863 1161 1995 1216 tium
2029 1161 2235 1215 mensis
2276 1175 2339 1215 ex
2387 1175 2451 1215 ea
2495 1159 2583 1213 die
2626 1173 2729 1227 qua
2780 1171 2904 1212 eum
2952 1157 3159 1211 litteras
3202 1154 3478 1222 accepisse

1862 1254 2205 1310 constiterit:
2236 1253 2380 1323 quod
2413 1252 2457 1307 si
2488 1252 2697 1322 aliquas
2725 1265 2884 1305 veras
2913 1248 3256 1304 necessitatis
3284 1260 3477 1303 causas

1862 1346 2213 1416 probaverit,
2250 1346 2447 1418 quibus
2478 1360 2601 1401 eum
2633 1358 2921 1399 occurrere
2954 1355 3058 1395 non
3095 1339 3331 1409 potuisse
3363 1353 3477 1393 ma-

1862 1442 2117 1499 nifestum
2146 1444 2251 1509 sit,
2282 1458 2460 1497 causae
2487 1456 2599 1495 sua:
2625 1434 2872 1495 dicendtc
2898 1438 3035 1492 intra
3066 1436 3292 1491 alterum
3325 1449 3478 1489 men-

1861 1552 1978 1593 sem
2023 1537 2290 1607 integram
2334 1536 2535 1591 habent
2580 1534 2933 1596 facultatem;
2980 1538 3352 1584 verumtamen
3386 1527 3477 1583 diu

1868 1628 1888 1669 τ
1921 1640 2041 1699 post
2082 1644 2327 1684 mensem
2372 1626 2673 1684 secundum
2726 1641 2833 1679 non
2884 1622 3253 1676 communicet
3302 1619 3478 1674 donec

1863 1730 2143 1791 purgetur.
2188 1719 2245 1774 Si
2287 1728 2467 1773 autem
2504 1718 2666 1788 128
2698 1728 2799 1768 nec
2829 1713 2894 1767 ad
2929 1712 3217 1767 concilium
3249 1710 3477 1764 univer-

1862 1812 1979 1868 sale
2035 1811 2467 1867 anuiversarium
2518 1822 2813 1864 occurrere
2868 1804 3098 1859 voluerit
3148 1811 3206 1857 nt
3260 1804 3346 1857 vel
3399 1801 3475 1855 ibi

1860 1920 2025 1961 causa
2068 1905 2185 1973 ejus
2228 1904 2567 1967 terminetur,
2612 1901 2729 1969 ipse
2760 1899 2814 1953 in
2849 1912 2908 1953 se
2940 1894 3311 1951 damnationis
3354 1908 3480 1949 sen-

1863 1999 2087 2051 tentiam
2134 1996 2335 2050 dixisse
2379 1994 2693 2063 iudicetur;
2743 2001 2992 2061 tempore
3040 2003 3171 2043 sane
3218 2001 3339 2056 quo.
3370 2001 3479 2041 non

1863 2090 2271 2152 communicat,
2317 2101 2418 2142 nec
2451 2086 2506 2141 in
2539 2100 2637 2140 sua
2669 2084 2898 2140 ecclesia
2932 2082 3019 2138 vel
3049 2080 3300 2151 parochia
3331 2094 3479 2133 com-

1862 2184 2107 2237 municet
2138 2198 2150 2233 :
2186 2189 2478 2235 accusator
2508 2187 2688 2234 autem
2730 2177 2846 2247 ejus
2889 2174 2932 2231 si
2976 2189 3249 2243 nunquam
3288 2170 3478 2226 diebus

1862 2293 2043 2334 causae
2075 2276 2323 2333 dicendas
2367 2273 2599 2330 defuerit
2642 2289 2671 2328 a
2713 2272 3100 2329 communione
3144 2285 3248 2325 non
3293 2282 3475 2325 remo-

1864 2380 2096 2437 veatur;
2146 2368 2191 2422 si
2236 2382 2366 2422 vero
2397 2366 2692 2437 aliquando
2732 2362 2967 2421 defuerit
3013 2362 3337 2418 subtrahens
3380 2376 3478 2429 se,

1863 2462 2115 2518 restituto
2143 2462 2195 2515 in
2219 2461 2660 2515 communiottem
2689 2462 2966 2528 episc0po,
2986 2458 3102 2526 ipse
3130 2464 3475 2512 removeatur

1863 2569 1894 2609 a
1932 2552 2317 2609 communione
2348 2562 2655 2619 accusator,
2688 2546 2759 2605 Ita
2794 2561 2974 2603 tamen
3009 2556 3065 2603 ut
3098 2563 3195 2603 nec
3228 2548 3328 2615 ipsi
3363 2545 3479 2600 adi-

1863 2659 2040 2703 matur
2071 2647 2303 2701 facultas
2332 2660 2512 2701 causaa
2544 2644 2895 2716 peragendae,
2931 2643 2973 2696 si
3008 2657 3067 2697 se
3098 2641 3163 2695 ad
3209 2641 3353 2696 diem
3388 2654 3479 2695 oc-

1864 2754 2091 2795 currere
2126 2755 2231 2795 non
2266 2739 2540 2803 noluisse,
2574 2740 2669 2792 sed
2702 2753 2809 2792 non
2854 2736 3096 2805 potuisse
3138 2732 3474 2803 probaverit.

1862 2834 1997 2889 Illud
2045 2848 2176 2888 vero
2223 2834 2458 2902 placuit,
2514 2839 2572 2885 ut
2618 2845 2739 2885 cum
2787 2843 2946 2899 agere
2988 2828 3215 2897 coeperit
3264 2827 3313 2880 in
3366 2826 3481 2895 cpi-

1861 2943 2158 2998 scoporum
2187 2926 2395 2996 judicio
2419 2968 2433 2991 ,
2464 2924 2509 2980 si
2544 2924 2706 2979 fuerit
2733 2925 3071 2978 accusatoris
3104 2934 3333 2992 persona
3366 2920 3479 2975 cul-

1862 3020 2081 3091 pabilis,
2111 3019 2177 3073 ad
2208 3017 2542 3087 arguendum
2578 3032 2683 3070 non
2713 3015 3053 3079 admittatur,
3090 3010 3190 3065 nisi
3231 3013 3480 3082 proprias

1862 3128 2056 3167 causas
2086 3126 2195 3167 non
2227 3120 2405 3166 tamen
2434 3112 2479 3165 si
2508 3108 2913 3166 ecclesiasticas
2942 3121 3188 3161 asserere
3217 3104 3472 3159 voluerit.

1863 3204 1998 3260 VIII.
2046 3204 2123 3259 De
2167 3204 2472 3275 presbyteris
2526 3212 2576 3256 et
2635 3203 2974 3275 draconibus,
3029 3200 3210 3268 quanti
3252 3196 3481 3266 episcopi

2496 3291 2578 3329 eos
2610 3274 2849 3326 audiant.

1936 3371 1991 3425 Si
2027 3378 2209 3425 autem
2242 3366 2547 3439 presbyteri
2579 3366 2657 3421 vel
2695 3364 2908 3420 diaconi
2954 3362 3156 3418 fuerint
3199 3361 3477 3428 accusati,

1862 3462 2121 3533 adjuncto
2152 3459 2253 3515 sibi
2284 3475 2353 3515 ex
2384 3458 2586 3513 vicinis
2619 3458 2757 3511 locis
2788 3456 3042 3526 proprius
3074 3456 3363 3524 episcopus
3406 3453 3481 3507 le-

1862 3557 2050 3627 gitimo
2095 3568 2321 3609 numero
2367 3553 2742 3624 collegarum,
2787 3566 2892 3605 una
2935 3566 3121 3606 secum
3165 3552 3216 3603 in
3260 3550 3482 3620 presby-

1862 3646 1965 3702 teri
1999 3647 2215 3700 nomine
2246 3646 2488 3715 episcopi
2522 3660 2615 3699 sex
2642 3686 2657 3709 ,
2691 3646 2743 3698 in
2777 3643 2988 3698 diaconi
3036 3654 3146 3698 tres
3169 3683 3182 3707 ,
3230 3644 3469 3712 ipsorum

1863 3756 2081 3796 causam
2115 3740 2445 3803 discutiant,
2482 3741 2671 3793 eadem
2706 3739 2917 3793 dierum
2948 3745 3001 3792 et
3046 3737 3309 3791 dilatione
3351 3747 3405 3791 et
3444 3752 3471 3789 a

1862 3832 2245 3888 communione
2272 3831 2632 3885 rcm0tiunuut
2658 3840 2710 3886 et
2742 3830 3085 3885 discussione
3118 3843 3467 3897 persomrum

1862 3926 2004 3981 inter
2036 3932 2381 3977 accusatores
2412 3931 2466 3976 et
2493 3937 2587 3976 eos
2621 3922 2709 3989 qui
2742 3930 3061 3976 accusantur
3092 3920 3262 3975 forma
3293 3935 3478 3975 serva-

1865 4028 1938 4074 ta.
1965 4018 2314 4086 lleliquorum
2342 4026 2523 4070 autem
2546 4017 2872 4071 clericorum
2901 4030 3092 4071 causas
3123 4016 3287 4071 etiam
3321 4017 3475 4073 solus

1863 4113 2149 4182 cpiscopus
2186 4111 2287 4164 loci
2318 4117 2580 4181 agnoscat
2606 4119 2660 4163 et
2693 4110 2858 4165 liniat.

2010 4203 2101 4260 IX.
2150 4202 2216 4257 Ut
2248 4203 2419 4256 clerici
2450 4203 2657 4273 publica
2679 4204 2883 4274 judicia
2913 4219 3016 4257 non
3043 4204 3327 4274 appellent.

1936 4294 2068 4351 Item
2103 4295 2337 4365 placuit,
2372 4304 2430 4349 ut
2460 4297 2705 4365 quisquis
2733 4298 3113 4365 episc0poruin
3135 4339 3149 4363 ,
3196 4297 3474 4369 presbyte-

1863 4406 2046 4446 rorum
2079 4400 2134 4445 et
2160 4392 2509 4445 diacouorum
2536 4406 2631 4445 seu
2659 4390 2981 4445 clericorum
3006 4433 3020 4457 ,
3051 4405 3173 4446 cum
3203 4392 3256 4444 in
3292 4390 3479 4444 Eccle-

1863 4487 1942 4540 sia
1970 4485 2016 4540 ei
2051 4484 2210 4539 fuerit
2235 4486 2443 4539 crimen
2473 4484 2779 4539 institutum
2805 4485 2886 4537 vel
2917 4483 3094 4538 civilis
3118 4498 3281 4538 causa
3314 4482 3479 4538 fuerit

1865 4590 2171 4647 commota,
2220 4580 2263 4633 si
2321 4580 2511 4633 relicto
2559 4578 2765 4647 judicio
2818 4576 3187 4632 ecclesiastico
3238 4576 3471 4645 publicis

1860 4674 2078 4745 judiciis
2121 4675 2334 4743 purgari
2376 4674 2642 4737 voluerit,
2686 4673 2851 4727 etiam
2897 4673 2941 4725 si
2993 4685 3089 4739 pro
3138 4670 3258 4739 ipso
3308 4668 3469 4724 fuerit

1866 4768 2073 4838 prolata
2117 4768 2420 4831 sententia,
2463 4766 2643 4822 locum
2686 4781 2844 4822 auum
2886 4764 3144 4829 amittat;
3186 4772 3241 4818 et
3282 4762 3386 4818 hoc
3424 4764 3478 4817 in

1867 4859 2135 4915 criminati
2169 4859 2384 4914 actione
2411 4875 2424 4911 :
2459 4859 2513 4913 in
2544 4859 2688 4913 civili
2720 4872 2854 4913 vero
2885 4856 3071 4927 perdat
3104 4856 3245 4925 quod
3279 4856 3476 4921 evicit,

1867 4955 1912 5009 si
1946 4954 2122 5008 locum
2152 4969 2310 5009 suum
2342 4953 2592 5006 obtinere
2625 4951 2898 5007 maluerit.
2950 4950 3047 5005 Cui
3082 4950 3224 5004 enim
3266 4950 3333 5005 ad
3374 4948 3478 5003 eli-

182 5060 273 5117 VII.
318 5063 380 5117 Ut
426 5065 471 5116 si
526 5064 795 5144 episcopus
823 5069 1115 5142 accusatur,
1154 5058 1243 5144 ubi
1295 5058 1371 5113 uel
1426 5060 1567 5129 infra
1623 5060 1756 5130 quod

1898 5047 2078 5116 :endos
2113 5048 2328 5117 iudices
2369 5047 2610 5116 undique
2660 5046 2919 5102 Ecclesiae
2961 5053 3109 5113 patet
3146 5045 3480 5107 auctoritas,

653 5142 854 5202 tempus
907 5134 1250 5186 examinetur.

240 5228 481 5283 Aurelius
526 5229 814 5297 episeopus
859 5226 1039 5281 dixit:
1081 5225 1334 5296 Quisquis
1377 5226 1755 5296 episcoporum

182 5331 458 5385 accusatur,
496 5321 559 5375 ad
593 5321 853 5389 primates
882 5319 1176 5390 provincia:
1207 5320 1379 5389 ipsius
1408 5335 1627 5377 causam
1657 5323 1753 5376 de-

184 5410 299 5467 lerat
327 5423 631 5479 accusator,
663 5429 763 5469 nec
792 5429 821 5468 a
851 5413 1237 5468 communione
1277 5414 1639 5484 suspendatur
1667 5414 1755 5469 cui

184 5502 360 5559 crimen
394 5506 687 5562 intenditur
715 5505 823 5578 [Β.
856 5506 951 5573 Π..
979 5505 1387 5580 impenditur],
1411 5507 1514 5563 nisi
1538 5507 1605 5561 ad
1630 5523 1756 5563 cau-

241 5650 262 5716 f‘
441 5659 655 5716 numero
673 5645 1031 5716 quadraginta
1060 5656 1194 5700 octo.

243 5712 248 5741 ‘
300 5714 408 5775 Αἰ..
441 5713 504 5769 Β.
542 5715 628 5778 IL,
662 5714 725 5770 Τ.
760 5718 808 5779 I,
844 5712 912 5781 ἓ]
946 5735 1050 5767 ποι-ιι
1081 5734 1387 5773 cuzcnvv.

244 5790 259 5815 τ
301 5784 404 5849 3.4.,
442 5786 504 5839 Β.
531 5787 618 5858 ιι,
652 5787 715 5841 Τ.
751 5790 802 5855 1,
831 5788 895 5851 9.,
934 5789 1019 5855 L‘.,
1054 5794 1531 5855 rmttpt'otittcfttlcs.

1869 5142 1986 5212 ipse
2016 5156 2075 5196 se
2105 5142 2383 5209 indignum
2418 5140 2677 5196 Ecclesia:
2707 5139 2984 5195 Consortio
3011 5136 3221 5208 judicat
3242 5180 3255 5203 ,
3288 5137 3377 5206 qui
3409 5136 3480 5190 de

1869 5235 2121 5290 universa
2159 5236 2398 5289 Ecclesia
2430 5235 2571 5290 male
2615 5235 2905 5290 sentiendo
2945 5234 3012 5289 de
3056 5234 3262 5304 judicio
3310 5247 3478 5288 saecu-

1865 5328 1963 5383 lari
1995 5328 2165 5396 poscit
2194 5327 2453 5382 auxilium
2474 5369 2486 5393 ,
2520 5342 2641 5382 cum
2674 5327 3008 5397 privatorum
3038 5324 3474 5380 Christianorum

1866 5434 2058 5475 causas
2092 5419 2383 5487 Apostolus
2416 5418 2579 5474 etiam
2613 5419 2679 5472 ad
2715 5418 3022 5474 Ecclesium
3068 5415 3270 5473 deferri
3316 5426 3478 5485 atque

1864 5514 1937 5570 ibi
1968 5512 2321 5569 determinari
2354 5511 2653 5581 praecipiat.

2007 5649 2100 5715 6.,
2131 5650 2297 5702 ueniat
2327 5649 2406 5701 t‘cl
2435 5647 2677 5701 clericus.

2009 5720 2073 5774 Τ.
2108 5722 2161 5783 I,
2188 5722 2245 5790 9.,
2281 5721 2550 5790 cpiscupns
2580 5717 2656 5771 ecl
2686 5718 2900 5773 clericus
2932 5718 3255 5788 priusquam.

2006 5792 2070 5848 Τ.
2106 5794 2157 5859 1,
2186 5788 2247 5859 ‘3,
2279 5788 2369 5858 (1.,
2404 5806 2580 5845 verum
2611 5791 2816 5844 tandiu.
