  <div class='ocr_page' id='page_1' title='image "/cluster/home/n/w/nwhite01/storage/ocr_20150623/84/uva.x000827071/103.png"; bbox 0 0 3870 6364; ppageno 0'>
   <div class='ocr_carea' id='block_1_1' title="bbox 359 387 453 445">
    <p class='ocr_par' dir='ltr' id='par_1_1' title="bbox 359 387 453 445">
     <span class='ocr_line' id='line_1_1' title="bbox 359 387 453 445; baseline -0.043 1"><span class='ocrx_word' id='word_1_1' title='bbox 359 387 453 445; x_wconf 82' lang='grc'><strong>191</strong></span> 
     </span>
    </p>
   </div>
   <div class='ocr_carea' id='block_1_2' title="bbox 1026 342 2908 429">
    <p class='ocr_par' dir='ltr' id='par_1_2' title="bbox 1026 342 2908 429">
     <span class='ocr_line' id='line_1_2' title="bbox 1026 342 2908 429; baseline -0.015 -2"><span class='ocrx_word' id='word_1_2' title='bbox 1026 365 1407 429; x_wconf 81' lang='lat' dir='ltr'><strong>COLLECTIO</strong></span> <span class='ocrx_word' id='word_1_3' title='bbox 1446 358 1773 421; x_wconf 79' lang='lat' dir='ltr'><strong>CANONUM</strong></span> <span class='ocrx_word' id='word_1_4' title='bbox 1815 358 1874 414; x_wconf 88' lang='lat' dir='ltr'><strong>S.</strong></span> <span class='ocrx_word' id='word_1_5' title='bbox 1916 350 2189 411; x_wconf 80' lang='lat' dir='ltr'><strong>ISIDORO</strong></span> <span class='ocrx_word' id='word_1_6' title='bbox 2232 345 2500 404; x_wconf 73' lang='lat' dir='ltr'><strong>IIISPAL.</strong></span> <span class='ocrx_word' id='word_1_7' title='bbox 2545 342 2908 403; x_wconf 75' lang='lat' dir='ltr'><strong>ASCRIPTA.</strong></span> 
     </span>
    </p>
   </div>
   <div class='ocr_carea' id='block_1_3' title="bbox 358 452 3598 569">
    <p class='ocr_par' dir='ltr' id='par_1_3' title="bbox 358 452 3598 569">
     <span class='ocr_line' id='line_1_3' title="bbox 358 452 3598 569; baseline -0.008 21"><span class='ocrx_word' id='word_1_8' title='bbox 358 503 427 562; x_wconf 60' lang='grc' dir='ltr'><strong>κ.</strong></span> <span class='ocrx_word' id='word_1_9' title='bbox 794 487 1287 569; x_wconf 53' lang='lat' dir='ltr'><strong>«ramo-«iam</strong></span> <span class='ocrx_word' id='word_1_10' title='bbox 1314 475 1924 569; x_wconf 47' lang='lat' dir='ltr'><strong>eceteaw‘ét‘tt.‘3£‘.9‘_</strong></span> <span class='ocrx_word' id='word_1_11' title='bbox 1951 474 1999 532; x_wconf 69' lang='grc' dir='ltr'>Α</span> <span class='ocrx_word' id='word_1_12' title='bbox 2069 466 2207 522; x_wconf 63' lang='grc' dir='ltr'><strong>κυίο</strong></span> <span class='ocrx_word' id='word_1_13' title='bbox 2238 465 2693 569; x_wconf 58' lang='grc' dir='ltr'><strong>υέηξέῗῖὶξὲηείὶῖἴῒ</strong></span> <span class='ocrx_word' id='word_1_14' title='bbox 2716 452 3447 569; x_wconf 56' lang='grc' dir='ltr'><strong>,εέιςεειξξῖιεέενεωτεῑῖξίηι</strong></span> 
     </span>
    </p>
   </div>
   <div class='ocr_carea' id='block_1_4' title="bbox 428 550 1928 643">
    <p class='ocr_par' dir='ltr' id='par_1_4' title="bbox 428 550 1928 643">
     <span class='ocr_line' id='line_1_4' title="bbox 428 550 1928 643; baseline -0.017 -17"><span class='ocrx_word' id='word_1_15' title='bbox 428 550 617 643; x_wconf 47' lang='lat' dir='ltr'><strong>fderi},</strong></span> <span class='ocrx_word' id='word_1_16' title='bbox 652 550 767 621; x_wconf 69' lang='lat' dir='ltr'><strong>non</strong></span> <span class='ocrx_word' id='word_1_17' title='bbox 822 564 993 619; x_wconf 86' lang='lat' dir='ltr'><strong>obesse</strong></span> <span class='ocrx_word' id='word_1_18' title='bbox 1024 550 1298 631; x_wconf 56' lang='lat' dir='ltr'><strong>&#39;prioribus</strong></span> <span class='ocrx_word' id='word_1_19' title='bbox 1344 557 1387 610; x_wconf 91' lang='lat' dir='ltr'><strong>si</strong></span> <span class='ocrx_word' id='word_1_20' title='bbox 1438 553 1637 608; x_wconf 80' lang='lat' dir='ltr'><strong>diversa</strong></span> <span class='ocrx_word' id='word_1_21' title='bbox 1678 550 1928 605; x_wconf 73' lang='lat' dir='ltr'><strong>sententia</strong></span> 
     </span>
    </p>
   </div>
   <div class='ocr_carea' id='block_1_5' title="bbox 428 644 739 713">
    <p class='ocr_par' dir='ltr' id='par_1_5' title="bbox 428 644 739 713">
     <span class='ocr_line' id='line_1_5' title="bbox 428 644 739 713; baseline -0.019 -17"><span class='ocrx_word' id='word_1_22' title='bbox 428 659 518 713; x_wconf 82' lang='lat' dir='ltr'><strong>pro</strong></span> <span class='ocrx_word' id='word_1_23' title='bbox 525 644 739 707; x_wconf 80' lang='lat' dir='ltr'><strong>{era/ur.</strong></span> 
     </span>
    </p>
   </div>
   <div class='ocr_carea' id='block_1_6' title="bbox 432 710 1941 799">
    <p class='ocr_par' dir='ltr' id='par_1_6' title="bbox 432 710 1941 799">
     <span class='ocr_line' id='line_1_6' title="bbox 432 710 1941 799; baseline -0.015 -13"><span class='ocrx_word' id='word_1_24' title='bbox 432 710 541 787; x_wconf 85' lang='lat' dir='ltr'><strong>IIoc</strong></span> <span class='ocrx_word' id='word_1_25' title='bbox 580 730 741 785; x_wconf 79' lang='lat' dir='ltr'><strong>etiam</strong></span> <span class='ocrx_word' id='word_1_26' title='bbox 787 726 1026 799; x_wconf 88' lang='lat' dir='ltr'><strong>placuit,</strong></span> <span class='ocrx_word' id='word_1_27' title='bbox 1071 732 1129 779; x_wconf 88' lang='lat' dir='ltr'><strong>ut</strong></span> <span class='ocrx_word' id='word_1_28' title='bbox 1169 738 1198 775; x_wconf 89' lang='lat' dir='ltr'><strong>a</strong></span> <span class='ocrx_word' id='word_1_29' title='bbox 1240 720 1648 790; x_wconf 87' lang='lat' dir='ltr'><strong>quibuscunque</strong></span> <span class='ocrx_word' id='word_1_30' title='bbox 1669 710 1941 783; x_wconf 77' lang='lat' dir='ltr'><strong>iudicibus</strong></span> 
     </span>
    </p>
   </div>
   <div class='ocr_carea' id='block_1_7' title="bbox 354 804 1942 886">
    <p class='ocr_par' dir='ltr' id='par_1_7' title="bbox 354 804 1942 886">
     <span class='ocr_line' id='line_1_7' title="bbox 354 804 1942 886; baseline -0.014 -6"><span class='ocrx_word' id='word_1_31' title='bbox 354 822 733 880; x_wconf 73' lang='lat' dir='ltr'><strong>ecclesiasticis</strong></span> <span class='ocrx_word' id='word_1_32' title='bbox 774 820 855 875; x_wconf 79' lang='lat' dir='ltr'><strong>ad&#39;</strong></span> <span class='ocrx_word' id='word_1_33' title='bbox 884 819 1019 874; x_wconf 91' lang='lat' dir='ltr'><strong>alios</strong></span> <span class='ocrx_word' id='word_1_34' title='bbox 1055 814 1261 886; x_wconf 87' lang='lat' dir='ltr'><strong>judices</strong></span> <span class='ocrx_word' id='word_1_35' title='bbox 1309 808 1706 867; x_wconf 88' lang='lat' dir='ltr'><strong>ecclesiasticos</strong></span> <span class='ocrx_word' id='word_1_36' title='bbox 1742 804 1829 860; x_wconf 91' lang='lat' dir='ltr'><strong>ubi</strong></span> <span class='ocrx_word' id='word_1_37' title='bbox 1858 813 1942 859; x_wconf 90' lang='lat' dir='ltr'><strong>est</strong></span> 
     </span>
    </p>
   </div>
   <div class='ocr_carea' id='block_1_8' title="bbox 360 896 1940 987">
    <p class='ocr_par' dir='ltr' id='par_1_8' title="bbox 360 896 1940 987">
     <span class='ocr_line' id='line_1_8' title="bbox 360 896 1940 987; baseline -0.013 -15"><span class='ocrx_word' id='word_1_38' title='bbox 360 920 531 987; x_wconf 83' lang='lat' dir='ltr'><strong>major</strong></span> <span class='ocrx_word' id='word_1_39' title='bbox 560 916 854 971; x_wconf 71' lang='lat' dir='ltr'><strong>auctoritas</strong></span> <span class='ocrx_word' id='word_1_40' title='bbox 885 912 1043 967; x_wconf 89' lang='lat' dir='ltr'><strong>fuerit</strong></span> <span class='ocrx_word' id='word_1_41' title='bbox 1079 915 1424 980; x_wconf 76' lang='lat' dir='ltr'><strong>provocatum</strong></span> <span class='ocrx_word' id='word_1_42' title='bbox 1453 949 1465 970; x_wconf 98' lang='lat'><strong>,</strong></span> <span class='ocrx_word' id='word_1_43' title='bbox 1519 903 1675 975; x_wconf 72' lang='lat'><strong>129</strong></span> <span class='ocrx_word' id='word_1_44' title='bbox 1714 914 1818 955; x_wconf 91' lang='lat' dir='ltr'><strong>non</strong></span> <span class='ocrx_word' id='word_1_45' title='bbox 1862 896 1940 953; x_wconf 81' lang='lat' dir='ltr'><strong>cis</strong></span> 
     </span>
    </p>
   </div>
   <div class='ocr_carea' id='block_1_9' title="bbox 358 991 1940 1081">
    <p class='ocr_par' dir='ltr' id='par_1_9' title="bbox 358 991 1940 1081">
     <span class='ocr_line' id='line_1_9' title="bbox 358 991 1940 1081; baseline -0.013 -14"><span class='ocrx_word' id='word_1_46' title='bbox 358 1013 498 1067; x_wconf 90' lang='lat' dir='ltr'><strong>obsit</strong></span> <span class='ocrx_word' id='word_1_47' title='bbox 542 1026 770 1081; x_wconf 87' lang='lat' dir='ltr'><strong>quorum</strong></span> <span class='ocrx_word' id='word_1_48' title='bbox 824 1008 987 1062; x_wconf 88' lang='lat' dir='ltr'><strong>fuerit</strong></span> <span class='ocrx_word' id='word_1_49' title='bbox 1034 1004 1204 1058; x_wconf 90' lang='lat' dir='ltr'><strong>soluta</strong></span> <span class='ocrx_word' id='word_1_50' title='bbox 1254 999 1555 1061; x_wconf 85' lang='lat' dir='ltr'><strong>sententia,</strong></span> <span class='ocrx_word' id='word_1_51' title='bbox 1603 996 1647 1049; x_wconf 96' lang='lat' dir='ltr'><strong>si</strong></span> <span class='ocrx_word' id='word_1_52' title='bbox 1694 991 1940 1048; x_wconf 82' lang='lat' dir='ltr'><strong>convinci</strong></span> 
     </span>
    </p>
   </div>
   <div class='ocr_carea' id='block_1_10' title="bbox 362 1086 1941 1172">
    <p class='ocr_par' dir='ltr' id='par_1_10' title="bbox 362 1086 1941 1172">
     <span class='ocr_line' id='line_1_10' title="bbox 362 1086 1941 1172; baseline -0.013 -13"><span class='ocrx_word' id='word_1_53' title='bbox 362 1118 468 1158; x_wconf 89' lang='lat' dir='ltr'><strong>non</strong></span> <span class='ocrx_word' id='word_1_54' title='bbox 498 1102 770 1172; x_wconf 86' lang='lat' dir='ltr'><strong>potuerint</strong></span> <span class='ocrx_word' id='word_1_55' title='bbox 793 1098 875 1153; x_wconf 86' lang='lat' dir='ltr'><strong>vel</strong></span> <span class='ocrx_word' id='word_1_56' title='bbox 903 1097 1120 1151; x_wconf 92' lang='lat' dir='ltr'><strong>inimico</strong></span> <span class='ocrx_word' id='word_1_57' title='bbox 1144 1095 1323 1149; x_wconf 90' lang='lat' dir='ltr'><strong>animo</strong></span> <span class='ocrx_word' id='word_1_58' title='bbox 1350 1090 1623 1163; x_wconf 87' lang='lat' dir='ltr'><strong>judicasse</strong></span> <span class='ocrx_word' id='word_1_59' title='bbox 1648 1086 1731 1141; x_wconf 89' lang='lat' dir='ltr'><strong>vel</strong></span> <span class='ocrx_word' id='word_1_60' title='bbox 1761 1086 1941 1155; x_wconf 90' lang='lat' dir='ltr'><strong>aliqua</strong></span> 
     </span>
    </p>
   </div>
   <div class='ocr_carea' id='block_1_11' title="bbox 362 1180 1941 1263">
    <p class='ocr_par' dir='ltr' id='par_1_11' title="bbox 362 1180 1941 1263">
     <span class='ocr_line' id='line_1_11' title="bbox 362 1180 1941 1263; baseline -0.013 -16"><span class='ocrx_word' id='word_1_61' title='bbox 362 1192 652 1263; x_wconf 74' lang='lat' dir='ltr'><strong>cupiditate</strong></span> <span class='ocrx_word' id='word_1_62' title='bbox 682 1200 771 1245; x_wconf 83' lang='lat' dir='ltr'><strong>aut</strong></span> <span class='ocrx_word' id='word_1_63' title='bbox 796 1189 965 1260; x_wconf 86' lang='lat' dir='ltr'><strong>gratia</strong></span> <span class='ocrx_word' id='word_1_64' title='bbox 998 1185 1270 1255; x_wconf 85' lang='lat' dir='ltr'><strong>depravati</strong></span> <span class='ocrx_word' id='word_1_65' title='bbox 1298 1200 1310 1236; x_wconf 89' lang='lat'><strong>:</strong></span> <span class='ocrx_word' id='word_1_66' title='bbox 1344 1194 1475 1236; x_wconf 89' lang='lat' dir='ltr'><strong>sane</strong></span> <span class='ocrx_word' id='word_1_67' title='bbox 1504 1180 1548 1233; x_wconf 89' lang='lat' dir='ltr'><strong>si</strong></span> <span class='ocrx_word' id='word_1_68' title='bbox 1578 1193 1643 1232; x_wconf 88' lang='lat' dir='ltr'><strong>ex</strong></span> <span class='ocrx_word' id='word_1_69' title='bbox 1676 1189 1941 1231; x_wconf 90' lang='lat' dir='ltr'><strong>consensu</strong></span> 
     </span>
    </p>
   </div>
   <div class='ocr_carea' id='block_1_12' title="bbox 361 1269 1944 1353">
    <p class='ocr_par' dir='ltr' id='par_1_12' title="bbox 361 1269 1944 1353">
     <span class='ocr_line' id='line_1_12' title="bbox 361 1269 1944 1353; baseline -0.011 -14"><span class='ocrx_word' id='word_1_70' title='bbox 361 1284 592 1353; x_wconf 86' lang='lat' dir='ltr'><strong>partium</strong></span> <span class='ocrx_word' id='word_1_71' title='bbox 619 1282 830 1352; x_wconf 79' lang='lat' dir='ltr'><strong>iudices</strong></span> <span class='ocrx_word' id='word_1_72' title='bbox 856 1280 1014 1337; x_wconf 88' lang='lat' dir='ltr'><strong>electi</strong></span> <span class='ocrx_word' id='word_1_73' title='bbox 1048 1276 1270 1341; x_wconf 81' lang='lat' dir='ltr'><strong>fuerint,</strong></span> <span class='ocrx_word' id='word_1_74' title='bbox 1304 1275 1469 1330; x_wconf 89' lang='lat' dir='ltr'><strong>etiam</strong></span> <span class='ocrx_word' id='word_1_75' title='bbox 1500 1286 1529 1326; x_wconf 90' lang='lat' dir='ltr'><strong>a</strong></span> <span class='ocrx_word' id='word_1_76' title='bbox 1575 1269 1815 1340; x_wconf 88' lang='lat' dir='ltr'><strong>pauciori</strong></span> <span class='ocrx_word' id='word_1_77' title='bbox 1844 1282 1944 1323; x_wconf 86' lang='lat' dir='ltr'><strong>nu-</strong></span> 
     </span>
    </p>
   </div>
   <div class='ocr_carea' id='block_1_13' title="bbox 365 1364 1854 1446">
    <p class='ocr_par' dir='ltr' id='par_1_13' title="bbox 365 1364 1854 1446">
     <span class='ocr_line' id='line_1_13' title="bbox 365 1364 1854 1446; baseline -0.012 -12"><span class='ocrx_word' id='word_1_78' title='bbox 365 1392 515 1434; x_wconf 86' lang='lat' dir='ltr'><strong>Inero</strong></span> <span class='ocrx_word' id='word_1_79' title='bbox 544 1388 703 1446; x_wconf 85' lang='lat' dir='ltr'><strong>quam</strong></span> <span class='ocrx_word' id='word_1_80' title='bbox 735 1375 1085 1431; x_wconf 85' lang='lat' dir='ltr'><strong>constitutum</strong></span> <span class='ocrx_word' id='word_1_81' title='bbox 1116 1380 1197 1427; x_wconf 84' lang='lat' dir='ltr'><strong>est</strong></span> <span class='ocrx_word' id='word_1_82' title='bbox 1230 1382 1335 1423; x_wconf 90' lang='lat' dir='ltr'><strong>non</strong></span> <span class='ocrx_word' id='word_1_83' title='bbox 1365 1367 1522 1422; x_wconf 90' lang='lat' dir='ltr'><strong>liceat</strong></span> <span class='ocrx_word' id='word_1_84' title='bbox 1553 1364 1854 1435; x_wconf 86' lang='lat' dir='ltr'><strong>provocari.</strong></span> 
     </span>
    </p>
   </div>
   <div class='ocr_carea' id='block_1_14' title="bbox 398 1455 1904 1537">
    <p class='ocr_par' dir='ltr' id='par_1_14' title="bbox 398 1455 1904 1537">
     <span class='ocr_line' id='line_1_14' title="bbox 398 1455 1904 1537; baseline -0.011 -14"><span class='ocrx_word' id='word_1_85' title='bbox 398 1469 487 1523; x_wconf 90' lang='lat' dir='ltr'><strong>XI.</strong></span> <span class='ocrx_word' id='word_1_86' title='bbox 537 1467 605 1524; x_wconf 95' lang='lat' dir='ltr'><strong>Ut</strong></span> <span class='ocrx_word' id='word_1_87' title='bbox 634 1468 731 1537; x_wconf 86' lang='lat' dir='ltr'><strong>ﬁlii</strong></span> <span class='ocrx_word' id='word_1_88' title='bbox 759 1467 1062 1521; x_wconf 84' lang='lat' dir='ltr'><strong>clericorum</strong></span> <span class='ocrx_word' id='word_1_89' title='bbox 1088 1463 1156 1517; x_wconf 79' lang='lat' dir='ltr'><strong>ad</strong></span> <span class='ocrx_word' id='word_1_90' title='bbox 1184 1457 1479 1529; x_wconf 86' lang='lat' dir='ltr'><strong>spectacula</strong></span> <span class='ocrx_word' id='word_1_91' title='bbox 1508 1474 1611 1511; x_wconf 85' lang='lat' dir='ltr'><strong>non</strong></span> <span class='ocrx_word' id='word_1_92' title='bbox 1639 1455 1904 1509; x_wconf 83' lang='lat' dir='ltr'><strong>accedant.</strong></span> 
     </span>
    </p>
   </div>
   <div class='ocr_carea' id='block_1_15' title="bbox 432 1548 1948 1617">
    <p class='ocr_par' dir='ltr' id='par_1_15' title="bbox 432 1548 1948 1617">
     <span class='ocr_line' id='line_1_15' title="bbox 432 1548 1948 1617; baseline -0.01 -2"><span class='ocrx_word' id='word_1_93' title='bbox 432 1559 501 1615; x_wconf 90' lang='lat' dir='ltr'><strong>Ut</strong></span> <span class='ocrx_word' id='word_1_94' title='bbox 540 1558 633 1612; x_wconf 86' lang='lat' dir='ltr'><strong>lilii</strong></span> <span class='ocrx_word' id='word_1_95' title='bbox 666 1557 1010 1613; x_wconf 83' lang='lat' dir='ltr'><strong>sacerdotum</strong></span> <span class='ocrx_word' id='word_1_96' title='bbox 1038 1555 1124 1609; x_wconf 91' lang='lat' dir='ltr'><strong>vel</strong></span> <span class='ocrx_word' id='word_1_97' title='bbox 1154 1551 1478 1608; x_wconf 90' lang='lat' dir='ltr'><strong>clericorum</strong></span> <span class='ocrx_word' id='word_1_98' title='bbox 1510 1548 1814 1617; x_wconf 83' lang='lat' dir='ltr'><strong>spectacula</strong></span> <span class='ocrx_word' id='word_1_99' title='bbox 1844 1558 1948 1600; x_wconf 71' lang='lat' dir='ltr'><strong>ste-</strong></span> 
     </span>
    </p>
   </div>
   <div class='ocr_carea' id='block_1_16' title="bbox 367 1640 1949 1715">
    <p class='ocr_par' dir='ltr' id='par_1_16' title="bbox 367 1640 1949 1715">
     <span class='ocr_line' id='line_1_16' title="bbox 367 1640 1949 1715; baseline -0.008 -8"><span class='ocrx_word' id='word_1_100' title='bbox 367 1652 567 1707; x_wconf 88' lang='lat' dir='ltr'><strong>cularia</strong></span> <span class='ocrx_word' id='word_1_101' title='bbox 607 1668 713 1706; x_wconf 88' lang='lat' dir='ltr'><strong>non</strong></span> <span class='ocrx_word' id='word_1_102' title='bbox 757 1651 1081 1715; x_wconf 77' lang='lat' dir='ltr'><strong>exhibeant,</strong></span> <span class='ocrx_word' id='word_1_103' title='bbox 1132 1647 1227 1704; x_wconf 87' lang='lat' dir='ltr'><strong>sed</strong></span> <span class='ocrx_word' id='word_1_104' title='bbox 1267 1661 1368 1703; x_wconf 86' lang='lat' dir='ltr'><strong>nec</strong></span> <span class='ocrx_word' id='word_1_105' title='bbox 1396 1652 1672 1715; x_wconf 82' lang='lat' dir='ltr'><strong>spectent,</strong></span> <span class='ocrx_word' id='word_1_106' title='bbox 1704 1640 1949 1712; x_wconf 87' lang='lat' dir='ltr'><strong>quando-</strong></span> 
     </span>
    </p>
   </div>
   <div class='ocr_carea' id='block_1_17' title="bbox 363 1734 1945 1813">
    <p class='ocr_par' dir='ltr' id='par_1_17' title="bbox 363 1734 1945 1813">
     <span class='ocr_line' id='line_1_17' title="bbox 363 1734 1945 1813; baseline -0.005 -20"><span class='ocrx_word' id='word_1_107' title='bbox 363 1744 576 1813; x_wconf 87' lang='lat' dir='ltr'><strong>quidem</strong></span> <span class='ocrx_word' id='word_1_108' title='bbox 599 1743 665 1798; x_wconf 88' lang='lat' dir='ltr'><strong>ab</strong></span> <span class='ocrx_word' id='word_1_109' title='bbox 687 1742 981 1810; x_wconf 88' lang='lat' dir='ltr'><strong>spectando</strong></span> <span class='ocrx_word' id='word_1_110' title='bbox 1003 1741 1160 1795; x_wconf 89' lang='lat' dir='ltr'><strong>etiam</strong></span> <span class='ocrx_word' id='word_1_111' title='bbox 1185 1752 1372 1793; x_wconf 90' lang='lat' dir='ltr'><strong>omnes</strong></span> <span class='ocrx_word' id='word_1_112' title='bbox 1396 1736 1513 1792; x_wconf 83' lang='lat' dir='ltr'><strong>laici</strong></span> <span class='ocrx_word' id='word_1_113' title='bbox 1538 1734 1945 1803; x_wconf 83' lang='lat' dir='ltr'><strong>prohibeantur;</strong></span> 
     </span>
    </p>
   </div>
   <div class='ocr_carea' id='block_1_18' title="bbox 2272 527 3389 607">
    <p class='ocr_par' dir='ltr' id='par_1_18' title="bbox 2272 527 3389 607">
     <span class='ocr_line' id='line_1_18' title="bbox 2272 527 3389 607; baseline -0.012 -17"><span class='ocrx_word' id='word_1_114' title='bbox 2272 536 2568 607; x_wconf 75' lang='lat' dir='ltr'><strong>coniugium</strong></span> <span class='ocrx_word' id='word_1_115' title='bbox 2597 541 2683 587; x_wconf 86' lang='lat' dir='ltr'><strong>aut</strong></span> <span class='ocrx_word' id='word_1_116' title='bbox 2715 532 2998 585; x_wconf 81' lang='lat' dir='ltr'><strong>castitatem</strong></span> <span class='ocrx_word' id='word_1_117' title='bbox 3031 527 3389 593; x_wconf 80' lang='lat' dir='ltr'><strong>proﬁteantur.</strong></span> 
     </span>
    </p>
   </div>
   <div class='ocr_carea' id='block_1_19' title="bbox 2115 615 3639 688">
    <p class='ocr_par' dir='ltr' id='par_1_19' title="bbox 2115 615 3639 688">
     <span class='ocr_line' id='line_1_19' title="bbox 2115 615 3639 688; baseline -0.009 -5"><span class='ocrx_word' id='word_1_118' title='bbox 2115 628 2328 683; x_wconf 84' lang='lat' dir='ltr'><strong>Placuit</strong></span> <span class='ocrx_word' id='word_1_119' title='bbox 2354 637 2412 682; x_wconf 86' lang='lat' dir='ltr'><strong>ut</strong></span> <span class='ocrx_word' id='word_1_120' title='bbox 2441 627 2671 681; x_wconf 83' lang='lat' dir='ltr'><strong>lectores</strong></span> <span class='ocrx_word' id='word_1_121' title='bbox 2692 664 2707 688; x_wconf 95' lang='lat'><strong>,</strong></span> <span class='ocrx_word' id='word_1_122' title='bbox 2740 636 2862 677; x_wconf 87' lang='lat' dir='ltr'><strong>cum</strong></span> <span class='ocrx_word' id='word_1_123' title='bbox 2895 621 2959 673; x_wconf 92' lang='lat' dir='ltr'><strong>ad</strong></span> <span class='ocrx_word' id='word_1_124' title='bbox 2994 632 3168 673; x_wconf 88' lang='lat' dir='ltr'><strong>annos</strong></span> <span class='ocrx_word' id='word_1_125' title='bbox 3203 615 3508 685; x_wconf 78' lang='lat' dir='ltr'><strong>pubertatis</strong></span> <span class='ocrx_word' id='word_1_126' title='bbox 3543 626 3639 669; x_wconf 79' lang='lat' dir='ltr'><strong>ve—</strong></span> 
     </span>
    </p>
   </div>
   <div class='ocr_carea' id='block_1_20' title="bbox 2043 707 3639 789">
    <p class='ocr_par' dir='ltr' id='par_1_20' title="bbox 2043 707 3639 789">
     <span class='ocr_line' id='line_1_20' title="bbox 2043 707 3639 789; baseline -0.01 -12"><span class='ocrx_word' id='word_1_127' title='bbox 2043 723 2242 787; x_wconf 88' lang='lat' dir='ltr'><strong>nerint,</strong></span> <span class='ocrx_word' id='word_1_128' title='bbox 2274 730 2534 789; x_wconf 87' lang='lat' dir='ltr'><strong>cogantur</strong></span> <span class='ocrx_word' id='word_1_129' title='bbox 2564 725 2656 773; x_wconf 89' lang='lat' dir='ltr'><strong>aut</strong></span> <span class='ocrx_word' id='word_1_130' title='bbox 2684 729 2879 771; x_wconf 84' lang='lat' dir='ltr'><strong>uxores</strong></span> <span class='ocrx_word' id='word_1_131' title='bbox 2910 714 3109 769; x_wconf 88' lang='lat' dir='ltr'><strong>ducere</strong></span> <span class='ocrx_word' id='word_1_132' title='bbox 3135 721 3227 765; x_wconf 90' lang='lat' dir='ltr'><strong>aut</strong></span> <span class='ocrx_word' id='word_1_133' title='bbox 3242 707 3639 764; x_wconf 87' lang='lat' dir='ltr'><strong>continentiam</strong></span> 
     </span>
    </p>
   </div>
   <div class='ocr_carea' id='block_1_21' title="bbox 2045 814 3163 887">
    <p class='ocr_par' dir='ltr' id='par_1_21' title="bbox 2045 814 3163 887">
     <span class='ocr_line' id='line_1_21' title="bbox 2045 814 3163 887; baseline -0.017 -15"><span class='ocrx_word' id='word_1_134' title='bbox 2045 814 2288 887; x_wconf 83' lang='lat' dir='ltr'><strong>proﬁteri</strong></span> <span class='ocrx_word' id='word_1_135' title='bbox 3160 816 3163 817; x_wconf 63' lang='lat'><strong><em>&#39;</em></strong></span> 
     </span>
    </p>
   </div>
   <div class='ocr_carea' id='block_1_22' title="bbox 2077 899 3600 978">
    <p class='ocr_par' dir='ltr' id='par_1_22' title="bbox 2077 899 3600 978">
     <span class='ocr_line' id='line_1_22' title="bbox 2077 899 3600 978; baseline -0.014 -13"><span class='ocrx_word' id='word_1_136' title='bbox 2077 908 2198 965; x_wconf 85' lang='lat' dir='ltr'><strong>XX.</strong></span> <span class='ocrx_word' id='word_1_137' title='bbox 2239 907 2307 963; x_wconf 90' lang='lat' dir='ltr'><strong>Ut</strong></span> <span class='ocrx_word' id='word_1_138' title='bbox 2335 906 2504 978; x_wconf 78' lang='lat' dir='ltr'><strong>plebes</strong></span> <span class='ocrx_word' id='word_1_139' title='bbox 2532 904 2729 959; x_wconf 88' lang='lat' dir='ltr'><strong>alienas</strong></span> <span class='ocrx_word' id='word_1_140' title='bbox 2758 901 2894 956; x_wconf 80' lang='lat' dir='ltr'><strong>alius</strong></span> <span class='ocrx_word' id='word_1_141' title='bbox 2920 899 3191 969; x_wconf 78' lang='lat' dir='ltr'><strong>episcOpus</strong></span> <span class='ocrx_word' id='word_1_142' title='bbox 3224 910 3327 949; x_wconf 85' lang='lat' dir='ltr'><strong>non</strong></span> <span class='ocrx_word' id='word_1_143' title='bbox 3358 899 3600 963; x_wconf 77' lang='lat' dir='ltr'><strong>usurpet.</strong></span> 
     </span>
    </p>
   </div>
   <div class='ocr_carea' id='block_1_23' title="bbox 2117 985 3640 1064">
    <p class='ocr_par' dir='ltr' id='par_1_23' title="bbox 2117 985 3640 1064">
     <span class='ocr_line' id='line_1_23' title="bbox 2117 985 3640 1064; baseline -0.013 -6"><span class='ocrx_word' id='word_1_144' title='bbox 2117 1003 2322 1058; x_wconf 85' lang='lat' dir='ltr'><strong>Placuit</strong></span> <span class='ocrx_word' id='word_1_145' title='bbox 2374 1010 2432 1055; x_wconf 91' lang='lat' dir='ltr'><strong>ut</strong></span> <span class='ocrx_word' id='word_1_146' title='bbox 2485 1014 2514 1053; x_wconf 92' lang='lat' dir='ltr'><strong>a</strong></span> <span class='ocrx_word' id='word_1_147' title='bbox 2565 997 2712 1053; x_wconf 88' lang='lat' dir='ltr'><strong>nullo</strong></span> <span class='ocrx_word' id='word_1_148' title='bbox 2760 995 3016 1064; x_wconf 90' lang='lat' dir='ltr'><strong>episcopo</strong></span> <span class='ocrx_word' id='word_1_149' title='bbox 3069 997 3396 1059; x_wconf 87' lang='lat' dir='ltr'><strong>usurpentur</strong></span> <span class='ocrx_word' id='word_1_150' title='bbox 3448 985 3640 1055; x_wconf 83' lang='lat' dir='ltr'><strong>plebes</strong></span> 
     </span>
    </p>
   </div>
   <div class='ocr_carea' id='block_1_24' title="bbox 2043 1076 3642 1161">
    <p class='ocr_par' dir='ltr' id='par_1_24' title="bbox 2043 1076 3642 1161">
     <span class='ocr_line' id='line_1_24' title="bbox 2043 1076 3642 1161; baseline -0.012 -11"><span class='ocrx_word' id='word_1_151' title='bbox 2043 1096 2275 1161; x_wconf 70' lang='lat' dir='ltr'><strong>alienae,</strong></span> <span class='ocrx_word' id='word_1_152' title='bbox 2307 1107 2407 1148; x_wconf 90' lang='lat' dir='ltr'><strong>nec</strong></span> <span class='ocrx_word' id='word_1_153' title='bbox 2448 1089 2641 1159; x_wconf 87' lang='lat' dir='ltr'><strong>aliquis</strong></span> <span class='ocrx_word' id='word_1_154' title='bbox 2682 1088 3059 1157; x_wconf 85' lang='lat' dir='ltr'><strong>episcoporum</strong></span> <span class='ocrx_word' id='word_1_155' title='bbox 3103 1077 3544 1150; x_wconf 79' lang='lat' dir='ltr'><strong>supergrediatur</strong></span> <span class='ocrx_word' id='word_1_156' title='bbox 3584 1076 3642 1132; x_wconf 90' lang='lat' dir='ltr'><strong>in</strong></span> 
     </span>
    </p>
   </div>
   <div class='ocr_carea' id='block_1_25' title="bbox 2044 1182 2866 1252">
    <p class='ocr_par' dir='ltr' id='par_1_25' title="bbox 2044 1182 2866 1252">
     <span class='ocr_line' id='line_1_25' title="bbox 2044 1182 2866 1252; baseline -0.015 -8"><span class='ocrx_word' id='word_1_157' title='bbox 2044 1187 2320 1244; x_wconf 75' lang='lat' dir='ltr'><strong>diteccsim</strong></span> <span class='ocrx_word' id='word_1_158' title='bbox 2348 1183 2569 1252; x_wconf 63' lang='lat' dir='ltr'><strong>collega</strong></span> <span class='ocrx_word' id='word_1_159' title='bbox 2596 1182 2680 1235; x_wconf 87' lang='lat' dir='ltr'><strong>sui</strong></span> <span class='ocrx_word' id='word_1_160' title='bbox 2712 1187 2761 1233; x_wconf 81' lang='grc'><strong>⁸.</strong></span> <span class='ocrx_word' id='word_1_161' title='bbox 2859 1227 2866 1233; x_wconf 90' lang='grc'>.</span> 
     </span>
    </p>
   </div>
   <div class='ocr_carea' id='block_1_26' title="bbox 2043 1266 3644 1346">
    <p class='ocr_par' dir='ltr' id='par_1_26' title="bbox 2043 1266 3644 1346">
     <span class='ocr_line' id='line_1_26' title="bbox 2043 1266 3644 1346; baseline -0.014 -8"><span class='ocrx_word' id='word_1_162' title='bbox 2043 1281 2186 1338; x_wconf 87' lang='lat' dir='ltr'><strong>XXI.</strong></span> <span class='ocrx_word' id='word_1_163' title='bbox 2240 1279 2308 1335; x_wconf 90' lang='lat' dir='ltr'><strong>Ut</strong></span> <span class='ocrx_word' id='word_1_164' title='bbox 2372 1276 2547 1332; x_wconf 85' lang='lat' dir='ltr'><strong>nullus</strong></span> <span class='ocrx_word' id='word_1_165' title='bbox 2595 1274 2864 1346; x_wconf 87' lang='lat' dir='ltr'><strong>episcopus</strong></span> <span class='ocrx_word' id='word_1_166' title='bbox 2893 1270 3121 1346; x_wconf 71' lang='lat' dir='ltr'><strong>alienum</strong></span> <span class='ocrx_word' id='word_1_167' title='bbox 3167 1267 3410 1322; x_wconf 73' lang='lat' dir='ltr'><strong>clericum</strong></span> <span class='ocrx_word' id='word_1_168' title='bbox 3447 1266 3644 1317; x_wconf 86' lang='lat' dir='ltr'><strong>audeat</strong></span> 
     </span>
    </p>
   </div>
   <div class='ocr_carea' id='block_1_27' title="bbox 2524 1343 3142 1400">
    <p class='ocr_par' dir='ltr' id='par_1_27' title="bbox 2524 1343 3142 1400">
     <span class='ocr_line' id='line_1_27' title="bbox 2524 1343 3142 1400; baseline -0.008 -1"><span class='ocrx_word' id='word_1_169' title='bbox 2524 1343 2743 1400; x_wconf 82' lang='lat' dir='ltr'><strong>retinere</strong></span> <span class='ocrx_word' id='word_1_170' title='bbox 2769 1346 2847 1398; x_wconf 77' lang='lat' dir='ltr'><strong>vel</strong></span> <span class='ocrx_word' id='word_1_171' title='bbox 2877 1343 3142 1397; x_wconf 86' lang='lat' dir='ltr'><strong>ordinare.</strong></span> 
     </span>
    </p>
   </div>
   <div class='ocr_carea' id='block_1_28' title="bbox 2120 1423 3646 1502">
    <p class='ocr_par' dir='ltr' id='par_1_28' title="bbox 2120 1423 3646 1502">
     <span class='ocr_line' id='line_1_28' title="bbox 2120 1423 3646 1502; baseline -0.014 -3"><span class='ocrx_word' id='word_1_172' title='bbox 2120 1441 2189 1499; x_wconf 89' lang='lat' dir='ltr'><strong>Ut</strong></span> <span class='ocrx_word' id='word_1_173' title='bbox 2227 1440 2483 1498; x_wconf 88' lang='lat' dir='ltr'><strong>clericum</strong></span> <span class='ocrx_word' id='word_1_174' title='bbox 2525 1438 2798 1502; x_wconf 87' lang='lat' dir='ltr'><strong>alienum,</strong></span> <span class='ocrx_word' id='word_1_175' title='bbox 2846 1435 2948 1490; x_wconf 86' lang='lat' dir='ltr'><strong>nisi</strong></span> <span class='ocrx_word' id='word_1_176' title='bbox 2989 1429 3325 1488; x_wconf 83' lang='lat' dir='ltr'><strong>concedente</strong></span> <span class='ocrx_word' id='word_1_177' title='bbox 3370 1427 3488 1495; x_wconf 83' lang='lat' dir='ltr'><strong>ejus</strong></span> <span class='ocrx_word' id='word_1_178' title='bbox 3518 1423 3646 1494; x_wconf 89' lang='lat' dir='ltr'><strong>epi-</strong></span> 
     </span>
    </p>
   </div>
   <div class='ocr_carea' id='block_1_29' title="bbox 2047 1520 3647 1606">
    <p class='ocr_par' dir='ltr' id='par_1_29' title="bbox 2047 1520 3647 1606">
     <span class='ocr_line' id='line_1_29' title="bbox 2047 1520 3647 1606; baseline -0.013 -13"><span class='ocrx_word' id='word_1_179' title='bbox 2047 1551 2213 1606; x_wconf 88' lang='lat' dir='ltr'><strong>scopo</strong></span> <span class='ocrx_word' id='word_1_180' title='bbox 2235 1576 2251 1603; x_wconf 90' lang='lat'><strong>,</strong></span> <span class='ocrx_word' id='word_1_181' title='bbox 2281 1548 2441 1590; x_wconf 88' lang='lat' dir='ltr'><strong>nemo</strong></span> <span class='ocrx_word' id='word_1_182' title='bbox 2472 1532 2670 1588; x_wconf 81' lang='lat' dir='ltr'><strong>audeat</strong></span> <span class='ocrx_word' id='word_1_183' title='bbox 2700 1530 2938 1586; x_wconf 90' lang='lat' dir='ltr'><strong>retinere</strong></span> <span class='ocrx_word' id='word_1_184' title='bbox 2966 1527 3051 1583; x_wconf 87' lang='lat' dir='ltr'><strong>vel</strong></span> <span class='ocrx_word' id='word_1_185' title='bbox 3085 1535 3409 1597; x_wconf 77' lang='lat' dir='ltr'><strong>promovere</strong></span> <span class='ocrx_word' id='word_1_186' title='bbox 3450 1520 3501 1574; x_wconf 95' lang='lat' dir='ltr'><strong>in</strong></span> <span class='ocrx_word' id='word_1_187' title='bbox 3545 1532 3647 1574; x_wconf 88' lang='lat' dir='ltr'><strong>ec-</strong></span> 
     </span>
    </p>
   </div>
   <div class='ocr_carea' id='block_1_30' title="bbox 2048 1614 3648 1689">
    <p class='ocr_par' dir='ltr' id='par_1_30' title="bbox 2048 1614 3648 1689">
     <span class='ocr_line' id='line_1_30' title="bbox 2048 1614 3648 1689; baseline -0.013 0"><span class='ocrx_word' id='word_1_188' title='bbox 2048 1634 2212 1689; x_wconf 89' lang='lat' dir='ltr'><strong>clesia</strong></span> <span class='ocrx_word' id='word_1_189' title='bbox 2241 1631 2345 1687; x_wconf 87' lang='lat' dir='ltr'><strong>sibi</strong></span> <span class='ocrx_word' id='word_1_190' title='bbox 2375 1629 2576 1685; x_wconf 90' lang='lat' dir='ltr'><strong>credita</strong></span> <span class='ocrx_word' id='word_1_191' title='bbox 2607 1645 2621 1681; x_wconf 89' lang='lat'><strong>:</strong></span> <span class='ocrx_word' id='word_1_192' title='bbox 2650 1627 2973 1683; x_wconf 88' lang='lat' dir='ltr'><strong>clericorum</strong></span> <span class='ocrx_word' id='word_1_193' title='bbox 3019 1630 3199 1677; x_wconf 90' lang='lat' dir='ltr'><strong>autem</strong></span> <span class='ocrx_word' id='word_1_194' title='bbox 3247 1630 3444 1673; x_wconf 88' lang='lat' dir='ltr'><strong>nomen</strong></span> <span class='ocrx_word' id='word_1_195' title='bbox 3479 1614 3648 1670; x_wconf 83' lang='lat' dir='ltr'><strong>etiam</strong></span> 
     </span>
    </p>
   </div>
   <div class='ocr_carea' id='block_1_31' title="bbox 2052 1717 3297 1793">
    <p class='ocr_par' dir='ltr' id='par_1_31' title="bbox 2052 1717 3297 1793">
     <span class='ocr_line' id='line_1_31' title="bbox 2052 1717 3297 1793; baseline -0.01 -13"><span class='ocrx_word' id='word_1_196' title='bbox 2052 1727 2285 1782; x_wconf 87' lang='lat' dir='ltr'><strong>lectores</strong></span> <span class='ocrx_word' id='word_1_197' title='bbox 2314 1733 2372 1779; x_wconf 90' lang='lat' dir='ltr'><strong>et</strong></span> <span class='ocrx_word' id='word_1_198' title='bbox 2399 1721 2698 1793; x_wconf 75' lang='lat' dir='ltr'><strong>psalmistse</strong></span> <span class='ocrx_word' id='word_1_199' title='bbox 2726 1731 2781 1776; x_wconf 88' lang='lat' dir='ltr'><strong>et</strong></span> <span class='ocrx_word' id='word_1_200' title='bbox 2805 1718 3012 1775; x_wconf 84' lang='lat' dir='ltr'><strong>ostiarii</strong></span> <span class='ocrx_word' id='word_1_201' title='bbox 3042 1717 3297 1772; x_wconf 88' lang='lat' dir='ltr'><strong>retinent.</strong></span> 
     </span>
    </p>
   </div>
   <div class='ocr_carea' id='block_1_32' title="bbox 360 1808 3658 1904">
    <p class='ocr_par' dir='ltr' id='par_1_32' title="bbox 360 1808 3658 1904">
     <span class='ocr_line' id='line_1_32' title="bbox 360 1808 3658 1904; baseline -0.008 -14"><span class='ocrx_word' id='word_1_202' title='bbox 360 1808 574 1904; x_wconf 67' lang='lat' dir='ltr'><strong>semper</strong></span> <span class='ocrx_word' id='word_1_203' title='bbox 620 1808 762 1889; x_wconf 86' lang='lat' dir='ltr'><strong>enim</strong></span> <span class='ocrx_word' id='word_1_204' title='bbox 812 1831 1132 1888; x_wconf 74' lang='lat' dir='ltr'><strong>Christianis</strong></span> <span class='ocrx_word' id='word_1_205' title='bbox 1171 1830 1422 1887; x_wconf 85' lang='lat' dir='ltr'><strong>omnibus</strong></span> <span class='ocrx_word' id='word_1_206' title='bbox 1467 1830 1571 1883; x_wconf 91' lang='lat' dir='ltr'><strong>hoe</strong></span> <span class='ocrx_word' id='word_1_207' title='bbox 1601 1826 1939 1881; x_wconf 89' lang='lat' dir='ltr'><strong>interdictum</strong></span> <span class='ocrx_word' id='word_1_208' title='bbox 1970 1837 2019 1897; x_wconf 78' lang='grc' dir='ltr'><strong>Β</strong></span> <span class='ocrx_word' id='word_1_209' title='bbox 2053 1815 2216 1872; x_wconf 81' lang='lat' dir='ltr'><strong>XXII.</strong></span> <span class='ocrx_word' id='word_1_210' title='bbox 2273 1814 2358 1870; x_wconf 87' lang='lat' dir='ltr'><strong>Ut‘</strong></span> <span class='ocrx_word' id='word_1_211' title='bbox 2387 1814 2561 1869; x_wconf 84' lang='lat' dir='ltr'><strong>nullus</strong></span> <span class='ocrx_word' id='word_1_212' title='bbox 2614 1813 2834 1904; x_wconf 61' lang='lat' dir='ltr'><strong>clericus</strong></span> <span class='ocrx_word' id='word_1_213' title='bbox 2877 1810 3166 1904; x_wconf 42' lang='lat' dir='ltr'><strong>fndinetur,</strong></span> <span class='ocrx_word' id='word_1_214' title='bbox 3200 1808 3301 1862; x_wconf 84' lang='lat' dir='ltr'><strong>nisi</strong></span> <span class='ocrx_word' id='word_1_215' title='bbox 3327 1809 3483 1879; x_wconf 68' lang='lat' dir='ltr'><strong>funis</strong></span> <span class='ocrx_word' id='word_1_216' title='bbox 3535 1808 3658 1865; x_wconf 69' lang='lat' dir='ltr'><strong>vita</strong></span> 
     </span>
    </p>
   </div>
   <div class='ocr_carea' id='block_1_33' title="bbox 361 1918 1654 1993">
    <p class='ocr_par' dir='ltr' id='par_1_33' title="bbox 361 1918 1654 1993">
     <span class='ocr_line' id='line_1_33' title="bbox 361 1918 1654 1993; baseline -0.009 -11"><span class='ocrx_word' id='word_1_217' title='bbox 361 1933 442 1982; x_wconf 84' lang='lat' dir='ltr'><strong>est</strong></span> <span class='ocrx_word' id='word_1_218' title='bbox 464 1966 477 1988; x_wconf 90' lang='lat'><strong>,</strong></span> <span class='ocrx_word' id='word_1_219' title='bbox 509 1926 674 1979; x_wconf 89' lang='lat' dir='ltr'><strong>utubi</strong></span> <span class='ocrx_word' id='word_1_220' title='bbox 705 1924 1052 1993; x_wconf 67' lang='lat' dir='ltr'><strong>blasphemiae</strong></span> <span class='ocrx_word' id='word_1_221' title='bbox 1080 1931 1205 1978; x_wconf 87' lang='lat' dir='ltr'><strong>sunt</strong></span> <span class='ocrx_word' id='word_1_222' title='bbox 1236 1936 1343 1976; x_wconf 83' lang='lat' dir='ltr'><strong>non</strong></span> <span class='ocrx_word' id='word_1_223' title='bbox 1375 1918 1654 1974; x_wconf 85' lang='lat' dir='ltr'><strong>accedant.</strong></span> 
     </span>
    </p>
   </div>
   <div class='ocr_carea' id='block_1_34' title="bbox 474 2008 1836 2099">
    <p class='ocr_par' dir='ltr' id='par_1_34' title="bbox 474 2008 1836 2099">
     <span class='ocr_line' id='line_1_34' title="bbox 474 2008 1836 2099; baseline -0.007 -29"><span class='ocrx_word' id='word_1_224' title='bbox 474 2015 585 2070; x_wconf 91' lang='lat' dir='ltr'><strong>XII.</strong></span> <span class='ocrx_word' id='word_1_225' title='bbox 636 2015 702 2071; x_wconf 87' lang='lat' dir='ltr'><strong>Ut</strong></span> <span class='ocrx_word' id='word_1_226' title='bbox 729 2017 827 2085; x_wconf 89' lang='lat' dir='ltr'><strong>ﬁlii</strong></span> <span class='ocrx_word' id='word_1_227' title='bbox 856 2012 1521 2099; x_wconf 48' lang='lat' dir='ltr'><strong>clericorumptatrimoniis</strong></span> <span class='ocrx_word' id='word_1_228' title='bbox 1548 2008 1836 2077; x_wconf 86' lang='lat' dir='ltr'><strong>inﬁdelium</strong></span> 
     </span>
    </p>
   </div>
   <div class='ocr_carea' id='block_1_35' title="bbox 942 2098 1347 2141">
    <p class='ocr_par' dir='ltr' id='par_1_35' title="bbox 942 2098 1347 2141">
     <span class='ocr_line' id='line_1_35' title="bbox 942 2098 1347 2141; baseline -0.005 0"><span class='ocrx_word' id='word_1_229' title='bbox 942 2104 1045 2141; x_wconf 88' lang='lat' dir='ltr'><strong>non</strong></span> <span class='ocrx_word' id='word_1_230' title='bbox 1071 2098 1347 2141; x_wconf 66' lang='grc' dir='ltr'><strong>δοσιεηιιιτ.</strong></span> 
     </span>
    </p>
   </div>
   <div class='ocr_carea' id='block_1_36' title="bbox 434 2173 1946 2246">
    <p class='ocr_par' dir='ltr' id='par_1_36' title="bbox 434 2173 1946 2246">
     <span class='ocr_line' id='line_1_36' title="bbox 434 2173 1946 2246; baseline -0.005 -15"><span class='ocrx_word' id='word_1_231' title='bbox 434 2178 561 2231; x_wconf 86' lang='lat' dir='ltr'><strong>Item</strong></span> <span class='ocrx_word' id='word_1_232' title='bbox 607 2178 839 2246; x_wconf 89' lang='lat' dir='ltr'><strong>placuit,</strong></span> <span class='ocrx_word' id='word_1_233' title='bbox 894 2186 950 2231; x_wconf 92' lang='lat' dir='ltr'><strong>ut</strong></span> <span class='ocrx_word' id='word_1_234' title='bbox 999 2176 1089 2230; x_wconf 84' lang='lat' dir='ltr'><strong>lilii</strong></span> <span class='ocrx_word' id='word_1_235' title='bbox 1141 2176 1223 2230; x_wconf 88' lang='lat' dir='ltr'><strong>vel</strong></span> <span class='ocrx_word' id='word_1_236' title='bbox 1273 2174 1394 2229; x_wconf 69' lang='lat' dir='ltr'><strong>ﬁliae</strong></span> <span class='ocrx_word' id='word_1_237' title='bbox 1439 2174 1811 2243; x_wconf 87' lang='lat' dir='ltr'><strong>episcoporum</strong></span> <span class='ocrx_word' id='word_1_238' title='bbox 1858 2173 1946 2225; x_wconf 89' lang='lat' dir='ltr'><strong>vel</strong></span> 
     </span>
    </p>
   </div>
   <div class='ocr_carea' id='block_1_37' title="bbox 365 2266 1952 2347">
    <p class='ocr_par' dir='ltr' id='par_1_37' title="bbox 365 2266 1952 2347">
     <span class='ocr_line' id='line_1_37' title="bbox 365 2266 1952 2347; baseline -0.007 -19"><span class='ocrx_word' id='word_1_239' title='bbox 365 2272 726 2347; x_wconf 88' lang='lat' dir='ltr'><strong>quorumlibet</strong></span> <span class='ocrx_word' id='word_1_240' title='bbox 750 2271 1072 2329; x_wconf 90' lang='lat' dir='ltr'><strong>clericorum</strong></span> <span class='ocrx_word' id='word_1_241' title='bbox 1105 2269 1411 2326; x_wconf 81' lang='lat' dir='ltr'><strong>Gentilibus</strong></span> <span class='ocrx_word' id='word_1_242' title='bbox 1441 2268 1528 2323; x_wconf 91' lang='lat' dir='ltr'><strong>vel</strong></span> <span class='ocrx_word' id='word_1_243' title='bbox 1562 2266 1829 2322; x_wconf 71' lang='lat' dir='ltr'><strong>haereticis</strong></span> <span class='ocrx_word' id='word_1_244' title='bbox 1860 2272 1952 2318; x_wconf 85' lang='lat' dir='ltr'><strong>aut</strong></span> 
     </span>
    </p>
   </div>
   <div class='ocr_carea' id='block_1_38' title="bbox 370 2363 1690 2431">
    <p class='ocr_par' dir='ltr' id='par_1_38' title="bbox 370 2363 1690 2431">
     <span class='ocr_line' id='line_1_38' title="bbox 370 2363 1690 2431; baseline -0.003 -10"><span class='ocrx_word' id='word_1_245' title='bbox 370 2367 728 2422; x_wconf 85' lang='lat' dir='ltr'><strong>schismaticis</strong></span> <span class='ocrx_word' id='word_1_246' title='bbox 760 2363 1104 2420; x_wconf 87' lang='lat' dir='ltr'><strong>matrimonio</strong></span> <span class='ocrx_word' id='word_1_247' title='bbox 1136 2379 1239 2419; x_wconf 91' lang='lat' dir='ltr'><strong>non</strong></span> <span class='ocrx_word' id='word_1_248' title='bbox 1272 2363 1690 2431; x_wconf 79' lang='lat' dir='ltr'><strong>coniungantur.</strong></span> 
     </span>
    </p>
   </div>
   <div class='ocr_carea' id='block_1_39' title="bbox 408 2450 1926 2519">
    <p class='ocr_par' dir='ltr' id='par_1_39' title="bbox 408 2450 1926 2519">
     <span class='ocr_line' id='line_1_39' title="bbox 408 2450 1926 2519; baseline -0.007 -5"><span class='ocrx_word' id='word_1_249' title='bbox 408 2458 545 2514; x_wconf 81' lang='lat' dir='ltr'><strong>XIII.</strong></span> <span class='ocrx_word' id='word_1_250' title='bbox 606 2456 674 2513; x_wconf 92' lang='lat' dir='ltr'><strong>Ut</strong></span> <span class='ocrx_word' id='word_1_251' title='bbox 734 2455 905 2512; x_wconf 81' lang='lat' dir='ltr'><strong>clerici</strong></span> <span class='ocrx_word' id='word_1_252' title='bbox 961 2455 1025 2510; x_wconf 90' lang='lat' dir='ltr'><strong>de</strong></span> <span class='ocrx_word' id='word_1_253' title='bbox 1078 2456 1227 2511; x_wconf 92' lang='lat' dir='ltr'><strong>rebus</strong></span> <span class='ocrx_word' id='word_1_254' title='bbox 1282 2456 1389 2510; x_wconf 87' lang='lat' dir='ltr'><strong>suis</strong></span> <span class='ocrx_word' id='word_1_255' title='bbox 1444 2452 1571 2508; x_wconf 76' lang='lat' dir='ltr'><strong>nihil</strong></span> <span class='ocrx_word' id='word_1_256' title='bbox 1633 2450 1926 2519; x_wconf 80' lang='lat' dir='ltr'><strong>inﬁdelibus</strong></span> 
     </span>
    </p>
   </div>
   <div class='ocr_carea' id='block_1_40' title="bbox 1010 2531 1294 2597">
    <p class='ocr_par' dir='ltr' id='par_1_40' title="bbox 1010 2531 1294 2597">
     <span class='ocr_line' id='line_1_40' title="bbox 1010 2531 1294 2597; baseline -0.007 -16"><span class='ocrx_word' id='word_1_257' title='bbox 1010 2531 1294 2597; x_wconf 76' lang='lat' dir='ltr'><strong>conferant.</strong></span> 
     </span>
    </p>
   </div>
   <div class='ocr_carea' id='block_1_41' title="bbox 436 2613 1949 2690">
    <p class='ocr_par' dir='ltr' id='par_1_41' title="bbox 436 2613 1949 2690">
     <span class='ocr_line' id='line_1_41' title="bbox 436 2613 1949 2690; baseline -0.007 -13"><span class='ocrx_word' id='word_1_258' title='bbox 436 2620 506 2677; x_wconf 89' lang='lat' dir='ltr'><strong>Ut</strong></span> <span class='ocrx_word' id='word_1_259' title='bbox 548 2618 784 2690; x_wconf 88' lang='lat' dir='ltr'><strong>episcopi</strong></span> <span class='ocrx_word' id='word_1_260' title='bbox 826 2618 911 2674; x_wconf 83' lang='lat' dir='ltr'><strong>vel</strong></span> <span class='ocrx_word' id='word_1_261' title='bbox 954 2617 1137 2674; x_wconf 89' lang='lat' dir='ltr'><strong>clerici</strong></span> <span class='ocrx_word' id='word_1_262' title='bbox 1169 2619 1221 2672; x_wconf 91' lang='lat' dir='ltr'><strong>in</strong></span> <span class='ocrx_word' id='word_1_263' title='bbox 1253 2632 1347 2673; x_wconf 89' lang='lat' dir='ltr'><strong>eos</strong></span> <span class='ocrx_word' id='word_1_264' title='bbox 1378 2617 1467 2688; x_wconf 89' lang='lat' dir='ltr'><strong>qui</strong></span> <span class='ocrx_word' id='word_1_265' title='bbox 1499 2615 1749 2671; x_wconf 88' lang='lat' dir='ltr'><strong>catholici</strong></span> <span class='ocrx_word' id='word_1_266' title='bbox 1786 2613 1949 2668; x_wconf 84' lang='lat' dir='ltr'><strong>Chri-</strong></span> 
     </span>
    </p>
   </div>
   <div class='ocr_carea' id='block_1_42' title="bbox 372 2708 1954 2779">
    <p class='ocr_par' dir='ltr' id='par_1_42' title="bbox 372 2708 1954 2779">
     <span class='ocr_line' id='line_1_42' title="bbox 372 2708 1954 2779; baseline -0.003 -13"><span class='ocrx_word' id='word_1_267' title='bbox 372 2713 530 2766; x_wconf 76' lang='lat' dir='ltr'><strong>stiani</strong></span> <span class='ocrx_word' id='word_1_268' title='bbox 563 2727 669 2765; x_wconf 91' lang='lat' dir='ltr'><strong>non</strong></span> <span class='ocrx_word' id='word_1_269' title='bbox 701 2720 855 2777; x_wconf 88' lang='lat' dir='ltr'><strong>sunt,</strong></span> <span class='ocrx_word' id='word_1_270' title='bbox 886 2710 1046 2767; x_wconf 88' lang='lat' dir='ltr'><strong>etiam</strong></span> <span class='ocrx_word' id='word_1_271' title='bbox 1089 2710 1135 2765; x_wconf 91' lang='lat' dir='ltr'><strong>si</strong></span> <span class='ocrx_word' id='word_1_272' title='bbox 1172 2709 1553 2779; x_wconf 77' lang='lat' dir='ltr'><strong>consanguinei</strong></span> <span class='ocrx_word' id='word_1_273' title='bbox 1596 2708 1824 2773; x_wconf 78' lang='lat' dir='ltr'><strong>fuerint,</strong></span> <span class='ocrx_word' id='word_1_274' title='bbox 1859 2721 1954 2769; x_wconf 84' lang='lat' dir='ltr'><strong>per</strong></span> 
     </span>
    </p>
   </div>
   <div class='ocr_carea' id='block_1_43' title="bbox 370 2802 1639 2857">
    <p class='ocr_par' dir='ltr' id='par_1_43' title="bbox 370 2802 1639 2857">
     <span class='ocr_line' id='line_1_43' title="bbox 370 2802 1639 2857; baseline -0.001 -1"><span class='ocrx_word' id='word_1_275' title='bbox 370 2802 687 2857; x_wconf 85' lang='lat' dir='ltr'><strong>donationes</strong></span> <span class='ocrx_word' id='word_1_276' title='bbox 718 2818 899 2857; x_wconf 89' lang='lat' dir='ltr'><strong>rerum</strong></span> <span class='ocrx_word' id='word_1_277' title='bbox 930 2818 1148 2857; x_wconf 83' lang='lat' dir='ltr'><strong>suarum</strong></span> <span class='ocrx_word' id='word_1_278' title='bbox 1180 2802 1311 2857; x_wconf 88' lang='lat' dir='ltr'><strong>nihil</strong></span> <span class='ocrx_word' id='word_1_279' title='bbox 1344 2804 1639 2855; x_wconf 87' lang='lat' dir='ltr'><strong>conferant.</strong></span> 
     </span>
    </p>
   </div>
   <div class='ocr_carea' id='block_1_44' title="bbox 408 2894 1919 2960">
    <p class='ocr_par' dir='ltr' id='par_1_44' title="bbox 408 2894 1919 2960">
     <span class='ocr_line' id='line_1_44' title="bbox 408 2894 1919 2960; baseline -0.003 -10"><span class='ocrx_word' id='word_1_280' title='bbox 408 2894 547 2950; x_wconf 81' lang='lat' dir='ltr'><strong>XIV.</strong></span> <span class='ocrx_word' id='word_1_281' title='bbox 594 2894 661 2949; x_wconf 91' lang='lat' dir='ltr'><strong>Ut</strong></span> <span class='ocrx_word' id='word_1_282' title='bbox 688 2896 860 2949; x_wconf 81' lang='lat' dir='ltr'><strong>clerici</strong></span> <span class='ocrx_word' id='word_1_283' title='bbox 889 2895 1026 2957; x_wconf 84' lang='lat' dir='ltr'><strong>ﬁlios</strong></span> <span class='ocrx_word' id='word_1_284' title='bbox 1056 2912 1177 2949; x_wconf 89' lang='lat' dir='ltr'><strong>suos</strong></span> <span class='ocrx_word' id='word_1_285' title='bbox 1204 2912 1235 2947; x_wconf 92' lang='lat' dir='ltr'><strong>a</strong></span> <span class='ocrx_word' id='word_1_286' title='bbox 1265 2910 1359 2947; x_wconf 86' lang='lat' dir='ltr'><strong>sua</strong></span> <span class='ocrx_word' id='word_1_287' title='bbox 1386 2903 1630 2960; x_wconf 79' lang='lat' dir='ltr'><strong>potestate</strong></span> <span class='ocrx_word' id='word_1_288' title='bbox 1654 2896 1793 2948; x_wconf 67' lang='lat' dir='ltr'><strong>exire</strong></span> <span class='ocrx_word' id='word_1_289' title='bbox 1818 2908 1919 2946; x_wconf 89' lang='lat' dir='ltr'><strong>non</strong></span> 
     </span>
    </p>
   </div>
   <div class='ocr_carea' id='block_1_45' title="bbox 560 2964 1780 3034">
    <p class='ocr_par' dir='ltr' id='par_1_45' title="bbox 560 2964 1780 3034">
     <span class='ocr_line' id='line_1_45' title="bbox 560 2964 1780 3034; baseline -0.002 -15"><span class='ocrx_word' id='word_1_290' title='bbox 560 2973 753 3032; x_wconf 78' lang='lat' dir='ltr'><strong>sinant,</strong></span> <span class='ocrx_word' id='word_1_291' title='bbox 786 2966 885 3019; x_wconf 89' lang='lat' dir='ltr'><strong>nisi</strong></span> <span class='ocrx_word' id='word_1_292' title='bbox 918 2976 1065 3019; x_wconf 75' lang='lat' dir='ltr'><strong>wrote</strong></span> <span class='ocrx_word' id='word_1_293' title='bbox 1094 2976 1141 3018; x_wconf 86' lang='lat' dir='ltr'><strong>et</strong></span> <span class='ocrx_word' id='word_1_294' title='bbox 1168 2965 1395 3018; x_wconf 86' lang='lat' dir='ltr'><strong>moribus</strong></span> <span class='ocrx_word' id='word_1_295' title='bbox 1424 2964 1780 3034; x_wconf 88' lang='lat' dir='ltr'><strong>comprobatis.</strong></span> 
     </span>
    </p>
   </div>
   <div class='ocr_carea' id='block_1_46' title="bbox 444 3054 1955 3127">
    <p class='ocr_par' dir='ltr' id='par_1_46' title="bbox 444 3054 1955 3127">
     <span class='ocr_line' id='line_1_46' title="bbox 444 3054 1955 3127; baseline -0.003 -15"><span class='ocrx_word' id='word_1_296' title='bbox 444 3054 512 3112; x_wconf 90' lang='lat' dir='ltr'><strong>Ut</strong></span> <span class='ocrx_word' id='word_1_297' title='bbox 541 3057 781 3127; x_wconf 87' lang='lat' dir='ltr'><strong>episcopi</strong></span> <span class='ocrx_word' id='word_1_298' title='bbox 813 3056 898 3111; x_wconf 88' lang='lat' dir='ltr'><strong>vel</strong></span> <span class='ocrx_word' id='word_1_299' title='bbox 925 3056 1105 3111; x_wconf 89' lang='lat' dir='ltr'><strong>clerici</strong></span> <span class='ocrx_word' id='word_1_300' title='bbox 1140 3055 1277 3111; x_wconf 76' lang='lat' dir='ltr'><strong>illius</strong></span> <span class='ocrx_word' id='word_1_301' title='bbox 1307 3070 1435 3111; x_wconf 88' lang='lat' dir='ltr'><strong>suos</strong></span> <span class='ocrx_word' id='word_1_302' title='bbox 1477 3071 1505 3109; x_wconf 89' lang='lat' dir='ltr'><strong>a</strong></span> <span class='ocrx_word' id='word_1_303' title='bbox 1547 3070 1640 3109; x_wconf 83' lang='lat' dir='ltr'><strong>sua</strong></span> <span class='ocrx_word' id='word_1_304' title='bbox 1687 3062 1955 3123; x_wconf 82' lang='lat' dir='ltr'><strong>petestate</strong></span> 
     </span>
    </p>
   </div>
   <div class='ocr_carea' id='block_1_47' title="bbox 373 3138 1955 3219">
    <p class='ocr_par' dir='ltr' id='par_1_47' title="bbox 373 3138 1955 3219">
     <span class='ocr_line' id='line_1_47' title="bbox 373 3138 1955 3219; baseline -0.003 -16"><span class='ocrx_word' id='word_1_305' title='bbox 373 3162 468 3219; x_wconf 88' lang='lat' dir='ltr'><strong>per</strong></span> <span class='ocrx_word' id='word_1_306' title='bbox 497 3148 953 3217; x_wconf 84' lang='lat' dir='ltr'><strong>mancipatloaem</strong></span> <span class='ocrx_word' id='word_1_307' title='bbox 983 3149 1132 3203; x_wconf 76' lang='lat' dir='ltr'><strong>exire</strong></span> <span class='ocrx_word' id='word_1_308' title='bbox 1163 3163 1271 3203; x_wconf 88' lang='lat' dir='ltr'><strong>non</strong></span> <span class='ocrx_word' id='word_1_309' title='bbox 1302 3138 1514 3211; x_wconf 83' lang='lat' dir='ltr'><strong>sinant,</strong></span> <span class='ocrx_word' id='word_1_310' title='bbox 1545 3146 1647 3201; x_wconf 89' lang='lat' dir='ltr'><strong>nisi</strong></span> <span class='ocrx_word' id='word_1_311' title='bbox 1677 3146 1746 3201; x_wconf 90' lang='lat' dir='ltr'><strong>do</strong></span> <span class='ocrx_word' id='word_1_312' title='bbox 1792 3144 1955 3201; x_wconf 89' lang='lat' dir='ltr'><strong>mori-</strong></span> 
     </span>
    </p>
   </div>
   <div class='ocr_carea' id='block_1_48' title="bbox 382 3237 1961 3306">
    <p class='ocr_par' dir='ltr' id='par_1_48' title="bbox 382 3237 1961 3306">
     <span class='ocr_line' id='line_1_48' title="bbox 382 3237 1961 3306; baseline -0.003 -11"><span class='ocrx_word' id='word_1_313' title='bbox 382 3242 531 3295; x_wconf 86' lang='lat' dir='ltr'><strong>ribns</strong></span> <span class='ocrx_word' id='word_1_314' title='bbox 561 3254 746 3295; x_wconf 89' lang='lat' dir='ltr'><strong>eorum</strong></span> <span class='ocrx_word' id='word_1_315' title='bbox 779 3239 980 3295; x_wconf 78' lang='lat' dir='ltr'><strong>fuerint</strong></span> <span class='ocrx_word' id='word_1_316' title='bbox 1009 3248 1062 3294; x_wconf 91' lang='lat' dir='ltr'><strong>et</strong></span> <span class='ocrx_word' id='word_1_317' title='bbox 1091 3240 1159 3293; x_wconf 90' lang='lat' dir='ltr'><strong>de</strong></span> <span class='ocrx_word' id='word_1_318' title='bbox 1203 3246 1360 3293; x_wconf 80' lang='lat' dir='ltr'><strong>aetate</strong></span> <span class='ocrx_word' id='word_1_319' title='bbox 1400 3237 1609 3304; x_wconf 84' lang='lat' dir='ltr'><strong>securi,</strong></span> <span class='ocrx_word' id='word_1_320' title='bbox 1656 3246 1715 3292; x_wconf 90' lang='lat' dir='ltr'><strong>ut</strong></span> <span class='ocrx_word' id='word_1_321' title='bbox 1756 3237 1961 3306; x_wconf 89' lang='lat' dir='ltr'><strong>possint</strong></span> 
     </span>
    </p>
   </div>
   <div class='ocr_carea' id='block_1_49' title="bbox 375 3330 1525 3400">
    <p class='ocr_par' dir='ltr' id='par_1_49' title="bbox 375 3330 1525 3400">
     <span class='ocr_line' id='line_1_49' title="bbox 375 3330 1525 3400; baseline -0.003 -15"><span class='ocrx_word' id='word_1_322' title='bbox 375 3330 441 3385; x_wconf 86' lang='lat' dir='ltr'><strong>ad</strong></span> <span class='ocrx_word' id='word_1_323' title='bbox 472 3345 569 3387; x_wconf 91' lang='lat' dir='ltr'><strong>eos</strong></span> <span class='ocrx_word' id='word_1_324' title='bbox 596 3333 702 3398; x_wconf 88' lang='lat' dir='ltr'><strong>jam</strong></span> <span class='ocrx_word' id='word_1_325' title='bbox 737 3331 953 3400; x_wconf 88' lang='lat' dir='ltr'><strong>propria</strong></span> <span class='ocrx_word' id='word_1_326' title='bbox 988 3330 1259 3400; x_wconf 89' lang='lat' dir='ltr'><strong>pertinere</strong></span> <span class='ocrx_word' id='word_1_327' title='bbox 1289 3337 1525 3397; x_wconf 78' lang='lat' dir='ltr'><strong>peccata.</strong></span> 
     </span>
    </p>
   </div>
   <div class='ocr_carea' id='block_1_50' title="bbox 381 3418 1960 3490">
    <p class='ocr_par' dir='ltr' id='par_1_50' title="bbox 381 3418 1960 3490">
     <span class='ocr_line' id='line_1_50' title="bbox 381 3418 1960 3490; baseline -0.003 -12"><span class='ocrx_word' id='word_1_328' title='bbox 381 3421 495 3478; x_wconf 87' lang='lat' dir='ltr'><strong>XV.</strong></span> <span class='ocrx_word' id='word_1_329' title='bbox 533 3421 601 3478; x_wconf 93' lang='lat' dir='ltr'><strong>Ut</strong></span> <span class='ocrx_word' id='word_1_330' title='bbox 629 3423 799 3477; x_wconf 85' lang='lat' dir='ltr'><strong>clerici</strong></span> <span class='ocrx_word' id='word_1_331' title='bbox 838 3438 941 3477; x_wconf 85' lang='lat' dir='ltr'><strong>non</strong></span> <span class='ocrx_word' id='word_1_332' title='bbox 980 3422 1083 3477; x_wconf 86' lang='lat' dir='ltr'><strong>sint</strong></span> <span class='ocrx_word' id='word_1_333' title='bbox 1123 3420 1454 3475; x_wconf 85' lang='lat' dir='ltr'><strong>conductores</strong></span> <span class='ocrx_word' id='word_1_334' title='bbox 1484 3418 1563 3473; x_wconf 77' lang='lat' dir='ltr'><strong>uel</strong></span> <span class='ocrx_word' id='word_1_335' title='bbox 1599 3419 1960 3490; x_wconf 82' lang='lat' dir='ltr'><strong>negotiatores.</strong></span> 
     </span>
    </p>
   </div>
   <div class='ocr_carea' id='block_1_51' title="bbox 382 3508 1963 3584">
    <p class='ocr_par' dir='ltr' id='par_1_51' title="bbox 382 3508 1963 3584">
     <span class='ocr_line' id='line_1_51' title="bbox 382 3508 1963 3584; baseline -0.004 -15"><span class='ocrx_word' id='word_1_336' title='bbox 382 3519 403 3544; x_wconf 88' lang='lat'><strong>&#39;</strong></span> <span class='ocrx_word' id='word_1_337' title='bbox 451 3514 583 3569; x_wconf 89' lang='lat' dir='ltr'><strong>Item</strong></span> <span class='ocrx_word' id='word_1_338' title='bbox 627 3514 853 3582; x_wconf 88' lang='lat' dir='ltr'><strong>placuit,</strong></span> <span class='ocrx_word' id='word_1_339' title='bbox 900 3522 957 3567; x_wconf 90' lang='lat' dir='ltr'><strong>ut</strong></span> <span class='ocrx_word' id='word_1_340' title='bbox 997 3512 1269 3584; x_wconf 86' lang='lat' dir='ltr'><strong>episcopi,</strong></span> <span class='ocrx_word' id='word_1_341' title='bbox 1314 3511 1615 3583; x_wconf 87' lang='lat' dir='ltr'><strong>presbyteri</strong></span> <span class='ocrx_word' id='word_1_342' title='bbox 1656 3518 1712 3564; x_wconf 92' lang='lat' dir='ltr'><strong>et</strong></span> <span class='ocrx_word' id='word_1_343' title='bbox 1750 3508 1963 3564; x_wconf 77' lang='lat' dir='ltr'><strong>diaconi</strong></span> 
     </span>
    </p>
   </div>
   <div class='ocr_carea' id='block_1_52' title="bbox 377 3600 1968 3672">
    <p class='ocr_par' dir='ltr' id='par_1_52' title="bbox 377 3600 1968 3672">
     <span class='ocr_line' id='line_1_52' title="bbox 377 3600 1968 3672; baseline -0.004 -12"><span class='ocrx_word' id='word_1_344' title='bbox 377 3607 460 3661; x_wconf 86' lang='lat' dir='ltr'><strong>vel</strong></span> <span class='ocrx_word' id='word_1_345' title='bbox 490 3606 673 3660; x_wconf 89' lang='lat' dir='ltr'><strong>clerici</strong></span> <span class='ocrx_word' id='word_1_346' title='bbox 705 3620 809 3659; x_wconf 91' lang='lat' dir='ltr'><strong>non</strong></span> <span class='ocrx_word' id='word_1_347' title='bbox 831 3605 939 3661; x_wconf 88' lang='lat' dir='ltr'><strong>sint</strong></span> <span class='ocrx_word' id='word_1_348' title='bbox 961 3606 1317 3659; x_wconf 88' lang='lat' dir='ltr'><strong>conductores</strong></span> <span class='ocrx_word' id='word_1_349' title='bbox 1339 3613 1434 3657; x_wconf 87' lang='lat' dir='ltr'><strong>aut</strong></span> <span class='ocrx_word' id='word_1_350' title='bbox 1457 3610 1834 3672; x_wconf 86' lang='lat' dir='ltr'><strong>procuratores</strong></span> <span class='ocrx_word' id='word_1_351' title='bbox 1864 3600 1968 3666; x_wconf 90' lang='lat' dir='ltr'><strong>pri-</strong></span> 
     </span>
    </p>
   </div>
   <div class='ocr_carea' id='block_1_53' title="bbox 384 3691 1967 3765">
    <p class='ocr_par' dir='ltr' id='par_1_53' title="bbox 384 3691 1967 3765">
     <span class='ocr_line' id='line_1_53' title="bbox 384 3691 1967 3765; baseline -0.004 -13"><span class='ocrx_word' id='word_1_352' title='bbox 384 3707 630 3753; x_wconf 89' lang='lat' dir='ltr'><strong>vatorum</strong></span> <span class='ocrx_word' id='word_1_353' title='bbox 650 3738 664 3763; x_wconf 93' lang='lat'><strong>,</strong></span> <span class='ocrx_word' id='word_1_354' title='bbox 695 3710 868 3765; x_wconf 85' lang='lat' dir='ltr'><strong>neque</strong></span> <span class='ocrx_word' id='word_1_355' title='bbox 901 3695 1013 3751; x_wconf 90' lang='lat' dir='ltr'><strong>ullo</strong></span> <span class='ocrx_word' id='word_1_356' title='bbox 1046 3697 1183 3765; x_wconf 89' lang='lat' dir='ltr'><strong>turpi</strong></span> <span class='ocrx_word' id='word_1_357' title='bbox 1217 3695 1297 3749; x_wconf 84' lang='lat' dir='ltr'><strong>vel</strong></span> <span class='ocrx_word' id='word_1_358' title='bbox 1331 3694 1615 3748; x_wconf 80' lang='lat' dir='ltr'><strong>inhonesm</strong></span> <span class='ocrx_word' id='word_1_359' title='bbox 1646 3692 1859 3762; x_wconf 86' lang='lat' dir='ltr'><strong>negotio</strong></span> <span class='ocrx_word' id='word_1_360' title='bbox 1889 3691 1967 3745; x_wconf 77' lang='lat' dir='ltr'><strong>vi-</strong></span> 
     </span>
    </p>
   </div>
   <div class='ocr_carea' id='block_1_54' title="bbox 376 3784 1961 3859">
    <p class='ocr_par' dir='ltr' id='par_1_54' title="bbox 376 3784 1961 3859">
     <span class='ocr_line' id='line_1_54' title="bbox 376 3784 1961 3859; baseline -0.006 -13"><span class='ocrx_word' id='word_1_361' title='bbox 376 3800 521 3846; x_wconf 91' lang='lat' dir='ltr'><strong>ctum</strong></span> <span class='ocrx_word' id='word_1_362' title='bbox 552 3799 826 3859; x_wconf 70' lang='lat' dir='ltr'><strong>quaerant,</strong></span> <span class='ocrx_word' id='word_1_363' title='bbox 854 3788 978 3857; x_wconf 89' lang='lat' dir='ltr'><strong>quia</strong></span> <span class='ocrx_word' id='word_1_364' title='bbox 1009 3788 1277 3857; x_wconf 85' lang='lat' dir='ltr'><strong>respicere</strong></span> <span class='ocrx_word' id='word_1_365' title='bbox 1302 3785 1501 3840; x_wconf 90' lang='lat' dir='ltr'><strong>debent</strong></span> <span class='ocrx_word' id='word_1_366' title='bbox 1529 3784 1783 3852; x_wconf 88' lang='lat' dir='ltr'><strong>scriptum</strong></span> <span class='ocrx_word' id='word_1_367' title='bbox 1810 3796 1961 3838; x_wconf 85' lang='lat' dir='ltr'><strong>esse:</strong></span> 
     </span>
    </p>
   </div>
   <div class='ocr_carea' id='block_1_55' title="bbox 387 3875 1928 3947">
    <p class='ocr_par' dir='ltr' id='par_1_55' title="bbox 387 3875 1928 3947">
     <span class='ocr_line' id='line_1_55' title="bbox 387 3875 1928 3947; baseline -0.008 -7"><span class='ocrx_word' id='word_1_368' title='bbox 387 3881 551 3940; x_wconf 77' lang='lat' dir='ltr'><strong>Nemo</strong></span> <span class='ocrx_word' id='word_1_369' title='bbox 580 3883 807 3935; x_wconf 85' lang='lat' dir='ltr'><strong>militans</strong></span> <span class='ocrx_word' id='word_1_370' title='bbox 840 3880 951 3935; x_wconf 88' lang='lat' dir='ltr'><strong>Deo</strong></span> <span class='ocrx_word' id='word_1_371' title='bbox 979 3878 1210 3946; x_wconf 82' lang='lat' dir='ltr'><strong>implicat</strong></span> <span class='ocrx_word' id='word_1_372' title='bbox 1239 3893 1293 3931; x_wconf 84' lang='lat' dir='ltr'><strong>se</strong></span> <span class='ocrx_word' id='word_1_373' title='bbox 1320 3875 1928 3947; x_wconf 71' lang='lat' dir='ltr'><strong>negotiis°swcularibus.</strong></span> 
     </span>
    </p>
   </div>
   <div class='ocr_carea' id='block_1_56' title="bbox 622 3969 1729 4028">
    <p class='ocr_par' dir='ltr' id='par_1_56' title="bbox 622 3969 1729 4028">
     <span class='ocr_line' id='line_1_56' title="bbox 622 3969 1729 4028; baseline -0.005 0"><span class='ocrx_word' id='word_1_374' title='bbox 622 3973 761 4028; x_wconf 82' lang='lat' dir='ltr'><strong>XVI.</strong></span> <span class='ocrx_word' id='word_1_375' title='bbox 806 3972 874 4027; x_wconf 88' lang='lat' dir='ltr'><strong>Ut</strong></span> <span class='ocrx_word' id='word_1_376' title='bbox 900 3972 1075 4026; x_wconf 88' lang='lat' dir='ltr'><strong>nullus</strong></span> <span class='ocrx_word' id='word_1_377' title='bbox 1103 3971 1317 4025; x_wconf 85' lang='lat' dir='ltr'><strong>clericus</strong></span> <span class='ocrx_word' id='word_1_378' title='bbox 1343 3969 1408 4025; x_wconf 83' lang='lat' dir='ltr'><strong>sit</strong></span> <span class='ocrx_word' id='word_1_379' title='bbox 1438 3971 1729 4023; x_wconf 87' lang='lat' dir='ltr'><strong>usurarius.</strong></span> 
     </span>
    </p>
   </div>
   <div class='ocr_carea' id='block_1_57' title="bbox 452 4056 1971 4131">
    <p class='ocr_par' dir='ltr' id='par_1_57' title="bbox 452 4056 1971 4131">
     <span class='ocr_line' id='line_1_57' title="bbox 452 4056 1971 4131; baseline -0.009 -6"><span class='ocrx_word' id='word_1_380' title='bbox 452 4069 520 4125; x_wconf 89' lang='lat' dir='ltr'><strong>Ut</strong></span> <span class='ocrx_word' id='word_1_381' title='bbox 550 4059 727 4121; x_wconf 87' lang='lat' dir='ltr'><strong>nullus</strong></span> <span class='ocrx_word' id='word_1_382' title='bbox 754 4065 1071 4121; x_wconf 85' lang='lat' dir='ltr'><strong>clericorum</strong></span> <span class='ocrx_word' id='word_1_383' title='bbox 1096 4063 1327 4131; x_wconf 85' lang='lat' dir='ltr'><strong>amplius</strong></span> <span class='ocrx_word' id='word_1_384' title='bbox 1352 4061 1613 4128; x_wconf 89' lang='lat' dir='ltr'><strong>recipiat,</strong></span> <span class='ocrx_word' id='word_1_385' title='bbox 1661 4072 1819 4128; x_wconf 82' lang='lat' dir='ltr'><strong>quam</strong></span> <span class='ocrx_word' id='word_1_386' title='bbox 1859 4056 1971 4112; x_wconf 84' lang='lat' dir='ltr'><strong>cni-</strong></span> 
     </span>
    </p>
   </div>
   <div class='ocr_carea' id='block_1_58' title="bbox 384 4150 1970 4231">
    <p class='ocr_par' dir='ltr' id='par_1_58' title="bbox 384 4150 1970 4231">
     <span class='ocr_line' id='line_1_58' title="bbox 384 4150 1970 4231; baseline -0.006 -19"><span class='ocrx_word' id='word_1_387' title='bbox 384 4175 543 4231; x_wconf 89' lang='lat' dir='ltr'><strong>quam</strong></span> <span class='ocrx_word' id='word_1_388' title='bbox 591 4156 735 4225; x_wconf 90' lang='lat' dir='ltr'><strong>quod</strong></span> <span class='ocrx_word' id='word_1_389' title='bbox 775 4153 1309 4209; x_wconf 62' lang='lat' dir='ltr'><strong>accommodaverit:</strong></span> <span class='ocrx_word' id='word_1_390' title='bbox 1357 4151 1403 4204; x_wconf 89' lang='lat' dir='ltr'><strong>si</strong></span> <span class='ocrx_word' id='word_1_391' title='bbox 1444 4150 1763 4218; x_wconf 85' lang='lat' dir='ltr'><strong>pecuniam,</strong></span> <span class='ocrx_word' id='word_1_392' title='bbox 1789 4161 1970 4219; x_wconf 84' lang='lat' dir='ltr'><strong>pecu-</strong></span> 
     </span>
    </p>
   </div>
   <div class='ocr_carea' id='block_1_59' title="bbox 387 4237 1976 4316">
    <p class='ocr_par' dir='ltr' id='par_1_59' title="bbox 387 4237 1976 4316">
     <span class='ocr_line' id='line_1_59' title="bbox 387 4237 1976 4316; baseline -0.008 -11"><span class='ocrx_word' id='word_1_393' title='bbox 387 4253 529 4305; x_wconf 86' lang='lat' dir='ltr'><strong>niam</strong></span> <span class='ocrx_word' id='word_1_394' title='bbox 562 4247 825 4316; x_wconf 89' lang='lat' dir='ltr'><strong>accipiat:</strong></span> <span class='ocrx_word' id='word_1_395' title='bbox 858 4246 903 4299; x_wconf 87' lang='lat' dir='ltr'><strong>si</strong></span> <span class='ocrx_word' id='word_1_396' title='bbox 931 4245 1199 4313; x_wconf 89' lang='lat' dir='ltr'><strong>speciem,</strong></span> <span class='ocrx_word' id='word_1_397' title='bbox 1246 4239 1481 4309; x_wconf 88' lang='lat' dir='ltr'><strong>speciem</strong></span> <span class='ocrx_word' id='word_1_398' title='bbox 1516 4256 1527 4290; x_wconf 92' lang='lat'><strong>:</strong></span> <span class='ocrx_word' id='word_1_399' title='bbox 1574 4247 1832 4305; x_wconf 84' lang='lat' dir='ltr'><strong>quantum</strong></span> <span class='ocrx_word' id='word_1_400' title='bbox 1881 4237 1976 4293; x_wconf 87' lang='lat' dir='ltr'><strong>de-</strong></span> 
     </span>
    </p>
   </div>
   <div class='ocr_carea' id='block_1_60' title="bbox 384 4331 1972 4409">
    <p class='ocr_par' dir='ltr' id='par_1_60' title="bbox 384 4331 1972 4409">
     <span class='ocr_line' id='line_1_60' title="bbox 384 4331 1972 4409; baseline -0.008 -12"><span class='ocrx_word' id='word_1_401' title='bbox 384 4343 523 4398; x_wconf 88' lang='lat' dir='ltr'><strong>derit</strong></span> <span class='ocrx_word' id='word_1_402' title='bbox 565 4340 789 4409; x_wconf 89' lang='lat' dir='ltr'><strong>accipiat</strong></span> <span class='ocrx_word' id='word_1_403' title='bbox 818 4355 833 4392; x_wconf 89' lang='lat'><strong>:</strong></span> <span class='ocrx_word' id='word_1_404' title='bbox 876 4348 931 4393; x_wconf 91' lang='lat' dir='ltr'><strong>et</strong></span> <span class='ocrx_word' id='word_1_405' title='bbox 972 4333 1230 4405; x_wconf 88' lang='lat' dir='ltr'><strong>quidquid</strong></span> <span class='ocrx_word' id='word_1_406' title='bbox 1261 4331 1405 4386; x_wconf 88' lang='lat' dir='ltr'><strong>aliud</strong></span> <span class='ocrx_word' id='word_1_407' title='bbox 1426 4372 1442 4399; x_wconf 95' lang='lat'><strong>,</strong></span> <span class='ocrx_word' id='word_1_408' title='bbox 1476 4339 1681 4386; x_wconf 89' lang='lat' dir='ltr'><strong>tantum</strong></span> <span class='ocrx_word' id='word_1_409' title='bbox 1713 4338 1972 4401; x_wconf 89' lang='lat' dir='ltr'><strong>quantum</strong></span> 
     </span>
    </p>
   </div>
   <div class='ocr_carea' id='block_1_61' title="bbox 388 4434 618 4490">
    <p class='ocr_par' dir='ltr' id='par_1_61' title="bbox 388 4434 618 4490">
     <span class='ocr_line' id='line_1_61' title="bbox 388 4434 618 4490; baseline -0.022 0"><span class='ocrx_word' id='word_1_410' title='bbox 388 4434 618 4490; x_wconf 87' lang='lat' dir='ltr'><strong>dederit.</strong></span> 
     </span>
    </p>
   </div>
   <div class='ocr_carea' id='block_1_62' title="bbox 394 4517 2051 4613">
    <p class='ocr_par' dir='ltr' id='par_1_62' title="bbox 394 4517 2051 4613">
     <span class='ocr_line' id='line_1_62' title="bbox 394 4517 2051 4613; baseline -0.006 -35"><span class='ocrx_word' id='word_1_411' title='bbox 394 4526 552 4596; x_wconf 77' lang='lat'><strong>130</strong></span> <span class='ocrx_word' id='word_1_412' title='bbox 587 4522 749 4577; x_wconf 87' lang='lat' dir='ltr'><strong>XVII.</strong></span> <span class='ocrx_word' id='word_1_413' title='bbox 804 4521 871 4575; x_wconf 87' lang='lat' dir='ltr'><strong>Ut</strong></span> <span class='ocrx_word' id='word_1_414' title='bbox 914 4521 1260 4613; x_wconf 37' lang='lat' dir='ltr'><strong>cum-clericis</strong></span> <span class='ocrx_word' id='word_1_415' title='bbox 1301 4526 1561 4613; x_wconf 56' lang='lat' dir='ltr'><strong>fxtranrte</strong></span> <span class='ocrx_word' id='word_1_416' title='bbox 1614 4517 1815 4589; x_wconf 75' lang='lat' dir='ltr'><strong>feminae</strong></span> <span class='ocrx_word' id='word_1_417' title='bbox 1869 4532 1970 4569; x_wconf 84' lang='lat' dir='ltr'><strong>non</strong></span> <span class='ocrx_word' id='word_1_418' title='bbox 1995 4552 2051 4613; x_wconf 66' lang='grc' dir='ltr'><strong>Β</strong></span> 
     </span>
    </p>
   </div>
   <div class='ocr_carea' id='block_1_63' title="bbox 1028 4591 1337 4646">
    <p class='ocr_par' dir='ltr' id='par_1_63' title="bbox 1028 4591 1337 4646">
     <span class='ocr_line' id='line_1_63' title="bbox 1028 4591 1337 4646; baseline 0 -1"><span class='ocrx_word' id='word_1_419' title='bbox 1028 4591 1337 4646; x_wconf 77' lang='lat' dir='ltr'><strong>cohabitent.</strong></span> 
     </span>
    </p>
   </div>
   <div class='ocr_carea' id='block_1_64' title="bbox 467 4680 1977 4744">
    <p class='ocr_par' dir='ltr' id='par_1_64' title="bbox 467 4680 1977 4744">
     <span class='ocr_line' id='line_1_64' title="bbox 467 4680 1977 4744; baseline -0.006 -1"><span class='ocrx_word' id='word_1_420' title='bbox 467 4688 533 4744; x_wconf 90' lang='lat' dir='ltr'><strong>Ut</strong></span> <span class='ocrx_word' id='word_1_421' title='bbox 562 4701 679 4741; x_wconf 88' lang='lat' dir='ltr'><strong>cum</strong></span> <span class='ocrx_word' id='word_1_422' title='bbox 709 4684 953 4739; x_wconf 89' lang='lat' dir='ltr'><strong>omnibus</strong></span> <span class='ocrx_word' id='word_1_423' title='bbox 979 4684 1199 4739; x_wconf 92' lang='lat' dir='ltr'><strong>omnino</strong></span> <span class='ocrx_word' id='word_1_424' title='bbox 1219 4683 1430 4738; x_wconf 87' lang='lat' dir='ltr'><strong>clericis</strong></span> <span class='ocrx_word' id='word_1_425' title='bbox 1463 4692 1731 4738; x_wconf 66' lang='lat' dir='ltr'><strong>extraneae</strong></span> <span class='ocrx_word' id='word_1_426' title='bbox 1763 4680 1977 4735; x_wconf 71' lang='lat' dir='ltr'><strong>feminae</strong></span> 
     </span>
    </p>
   </div>
   <div class='ocr_carea' id='block_1_65' title="bbox 394 4776 1979 4843">
    <p class='ocr_par' dir='ltr' id='par_1_65' title="bbox 394 4776 1979 4843">
     <span class='ocr_line' id='line_1_65' title="bbox 394 4776 1979 4843; baseline -0.008 -6"><span class='ocrx_word' id='word_1_427' title='bbox 394 4797 500 4838; x_wconf 90' lang='lat' dir='ltr'><strong>non</strong></span> <span class='ocrx_word' id='word_1_428' title='bbox 531 4780 875 4843; x_wconf 88' lang='lat' dir='ltr'><strong>cohabitent,</strong></span> <span class='ocrx_word' id='word_1_429' title='bbox 908 4778 1001 4831; x_wconf 90' lang='lat' dir='ltr'><strong>sed</strong></span> <span class='ocrx_word' id='word_1_430' title='bbox 1034 4778 1163 4832; x_wconf 77' lang='lat' dir='ltr'><strong>solze</strong></span> <span class='ocrx_word' id='word_1_431' title='bbox 1187 4786 1425 4842; x_wconf 89' lang='lat' dir='ltr'><strong>matres,</strong></span> <span class='ocrx_word' id='word_1_432' title='bbox 1458 4776 1592 4830; x_wconf 63' lang='lat' dir='ltr'><strong>avias</strong></span> <span class='ocrx_word' id='word_1_433' title='bbox 1633 4782 1689 4829; x_wconf 92' lang='lat' dir='ltr'><strong>et</strong></span> <span class='ocrx_word' id='word_1_434' title='bbox 1722 4779 1979 4828; x_wconf 80' lang='lat' dir='ltr'><strong>materte-</strong></span> 
     </span>
    </p>
   </div>
   <div class='ocr_carea' id='block_1_66' title="bbox 393 4868 1981 4940">
    <p class='ocr_par' dir='ltr' id='par_1_66' title="bbox 393 4868 1981 4940">
     <span class='ocr_line' id='line_1_66' title="bbox 393 4868 1981 4940; baseline -0.008 -10"><span class='ocrx_word' id='word_1_435' title='bbox 393 4891 487 4940; x_wconf 71' lang='lat' dir='ltr'><strong>rte,</strong></span> <span class='ocrx_word' id='word_1_436' title='bbox 519 4873 718 4935; x_wconf 67' lang='lat' dir='ltr'><strong>amitae,</strong></span> <span class='ocrx_word' id='word_1_437' title='bbox 752 4884 972 4925; x_wconf 87' lang='lat' dir='ltr'><strong>sorores</strong></span> <span class='ocrx_word' id='word_1_438' title='bbox 1003 4878 1060 4923; x_wconf 89' lang='lat' dir='ltr'><strong>et</strong></span> <span class='ocrx_word' id='word_1_439' title='bbox 1088 4868 1210 4922; x_wconf 61' lang='lat' dir='ltr'><strong>lilia:</strong></span> <span class='ocrx_word' id='word_1_440' title='bbox 1242 4870 1463 4921; x_wconf 90' lang='lat' dir='ltr'><strong>fratrum</strong></span> <span class='ocrx_word' id='word_1_441' title='bbox 1496 4876 1588 4921; x_wconf 89' lang='lat' dir='ltr'><strong>aut</strong></span> <span class='ocrx_word' id='word_1_442' title='bbox 1615 4879 1891 4929; x_wconf 86' lang='lat' dir='ltr'><strong>sororum,</strong></span> <span class='ocrx_word' id='word_1_443' title='bbox 1923 4872 1981 4918; x_wconf 88' lang='lat' dir='ltr'><strong>et</strong></span> 
     </span>
    </p>
   </div>
   <div class='ocr_carea' id='block_1_67' title="bbox 393 4958 1977 5039">
    <p class='ocr_par' dir='ltr' id='par_1_67' title="bbox 393 4958 1977 5039">
     <span class='ocr_line' id='line_1_67' title="bbox 393 4958 1977 5039; baseline -0.008 -16"><span class='ocrx_word' id='word_1_444' title='bbox 393 4981 728 5039; x_wconf 65' lang='lat' dir='ltr'><strong>quaecunque</strong></span> <span class='ocrx_word' id='word_1_445' title='bbox 756 4980 819 5019; x_wconf 82' lang='lat' dir='ltr'><strong>ex</strong></span> <span class='ocrx_word' id='word_1_446' title='bbox 852 4961 1051 5017; x_wconf 85' lang='lat' dir='ltr'><strong>familia</strong></span> <span class='ocrx_word' id='word_1_447' title='bbox 1078 4963 1375 5017; x_wconf 86' lang='lat' dir='ltr'><strong>domestica</strong></span> <span class='ocrx_word' id='word_1_448' title='bbox 1422 4962 1743 5017; x_wconf 86' lang='lat' dir='ltr'><strong>necessitate</strong></span> <span class='ocrx_word' id='word_1_449' title='bbox 1769 4999 1783 5022; x_wconf 87' lang='lat'><strong>,</strong></span> <span class='ocrx_word' id='word_1_450' title='bbox 1816 4958 1977 5012; x_wconf 88' lang='lat' dir='ltr'><strong>etiam</strong></span> 
     </span>
    </p>
   </div>
   <div class='ocr_carea' id='block_1_68' title="bbox 396 5050 1976 5127">
    <p class='ocr_par' dir='ltr' id='par_1_68' title="bbox 396 5050 1976 5127">
     <span class='ocr_line' id='line_1_68' title="bbox 396 5050 1976 5127; baseline -0.008 -13"><span class='ocrx_word' id='word_1_451' title='bbox 396 5071 679 5127; x_wconf 86' lang='lat' dir='ltr'><strong>antequam</strong></span> <span class='ocrx_word' id='word_1_452' title='bbox 725 5057 1121 5119; x_wconf 89' lang='lat' dir='ltr'><strong>ordinarentur,</strong></span> <span class='ocrx_word' id='word_1_453' title='bbox 1163 5056 1271 5125; x_wconf 87' lang='lat' dir='ltr'><strong>jam</strong></span> <span class='ocrx_word' id='word_1_454' title='bbox 1323 5070 1446 5109; x_wconf 90' lang='lat' dir='ltr'><strong>cum</strong></span> <span class='ocrx_word' id='word_1_455' title='bbox 1497 5054 1577 5109; x_wconf 89' lang='lat' dir='ltr'><strong>eis</strong></span> <span class='ocrx_word' id='word_1_456' title='bbox 1623 5050 1976 5111; x_wconf 87' lang='lat' dir='ltr'><strong>habitabant,</strong></span> 
     </span>
    </p>
   </div>
   <div class='ocr_carea' id='block_1_69' title="bbox 399 5142 1983 5213">
    <p class='ocr_par' dir='ltr' id='par_1_69' title="bbox 399 5142 1983 5213">
     <span class='ocr_line' id='line_1_69' title="bbox 399 5142 1983 5213; baseline -0.006 -10"><span class='ocrx_word' id='word_1_457' title='bbox 399 5150 482 5205; x_wconf 88' lang='lat' dir='ltr'><strong>vel</strong></span> <span class='ocrx_word' id='word_1_458' title='bbox 523 5149 566 5201; x_wconf 90' lang='lat' dir='ltr'><strong>si</strong></span> <span class='ocrx_word' id='word_1_459' title='bbox 613 5147 707 5200; x_wconf 84' lang='lat' dir='ltr'><strong>lilii</strong></span> <span class='ocrx_word' id='word_1_460' title='bbox 740 5162 927 5201; x_wconf 90' lang='lat' dir='ltr'><strong>eorum</strong></span> <span class='ocrx_word' id='word_1_461' title='bbox 977 5146 1083 5213; x_wconf 90' lang='lat' dir='ltr'><strong>jam</strong></span> <span class='ocrx_word' id='word_1_462' title='bbox 1128 5144 1390 5199; x_wconf 90' lang='lat' dir='ltr'><strong>ordinatis</strong></span> <span class='ocrx_word' id='word_1_463' title='bbox 1433 5142 1744 5209; x_wconf 86' lang='lat' dir='ltr'><strong>parentibus</strong></span> <span class='ocrx_word' id='word_1_464' title='bbox 1786 5153 1983 5195; x_wconf 83' lang='lat' dir='ltr'><strong>uxores</strong></span> 
     </span>
    </p>
   </div>
   <div class='ocr_carea' id='block_1_70' title="bbox 399 5232 1985 5307">
    <p class='ocr_par' dir='ltr' id='par_1_70' title="bbox 399 5232 1985 5307">
     <span class='ocr_line' id='line_1_70' title="bbox 399 5232 1985 5307; baseline -0.006 -13"><span class='ocrx_word' id='word_1_465' title='bbox 399 5245 756 5307; x_wconf 86' lang='lat' dir='ltr'><strong>acceperunt,</strong></span> <span class='ocrx_word' id='word_1_466' title='bbox 815 5244 907 5290; x_wconf 90' lang='lat' dir='ltr'><strong>aut</strong></span> <span class='ocrx_word' id='word_1_467' title='bbox 958 5236 1127 5291; x_wconf 79' lang='lat' dir='ltr'><strong>servis</strong></span> <span class='ocrx_word' id='word_1_468' title='bbox 1184 5248 1289 5288; x_wconf 87' lang='lat' dir='ltr'><strong>non</strong></span> <span class='ocrx_word' id='word_1_469' title='bbox 1347 5234 1662 5289; x_wconf 87' lang='lat' dir='ltr'><strong>habentibus</strong></span> <span class='ocrx_word' id='word_1_470' title='bbox 1716 5232 1769 5286; x_wconf 86' lang='lat' dir='ltr'><strong>in</strong></span> <span class='ocrx_word' id='word_1_471' title='bbox 1821 5232 1985 5287; x_wconf 88' lang='lat' dir='ltr'><strong>domo</strong></span> 
     </span>
    </p>
   </div>
   <div class='ocr_carea' id='block_1_71' title="bbox 400 5324 1799 5402">
    <p class='ocr_par' dir='ltr' id='par_1_71' title="bbox 400 5324 1799 5402">
     <span class='ocr_line' id='line_1_71' title="bbox 400 5324 1799 5402; baseline -0.004 -17"><span class='ocrx_word' id='word_1_472' title='bbox 400 5347 530 5402; x_wconf 89' lang='lat' dir='ltr'><strong>quas</strong></span> <span class='ocrx_word' id='word_1_473' title='bbox 558 5330 789 5393; x_wconf 90' lang='lat' dir='ltr'><strong>ducant,</strong></span> <span class='ocrx_word' id='word_1_474' title='bbox 824 5327 1042 5383; x_wconf 87' lang='lat' dir='ltr'><strong>aliunde</strong></span> <span class='ocrx_word' id='word_1_475' title='bbox 1070 5328 1267 5381; x_wconf 87' lang='lat' dir='ltr'><strong>ducere</strong></span> <span class='ocrx_word' id='word_1_476' title='bbox 1298 5326 1588 5380; x_wconf 81' lang='lat' dir='ltr'><strong>necessitas</strong></span> <span class='ocrx_word' id='word_1_477' title='bbox 1620 5324 1799 5380; x_wconf 78' lang='lat' dir='ltr'><strong>fuerit.</strong></span> 
     </span>
    </p>
   </div>
   <div class='ocr_carea' id='block_1_72' title="bbox 400 5414 1986 5483">
    <p class='ocr_par' dir='ltr' id='par_1_72' title="bbox 400 5414 1986 5483">
     <span class='ocr_line' id='line_1_72' title="bbox 400 5414 1986 5483; baseline -0.009 -4"><span class='ocrx_word' id='word_1_478' title='bbox 400 5422 589 5479; x_wconf 85' lang='lat' dir='ltr'><strong>XVIII.</strong></span> <span class='ocrx_word' id='word_1_479' title='bbox 642 5420 711 5474; x_wconf 89' lang='lat' dir='ltr'><strong>Ut</strong></span> <span class='ocrx_word' id='word_1_480' title='bbox 740 5419 911 5475; x_wconf 85' lang='lat' dir='ltr'><strong>clerici</strong></span> <span class='ocrx_word' id='word_1_481' title='bbox 939 5436 1041 5472; x_wconf 86' lang='lat' dir='ltr'><strong>non</strong></span> <span class='ocrx_word' id='word_1_482' title='bbox 1070 5417 1375 5471; x_wconf 84' lang='lat' dir='ltr'><strong>ordinentur</strong></span> <span class='ocrx_word' id='word_1_483' title='bbox 1406 5416 1505 5468; x_wconf 86' lang='lat' dir='ltr'><strong>nisi</strong></span> <span class='ocrx_word' id='word_1_484' title='bbox 1535 5430 1707 5467; x_wconf 86' lang='lat' dir='ltr'><strong>omnes</strong></span> <span class='ocrx_word' id='word_1_485' title='bbox 1735 5414 1823 5483; x_wconf 84' lang='lat' dir='ltr'><strong>qui</strong></span> <span class='ocrx_word' id='word_1_486' title='bbox 1866 5427 1986 5467; x_wconf 90' lang='lat' dir='ltr'><strong>cum</strong></span> 
     </span>
    </p>
   </div>
   <div class='ocr_carea' id='block_1_73' title="bbox 878 5487 1569 5557">
    <p class='ocr_par' dir='ltr' id='par_1_73' title="bbox 878 5487 1569 5557">
     <span class='ocr_line' id='line_1_73' title="bbox 878 5487 1569 5557; baseline -0.009 -14"><span class='ocrx_word' id='word_1_487' title='bbox 878 5492 948 5543; x_wconf 88' lang='lat' dir='ltr'><strong>eis</strong></span> <span class='ocrx_word' id='word_1_488' title='bbox 976 5499 1093 5543; x_wconf 86' lang='lat' dir='ltr'><strong>sunt</strong></span> <span class='ocrx_word' id='word_1_489' title='bbox 1126 5487 1299 5557; x_wconf 82' lang='lat' dir='ltr'><strong>ﬁdeles</strong></span> <span class='ocrx_word' id='word_1_490' title='bbox 1330 5487 1569 5541; x_wconf 71' lang='lat' dir='ltr'><strong>existant.</strong></span> 
     </span>
    </p>
   </div>
   <div class='ocr_carea' id='block_1_74' title="bbox 478 5578 1985 5652">
    <p class='ocr_par' dir='ltr' id='par_1_74' title="bbox 478 5578 1985 5652">
     <span class='ocr_line' id='line_1_74' title="bbox 478 5578 1985 5652; baseline -0.005 -12"><span class='ocrx_word' id='word_1_491' title='bbox 478 5586 548 5641; x_wconf 90' lang='lat' dir='ltr'><strong>Ut</strong></span> <span class='ocrx_word' id='word_1_492' title='bbox 577 5583 815 5652; x_wconf 84' lang='lat' dir='ltr'><strong>episcopi</strong></span> <span class='ocrx_word' id='word_1_493' title='bbox 844 5592 898 5637; x_wconf 92' lang='lat' dir='ltr'><strong>et</strong></span> <span class='ocrx_word' id='word_1_494' title='bbox 926 5581 1221 5652; x_wconf 86' lang='lat' dir='ltr'><strong>presbyteri</strong></span> <span class='ocrx_word' id='word_1_495' title='bbox 1254 5588 1309 5634; x_wconf 90' lang='lat' dir='ltr'><strong>et</strong></span> <span class='ocrx_word' id='word_1_496' title='bbox 1348 5578 1559 5634; x_wconf 86' lang='lat' dir='ltr'><strong>diaconi</strong></span> <span class='ocrx_word' id='word_1_497' title='bbox 1592 5591 1696 5632; x_wconf 92' lang='lat' dir='ltr'><strong>non</strong></span> <span class='ocrx_word' id='word_1_498' title='bbox 1730 5579 1985 5636; x_wconf 83' lang='lat' dir='ltr'><strong>ordinen-</strong></span> 
     </span>
    </p>
   </div>
   <div class='ocr_carea' id='block_1_75' title="bbox 408 5673 1986 5750">
    <p class='ocr_par' dir='ltr' id='par_1_75' title="bbox 408 5673 1986 5750">
     <span class='ocr_line' id='line_1_75' title="bbox 408 5673 1986 5750; baseline -0.006 -13"><span class='ocrx_word' id='word_1_499' title='bbox 408 5692 493 5737; x_wconf 90' lang='lat' dir='ltr'><strong>tur</strong></span> <span class='ocrx_word' id='word_1_500' title='bbox 524 5682 833 5750; x_wconf 85' lang='lat' dir='ltr'><strong>priusquam</strong></span> <span class='ocrx_word' id='word_1_501' title='bbox 864 5691 1052 5733; x_wconf 85' lang='lat' dir='ltr'><strong>omnes</strong></span> <span class='ocrx_word' id='word_1_502' title='bbox 1082 5676 1171 5746; x_wconf 89' lang='lat' dir='ltr'><strong>qui</strong></span> <span class='ocrx_word' id='word_1_503' title='bbox 1202 5682 1325 5729; x_wconf 88' lang='lat' dir='ltr'><strong>sunt</strong></span> <span class='ocrx_word' id='word_1_504' title='bbox 1352 5676 1404 5729; x_wconf 92' lang='lat' dir='ltr'><strong>in</strong></span> <span class='ocrx_word' id='word_1_505' title='bbox 1434 5673 1595 5730; x_wconf 87' lang='lat' dir='ltr'><strong>domo</strong></span> <span class='ocrx_word' id='word_1_506' title='bbox 1618 5688 1802 5730; x_wconf 88' lang='lat' dir='ltr'><strong>eorum</strong></span> <span class='ocrx_word' id='word_1_507' title='bbox 1825 5673 1986 5728; x_wconf 83' lang='lat' dir='ltr'><strong>Chri-</strong></span> 
     </span>
    </p>
   </div>
   <div class='ocr_carea' id='block_1_76' title="bbox 409 5768 1201 5828">
    <p class='ocr_par' dir='ltr' id='par_1_76' title="bbox 409 5768 1201 5828">
     <span class='ocr_line' id='line_1_76' title="bbox 409 5768 1201 5828; baseline -0.011 0"><span class='ocrx_word' id='word_1_508' title='bbox 409 5774 608 5828; x_wconf 84' lang='lat' dir='ltr'><strong>stianos</strong></span> <span class='ocrx_word' id='word_1_509' title='bbox 630 5770 923 5825; x_wconf 84' lang='lat' dir='ltr'><strong>catholicos</strong></span> <span class='ocrx_word' id='word_1_510' title='bbox 954 5768 1201 5824; x_wconf 83' lang='lat' dir='ltr'><strong>fecerint.</strong></span> 
     </span>
    </p>
   </div>
   <div class='ocr_carea' id='block_1_77' title="bbox 480 5863 1986 5937">
    <p class='ocr_par' dir='ltr' id='par_1_77' title="bbox 480 5863 1986 5937">
     <span class='ocr_line' id='line_1_77' title="bbox 480 5863 1986 5937; baseline -0.006 -14"><span class='ocrx_word' id='word_1_511' title='bbox 480 5878 506 5905; x_wconf 70' lang='grc' dir='ltr'><strong>α</strong></span> <span class='ocrx_word' id='word_1_512' title='bbox 532 5867 647 5934; x_wconf 56' lang='grc' dir='ltr'><strong>Δὶ,</strong></span> <span class='ocrx_word' id='word_1_513' title='bbox 679 5866 738 5920; x_wconf 84' lang='grc' dir='ltr'><strong>Β.</strong></span> <span class='ocrx_word' id='word_1_514' title='bbox 762 5866 853 5933; x_wconf 81' lang='lat' dir='ltr'><strong>R.,</strong></span> <span class='ocrx_word' id='word_1_515' title='bbox 874 5866 939 5922; x_wconf 86' lang='grc' dir='ltr'><strong>Τ.</strong></span> <span class='ocrx_word' id='word_1_516' title='bbox 970 5867 1096 5937; x_wconf 74' lang='grc'><strong>1,2,</strong></span> <span class='ocrx_word' id='word_1_517' title='bbox 1126 5864 1217 5932; x_wconf 92' lang='lat' dir='ltr'><strong>U.,</strong></span> <span class='ocrx_word' id='word_1_518' title='bbox 1244 5865 1298 5917; x_wconf 85' lang='lat' dir='ltr'><strong>in</strong></span> <span class='ocrx_word' id='word_1_519' title='bbox 1325 5863 1527 5920; x_wconf 71' lang='lat' dir='ltr'><strong>diacesi</strong></span> <span class='ocrx_word' id='word_1_520' title='bbox 1548 5865 1798 5935; x_wconf 78' lang='lat' dir='ltr'><strong>collegam</strong></span> <span class='ocrx_word' id='word_1_521' title='bbox 1816 5875 1986 5916; x_wconf 83' lang='lat' dir='ltr'><strong>suum.</strong></span> 
     </span>
    </p>
   </div>
   <div class='ocr_carea' id='block_1_78' title="bbox 2711 1882 3007 1953">
    <p class='ocr_par' dir='ltr' id='par_1_78' title="bbox 2711 1882 3007 1953">
     <span class='ocr_line' id='line_1_78' title="bbox 2711 1882 3007 1953; baseline -0.017 -14"><span class='ocrx_word' id='word_1_522' title='bbox 2711 1882 3007 1953; x_wconf 84' lang='lat' dir='ltr'><strong>probabilis.</strong></span> 
     </span>
    </p>
   </div>
   <div class='ocr_carea' id='block_1_79' title="bbox 2130 1966 3660 2040">
    <p class='ocr_par' dir='ltr' id='par_1_79' title="bbox 2130 1966 3660 2040">
     <span class='ocr_line' id='line_1_79' title="bbox 2130 1966 3660 2040; baseline -0.007 -6"><span class='ocrx_word' id='word_1_523' title='bbox 2130 1978 2199 2034; x_wconf 91' lang='lat' dir='ltr'><strong>Ut</strong></span> <span class='ocrx_word' id='word_1_524' title='bbox 2226 1977 2403 2033; x_wconf 90' lang='lat' dir='ltr'><strong>nullus</strong></span> <span class='ocrx_word' id='word_1_525' title='bbox 2419 1974 2697 2030; x_wconf 89' lang='lat' dir='ltr'><strong>ordinetur</strong></span> <span class='ocrx_word' id='word_1_526' title='bbox 2726 1972 2979 2039; x_wconf 88' lang='lat' dir='ltr'><strong>clericus,</strong></span> <span class='ocrx_word' id='word_1_527' title='bbox 3005 1969 3106 2025; x_wconf 83' lang='lat' dir='ltr'><strong>nisi</strong></span> <span class='ocrx_word' id='word_1_528' title='bbox 3130 1969 3387 2040; x_wconf 87' lang='lat' dir='ltr'><strong>probatus</strong></span> <span class='ocrx_word' id='word_1_529' title='bbox 3421 1967 3511 2023; x_wconf 85' lang='lat' dir='ltr'><strong>vel</strong></span> <span class='ocrx_word' id='word_1_530' title='bbox 3540 1966 3660 2038; x_wconf 83' lang='lat' dir='ltr'><strong>epi-</strong></span> 
     </span>
    </p>
   </div>
   <div class='ocr_carea' id='block_1_80' title="bbox 2056 2060 3318 2144">
    <p class='ocr_par' dir='ltr' id='par_1_80' title="bbox 2056 2060 3318 2144">
     <span class='ocr_line' id='line_1_80' title="bbox 2056 2060 3318 2144; baseline -0.013 -15"><span class='ocrx_word' id='word_1_531' title='bbox 2056 2086 2345 2144; x_wconf 87' lang='lat' dir='ltr'><strong>scoporum</strong></span> <span class='ocrx_word' id='word_1_532' title='bbox 2376 2071 2627 2123; x_wconf 81' lang='lat' dir='ltr'><strong>examine</strong></span> <span class='ocrx_word' id='word_1_533' title='bbox 2657 2066 2742 2119; x_wconf 87' lang='lat' dir='ltr'><strong>vel</strong></span> <span class='ocrx_word' id='word_1_534' title='bbox 2774 2061 2955 2133; x_wconf 91' lang='lat' dir='ltr'><strong>populi</strong></span> <span class='ocrx_word' id='word_1_535' title='bbox 2988 2060 3318 2118; x_wconf 86' lang='lat' dir='ltr'><strong>testimonio.</strong></span> 
     </span>
    </p>
   </div>
   <div class='ocr_carea' id='block_1_81' title="bbox 2341 2152 3361 2229">
    <p class='ocr_par' dir='ltr' id='par_1_81' title="bbox 2341 2152 3361 2229">
     <span class='ocr_line' id='line_1_81' title="bbox 2341 2152 3361 2229; baseline -0.013 -11"><span class='ocrx_word' id='word_1_536' title='bbox 2341 2161 2529 2218; x_wconf 84' lang='lat' dir='ltr'><strong>XXIII.</strong></span> <span class='ocrx_word' id='word_1_537' title='bbox 2578 2159 2655 2214; x_wconf 89' lang='lat' dir='ltr'><strong>De</strong></span> <span class='ocrx_word' id='word_1_538' title='bbox 2682 2156 2915 2229; x_wconf 82' lang='lat' dir='ltr'><strong>precibus</strong></span> <span class='ocrx_word' id='word_1_539' title='bbox 2943 2164 2989 2209; x_wconf 89' lang='lat' dir='ltr'><strong>et</strong></span> <span class='ocrx_word' id='word_1_540' title='bbox 3017 2152 3361 2207; x_wconf 85' lang='lat' dir='ltr'><strong>orationibus.</strong></span> 
     </span>
    </p>
   </div>
   <div class='ocr_carea' id='block_1_82' title="bbox 2129 2240 3662 2323">
    <p class='ocr_par' dir='ltr' id='par_1_82' title="bbox 2129 2240 3662 2323">
     <span class='ocr_line' id='line_1_82' title="bbox 2129 2240 3662 2323; baseline -0.01 -9"><span class='ocrx_word' id='word_1_541' title='bbox 2129 2259 2200 2315; x_wconf 88' lang='lat' dir='ltr'><strong>Ut</strong></span> <span class='ocrx_word' id='word_1_542' title='bbox 2230 2272 2391 2313; x_wconf 90' lang='lat' dir='ltr'><strong>nemo</strong></span> <span class='ocrx_word' id='word_1_543' title='bbox 2422 2256 2476 2310; x_wconf 92' lang='lat' dir='ltr'><strong>in</strong></span> <span class='ocrx_word' id='word_1_544' title='bbox 2506 2253 2761 2323; x_wconf 84' lang='lat' dir='ltr'><strong>precibus</strong></span> <span class='ocrx_word' id='word_1_545' title='bbox 2791 2250 2872 2305; x_wconf 89' lang='lat' dir='ltr'><strong>vel</strong></span> <span class='ocrx_word' id='word_1_546' title='bbox 2900 2248 3112 2304; x_wconf 89' lang='lat' dir='ltr'><strong>Patrem</strong></span> <span class='ocrx_word' id='word_1_547' title='bbox 3146 2260 3241 2313; x_wconf 90' lang='lat' dir='ltr'><strong>pro</strong></span> <span class='ocrx_word' id='word_1_548' title='bbox 3275 2241 3536 2310; x_wconf 78' lang='lat' dir='ltr'><strong>Filio,vel</strong></span> <span class='ocrx_word' id='word_1_549' title='bbox 3567 2240 3662 2299; x_wconf 73' lang='lat' dir='ltr'><strong>Fi-</strong></span> 
     </span>
    </p>
   </div>
   <div class='ocr_carea' id='block_1_83' title="bbox 2060 2334 3664 2420">
    <p class='ocr_par' dir='ltr' id='par_1_83' title="bbox 2060 2334 3664 2420">
     <span class='ocr_line' id='line_1_83' title="bbox 2060 2334 3664 2420; baseline -0.009 -14"><span class='ocrx_word' id='word_1_550' title='bbox 2060 2353 2189 2407; x_wconf 91' lang='lat' dir='ltr'><strong>lium</strong></span> <span class='ocrx_word' id='word_1_551' title='bbox 2237 2364 2334 2420; x_wconf 91' lang='lat' dir='ltr'><strong>pro</strong></span> <span class='ocrx_word' id='word_1_552' title='bbox 2378 2348 2541 2402; x_wconf 87' lang='lat' dir='ltr'><strong>Patre</strong></span> <span class='ocrx_word' id='word_1_553' title='bbox 2581 2344 2865 2407; x_wconf 87' lang='lat' dir='ltr'><strong>nominet;</strong></span> <span class='ocrx_word' id='word_1_554' title='bbox 2913 2348 2970 2395; x_wconf 89' lang='lat' dir='ltr'><strong>et</strong></span> <span class='ocrx_word' id='word_1_555' title='bbox 3008 2353 3132 2393; x_wconf 85' lang='lat' dir='ltr'><strong>cum</strong></span> <span class='ocrx_word' id='word_1_556' title='bbox 3175 2337 3333 2392; x_wconf 88' lang='lat' dir='ltr'><strong>altari</strong></span> <span class='ocrx_word' id='word_1_557' title='bbox 3381 2334 3664 2391; x_wconf 80' lang='lat' dir='ltr'><strong>assistitur</strong></span> 
     </span>
    </p>
   </div>
   <div class='ocr_carea' id='block_1_84' title="bbox 2059 2427 3671 2511">
    <p class='ocr_par' dir='ltr' id='par_1_84' title="bbox 2059 2427 3671 2511">
     <span class='ocr_line' id='line_1_84' title="bbox 2059 2427 3671 2511; baseline -0.01 -11"><span class='ocrx_word' id='word_1_558' title='bbox 2059 2458 2275 2511; x_wconf 85' lang='lat' dir='ltr'><strong>semper</strong></span> <span class='ocrx_word' id='word_1_559' title='bbox 2319 2440 2385 2493; x_wconf 88' lang='lat' dir='ltr'><strong>ad</strong></span> <span class='ocrx_word' id='word_1_560' title='bbox 2429 2437 2642 2503; x_wconf 79' lang='lat' dir='ltr'><strong>Patrem</strong></span> <span class='ocrx_word' id='word_1_561' title='bbox 2683 2434 2945 2503; x_wconf 77' lang='lat' dir='ltr'><strong>dirigatur</strong></span> <span class='ocrx_word' id='word_1_562' title='bbox 2983 2430 3203 2495; x_wconf 88' lang='lat' dir='ltr'><strong>oratio;</strong></span> <span class='ocrx_word' id='word_1_563' title='bbox 3249 2436 3305 2483; x_wconf 88' lang='lat' dir='ltr'><strong>ct</strong></span> <span class='ocrx_word' id='word_1_564' title='bbox 3350 2427 3671 2497; x_wconf 82' lang='lat' dir='ltr'><strong>quicuon</strong></span> 
     </span>
    </p>
   </div>
   <div class='ocr_carea' id='block_1_85' title="bbox 2060 2518 3668 2604">
    <p class='ocr_par' dir='ltr' id='par_1_85' title="bbox 2060 2518 3668 2604">
     <span class='ocr_line' id='line_1_85' title="bbox 2060 2518 3668 2604; baseline -0.009 -13"><span class='ocrx_word' id='word_1_565' title='bbox 2060 2534 2165 2592; x_wconf 86' lang='lat' dir='ltr'><strong>sibi</strong></span> <span class='ocrx_word' id='word_1_566' title='bbox 2212 2547 2405 2604; x_wconf 83' lang='lat' dir='ltr'><strong>preces</strong></span> <span class='ocrx_word' id='word_1_567' title='bbox 2449 2529 2665 2584; x_wconf 89' lang='lat' dir='ltr'><strong>aliunde</strong></span> <span class='ocrx_word' id='word_1_568' title='bbox 2708 2525 3001 2589; x_wconf 89' lang='lat' dir='ltr'><strong>describit,</strong></span> <span class='ocrx_word' id='word_1_569' title='bbox 3049 2537 3157 2577; x_wconf 90' lang='lat' dir='ltr'><strong>non</strong></span> <span class='ocrx_word' id='word_1_570' title='bbox 3203 2521 3284 2576; x_wconf 89' lang='lat' dir='ltr'><strong>eis</strong></span> <span class='ocrx_word' id='word_1_571' title='bbox 3312 2527 3520 2585; x_wconf 90' lang='lat' dir='ltr'><strong>utatur,</strong></span> <span class='ocrx_word' id='word_1_572' title='bbox 3554 2518 3668 2578; x_wconf 70' lang='lat' dir='ltr'><strong>nisi</strong></span> 
     </span>
    </p>
   </div>
   <div class='ocr_carea' id='block_1_86' title="bbox 2064 2611 3574 2702">
    <p class='ocr_par' dir='ltr' id='par_1_86' title="bbox 2064 2611 3574 2702">
     <span class='ocr_line' id='line_1_86' title="bbox 2064 2611 3574 2702; baseline -0.015 -15"><span class='ocrx_word' id='word_1_573' title='bbox 2064 2633 2210 2702; x_wconf 85' lang='lat' dir='ltr'><strong>prius</strong></span> <span class='ocrx_word' id='word_1_574' title='bbox 2238 2642 2330 2682; x_wconf 89' lang='lat' dir='ltr'><strong>eas</strong></span> <span class='ocrx_word' id='word_1_575' title='bbox 2358 2639 2480 2680; x_wconf 92' lang='lat' dir='ltr'><strong>cum</strong></span> <span class='ocrx_word' id='word_1_576' title='bbox 2512 2616 2953 2677; x_wconf 88' lang='lat' dir='ltr'><strong>instructionibus</strong></span> <span class='ocrx_word' id='word_1_577' title='bbox 2983 2614 3237 2670; x_wconf 85' lang='lat' dir='ltr'><strong>fratribus</strong></span> <span class='ocrx_word' id='word_1_578' title='bbox 3262 2611 3574 2667; x_wconf 89' lang='lat' dir='ltr'><strong>contulerit.</strong></span> 
     </span>
    </p>
   </div>
   <div class='ocr_carea' id='block_1_87' title="bbox 2070 2703 3667 2794">
    <p class='ocr_par' dir='ltr' id='par_1_87' title="bbox 2070 2703 3667 2794">
     <span class='ocr_line' id='line_1_87' title="bbox 2070 2703 3667 2794; baseline -0.013 -17"><span class='ocrx_word' id='word_1_579' title='bbox 2070 2723 2221 2794; x_wconf 75' lang='lat'><strong>131</strong></span> <span class='ocrx_word' id='word_1_580' title='bbox 2258 2716 2451 2773; x_wconf 84' lang='lat' dir='ltr'><strong>XXIV.</strong></span> <span class='ocrx_word' id='word_1_581' title='bbox 2492 2714 2558 2770; x_wconf 91' lang='lat' dir='ltr'><strong>Ut</strong></span> <span class='ocrx_word' id='word_1_582' title='bbox 2587 2714 2641 2766; x_wconf 89' lang='lat' dir='ltr'><strong>in</strong></span> <span class='ocrx_word' id='word_1_583' title='bbox 2672 2710 2925 2794; x_wconf 67' lang='lat' dir='ltr'><strong>sacriﬁcio</strong></span> <span class='ocrx_word' id='word_1_584' title='bbox 2954 2706 3076 2794; x_wconf 82' lang='lat' dir='ltr'><strong>[U.,</strong></span> <span class='ocrx_word' id='word_1_585' title='bbox 3133 2703 3476 2773; x_wconf 87' lang='lat' dir='ltr'><strong>sacramento]</strong></span> <span class='ocrx_word' id='word_1_586' title='bbox 3507 2704 3667 2773; x_wconf 76' lang='lat' dir='ltr'><strong>panis</strong></span> 
     </span>
    </p>
   </div>
   <div class='ocr_carea' id='block_1_88' title="bbox 2596 2778 3107 2845">
    <p class='ocr_par' dir='ltr' id='par_1_88' title="bbox 2596 2778 3107 2845">
     <span class='ocr_line' id='line_1_88' title="bbox 2596 2778 3107 2845; baseline -0.012 -8"><span class='ocrx_word' id='word_1_587' title='bbox 2596 2794 2640 2837; x_wconf 89' lang='lat' dir='ltr'><strong>et</strong></span> <span class='ocrx_word' id='word_1_588' title='bbox 2667 2783 2805 2836; x_wconf 81' lang='lat' dir='ltr'><strong>calix:</strong></span> <span class='ocrx_word' id='word_1_589' title='bbox 2833 2778 3107 2845; x_wconf 71' lang='lat' dir='ltr'><strong>offeratur.</strong></span> 
     </span>
    </p>
   </div>
   <div class='ocr_carea' id='block_1_89' title="bbox 2136 2867 3667 2942">
    <p class='ocr_par' dir='ltr' id='par_1_89' title="bbox 2136 2867 3667 2942">
     <span class='ocr_line' id='line_1_89' title="bbox 2136 2867 3667 2942; baseline -0.009 -3"><span class='ocrx_word' id='word_1_590' title='bbox 2136 2884 2207 2940; x_wconf 90' lang='lat' dir='ltr'><strong>Ut</strong></span> <span class='ocrx_word' id='word_1_591' title='bbox 2248 2883 2300 2937; x_wconf 92' lang='lat' dir='ltr'><strong>in</strong></span> <span class='ocrx_word' id='word_1_592' title='bbox 2342 2876 2697 2934; x_wconf 87' lang='lat' dir='ltr'><strong>sacramentis</strong></span> <span class='ocrx_word' id='word_1_593' title='bbox 2732 2871 2977 2942; x_wconf 89' lang='lat' dir='ltr'><strong>corporis</strong></span> <span class='ocrx_word' id='word_1_594' title='bbox 3020 2879 3077 2925; x_wconf 89' lang='lat' dir='ltr'><strong>et</strong></span> <span class='ocrx_word' id='word_1_595' title='bbox 3114 2869 3392 2939; x_wconf 83' lang='lat' dir='ltr'><strong>sanguinis</strong></span> <span class='ocrx_word' id='word_1_596' title='bbox 3435 2867 3667 2925; x_wconf 78' lang='lat' dir='ltr'><strong>Domini</strong></span> 
     </span>
    </p>
   </div>
   <div class='ocr_carea' id='block_1_90' title="bbox 2066 2960 3657 3038">
    <p class='ocr_par' dir='ltr' id='par_1_90' title="bbox 2066 2960 3657 3038">
     <span class='ocr_line' id='line_1_90' title="bbox 2066 2960 3657 3038; baseline -0.013 -7"><span class='ocrx_word' id='word_1_597' title='bbox 2066 2976 2201 3031; x_wconf 90' lang='lat' dir='ltr'><strong>nihil</strong></span> <span class='ocrx_word' id='word_1_598' title='bbox 2230 2972 2463 3038; x_wconf 90' lang='lat' dir='ltr'><strong>amplius</strong></span> <span class='ocrx_word' id='word_1_599' title='bbox 2492 2967 2749 3024; x_wconf 74' lang='lat' dir='ltr'><strong>offeratur</strong></span> <span class='ocrx_word' id='word_1_600' title='bbox 2775 2979 2934 3035; x_wconf 88' lang='lat' dir='ltr'><strong>quam</strong></span> <span class='ocrx_word' id='word_1_601' title='bbox 2967 2963 3080 3031; x_wconf 87' lang='lat' dir='ltr'><strong>ipse</strong></span> <span class='ocrx_word' id='word_1_602' title='bbox 3112 2961 3370 3015; x_wconf 88' lang='lat' dir='ltr'><strong>Dominus</strong></span> <span class='ocrx_word' id='word_1_603' title='bbox 3401 2960 3657 3026; x_wconf 87' lang='lat' dir='ltr'><strong>tradidit,</strong></span> 
     </span>
    </p>
   </div>
   <div class='ocr_carea' id='block_1_91' title="bbox 2070 3052 3673 3134">
    <p class='ocr_par' dir='ltr' id='par_1_91' title="bbox 2070 3052 3673 3134">
     <span class='ocr_line' id='line_1_91' title="bbox 2070 3052 3673 3134; baseline -0.016 -12"><span class='ocrx_word' id='word_1_604' title='bbox 2070 3072 2170 3124; x_wconf 89' lang='lat' dir='ltr'><strong>hoc</strong></span> <span class='ocrx_word' id='word_1_605' title='bbox 2196 3078 2276 3123; x_wconf 88' lang='lat' dir='ltr'><strong>est</strong></span> <span class='ocrx_word' id='word_1_606' title='bbox 2308 3064 2459 3134; x_wconf 86' lang='lat' dir='ltr'><strong>panis</strong></span> <span class='ocrx_word' id='word_1_607' title='bbox 2488 3070 2543 3117; x_wconf 91' lang='lat' dir='ltr'><strong>et</strong></span> <span class='ocrx_word' id='word_1_608' title='bbox 2571 3060 2750 3114; x_wconf 90' lang='lat' dir='ltr'><strong>vinum</strong></span> <span class='ocrx_word' id='word_1_609' title='bbox 2781 3070 2932 3127; x_wconf 60' lang='lat' dir='ltr'><strong>aqua!</strong></span> <span class='ocrx_word' id='word_1_610' title='bbox 2964 3055 3181 3110; x_wconf 90' lang='lat' dir='ltr'><strong>mistum</strong></span> <span class='ocrx_word' id='word_1_611' title='bbox 3212 3052 3310 3125; x_wconf 86' lang='grc' dir='ltr'><strong>[Β.</strong></span> <span class='ocrx_word' id='word_1_612' title='bbox 3335 3052 3427 3119; x_wconf 85' lang='lat' dir='ltr'><strong>R.,</strong></span> <span class='ocrx_word' id='word_1_613' title='bbox 3462 3053 3673 3121; x_wconf 76' lang='lat' dir='ltr'><strong>pet-mi.</strong></span> 
     </span>
    </p>
   </div>
   <div class='ocr_carea' id='block_1_92' title="bbox 2068 3146 3674 3235">
    <p class='ocr_par' dir='ltr' id='par_1_92' title="bbox 2068 3146 3674 3235">
     <span class='ocr_line' id='line_1_92' title="bbox 2068 3146 3674 3235; baseline -0.01 -16"><span class='ocrx_word' id='word_1_614' title='bbox 2068 3160 2233 3235; x_wconf 87' lang='lat' dir='ltr'><strong>stum]</strong></span> <span class='ocrx_word' id='word_1_615' title='bbox 2256 3203 2271 3226; x_wconf 92' lang='lat'><strong>,</strong></span> <span class='ocrx_word' id='word_1_616' title='bbox 2306 3174 2405 3213; x_wconf 88' lang='lat' dir='ltr'><strong>nec</strong></span> <span class='ocrx_word' id='word_1_617' title='bbox 2432 3154 2659 3226; x_wconf 89' lang='lat' dir='ltr'><strong>amplius</strong></span> <span class='ocrx_word' id='word_1_618' title='bbox 2688 3152 2742 3208; x_wconf 90' lang='lat' dir='ltr'><strong>in</strong></span> <span class='ocrx_word' id='word_1_619' title='bbox 2787 3149 3040 3221; x_wconf 90' lang='lat' dir='ltr'><strong>primitiis</strong></span> <span class='ocrx_word' id='word_1_620' title='bbox 3079 3146 3358 3212; x_wconf 78' lang='lat' dir='ltr'><strong>olt‘eratur,</strong></span> <span class='ocrx_word' id='word_1_621' title='bbox 3403 3162 3566 3217; x_wconf 89' lang='lat' dir='ltr'><strong>quam</strong></span> <span class='ocrx_word' id='word_1_622' title='bbox 3596 3147 3674 3204; x_wconf 82' lang='lat' dir='ltr'><strong>de</strong></span> 
     </span>
    </p>
   </div>
   <div class='ocr_carea' id='block_1_93' title="bbox 2000 3252 2596 3327">
    <p class='ocr_par' dir='ltr' id='par_1_93' title="bbox 2000 3252 2596 3327">
     <span class='ocr_line' id='line_1_93' title="bbox 2000 3252 2596 3327; baseline -0.022 -13"><span class='ocrx_word' id='word_1_623' title='bbox 2000 3318 2006 3327; x_wconf 60' lang='grc'>,</span> <span class='ocrx_word' id='word_1_624' title='bbox 2068 3257 2187 3313; x_wconf 91' lang='lat' dir='ltr'><strong>uvis</strong></span> <span class='ocrx_word' id='word_1_625' title='bbox 2214 3263 2270 3309; x_wconf 90' lang='lat' dir='ltr'><strong>et</strong></span> <span class='ocrx_word' id='word_1_626' title='bbox 2299 3252 2596 3307; x_wconf 81' lang='lat' dir='ltr'><strong>frumentis.</strong></span> 
     </span>
    </p>
   </div>
   <div class='ocr_carea' id='block_1_94' title="bbox 2164 3332 3565 3405">
    <p class='ocr_par' dir='ltr' id='par_1_94' title="bbox 2164 3332 3565 3405">
     <span class='ocr_line' id='line_1_94' title="bbox 2164 3332 3565 3405; baseline -0.013 -2"><span class='ocrx_word' id='word_1_627' title='bbox 2164 3345 2331 3403; x_wconf 85' lang='lat' dir='ltr'><strong>XXV.</strong></span> <span class='ocrx_word' id='word_1_628' title='bbox 2370 3343 2453 3399; x_wconf 86' lang='lat' dir='ltr'><strong>Ne</strong></span> <span class='ocrx_word' id='word_1_629' title='bbox 2480 3341 2655 3397; x_wconf 85' lang='lat' dir='ltr'><strong>clerici</strong></span> <span class='ocrx_word' id='word_1_630' title='bbox 2682 3339 2758 3393; x_wconf 76' lang='lat' dir='ltr'><strong>uel</strong></span> <span class='ocrx_word' id='word_1_631' title='bbox 2787 3338 3105 3392; x_wconf 86' lang='lat' dir='ltr'><strong>continentes</strong></span> <span class='ocrx_word' id='word_1_632' title='bbox 3130 3334 3201 3389; x_wconf 84' lang='lat' dir='ltr'><strong>ad</strong></span> <span class='ocrx_word' id='word_1_633' title='bbox 3224 3332 3450 3405; x_wconf 84' lang='lat' dir='ltr'><strong>virgines</strong></span> <span class='ocrx_word' id='word_1_634' title='bbox 3480 3332 3565 3386; x_wconf 74' lang='lat' dir='ltr'><strong>cel</strong></span> 
     </span>
    </p>
   </div>
   <div class='ocr_carea' id='block_1_95' title="bbox 2420 3410 3280 3468">
    <p class='ocr_par' dir='ltr' id='par_1_95' title="bbox 2420 3410 3280 3468">
     <span class='ocr_line' id='line_1_95' title="bbox 2420 3410 3280 3468; baseline -0.012 0"><span class='ocrx_word' id='word_1_635' title='bbox 2420 3415 2602 3468; x_wconf 72' lang='lat' dir='ltr'><strong>viduas</strong></span> <span class='ocrx_word' id='word_1_636' title='bbox 2625 3411 2723 3465; x_wconf 90' lang='lat' dir='ltr'><strong>soli</strong></span> <span class='ocrx_word' id='word_1_637' title='bbox 2752 3410 2972 3463; x_wconf 84' lang='lat' dir='ltr'><strong>habeant</strong></span> <span class='ocrx_word' id='word_1_638' title='bbox 2997 3422 3280 3461; x_wconf 84' lang='lat' dir='ltr'><strong>accessum.</strong></span> 
     </span>
    </p>
   </div>
   <div class='ocr_carea' id='block_1_96' title="bbox 2136 3496 3675 3567">
    <p class='ocr_par' dir='ltr' id='par_1_96' title="bbox 2136 3496 3675 3567">
     <span class='ocr_line' id='line_1_96' title="bbox 2136 3496 3675 3567; baseline -0.01 0"><span class='ocrx_word' id='word_1_639' title='bbox 2136 3509 2209 3567; x_wconf 90' lang='lat' dir='ltr'><strong>Ut</strong></span> <span class='ocrx_word' id='word_1_640' title='bbox 2234 3505 2414 3564; x_wconf 89' lang='lat' dir='ltr'><strong>clerici</strong></span> <span class='ocrx_word' id='word_1_641' title='bbox 2463 3503 2546 3558; x_wconf 88' lang='lat' dir='ltr'><strong>vel</strong></span> <span class='ocrx_word' id='word_1_642' title='bbox 2587 3501 2930 3557; x_wconf 89' lang='lat' dir='ltr'><strong>continentes</strong></span> <span class='ocrx_word' id='word_1_643' title='bbox 2967 3498 3035 3554; x_wconf 87' lang='lat' dir='ltr'><strong>ad</strong></span> <span class='ocrx_word' id='word_1_644' title='bbox 3075 3497 3266 3552; x_wconf 83' lang='lat' dir='ltr'><strong>viduas</strong></span> <span class='ocrx_word' id='word_1_645' title='bbox 3293 3496 3379 3552; x_wconf 89' lang='lat' dir='ltr'><strong>vel</strong></span> <span class='ocrx_word' id='word_1_646' title='bbox 3419 3496 3675 3564; x_wconf 77' lang='lat' dir='ltr'><strong>virgines</strong></span> 
     </span>
    </p>
   </div>
   <div class='ocr_carea' id='block_1_97' title="bbox 2069 3586 3679 3669">
    <p class='ocr_par' dir='ltr' id='par_1_97' title="bbox 2069 3586 3679 3669">
     <span class='ocr_line' id='line_1_97' title="bbox 2069 3586 3679 3669; baseline -0.011 -12"><span class='ocrx_word' id='word_1_647' title='bbox 2069 3601 2170 3657; x_wconf 87' lang='lat' dir='ltr'><strong>nisi</strong></span> <span class='ocrx_word' id='word_1_648' title='bbox 2204 3615 2269 3655; x_wconf 87' lang='lat' dir='ltr'><strong>ex</strong></span> <span class='ocrx_word' id='word_1_649' title='bbox 2314 3599 2468 3669; x_wconf 84' lang='lat' dir='ltr'><strong>jussu</strong></span> <span class='ocrx_word' id='word_1_650' title='bbox 2498 3595 2583 3649; x_wconf 90' lang='lat' dir='ltr'><strong>vel</strong></span> <span class='ocrx_word' id='word_1_651' title='bbox 2613 3592 2882 3663; x_wconf 84' lang='lat' dir='ltr'><strong>permissu</strong></span> <span class='ocrx_word' id='word_1_652' title='bbox 2909 3589 3286 3660; x_wconf 89' lang='lat' dir='ltr'><strong>episcoporum</strong></span> <span class='ocrx_word' id='word_1_653' title='bbox 3316 3597 3409 3643; x_wconf 89' lang='lat' dir='ltr'><strong>aut</strong></span> <span class='ocrx_word' id='word_1_654' title='bbox 3440 3586 3679 3657; x_wconf 84' lang='lat' dir='ltr'><strong>presby-</strong></span> 
     </span>
    </p>
   </div>
   <div class='ocr_carea' id='block_1_98' title="bbox 2072 3679 3681 3749">
    <p class='ocr_par' dir='ltr' id='par_1_98' title="bbox 2072 3679 3681 3749">
     <span class='ocr_line' id='line_1_98' title="bbox 2072 3679 3681 3749; baseline -0.01 0"><span class='ocrx_word' id='word_1_655' title='bbox 2072 3704 2307 3749; x_wconf 90' lang='lat' dir='ltr'><strong>terorum</strong></span> <span class='ocrx_word' id='word_1_656' title='bbox 2346 3703 2454 3744; x_wconf 91' lang='lat' dir='ltr'><strong>non</strong></span> <span class='ocrx_word' id='word_1_657' title='bbox 2484 3685 2776 3749; x_wconf 87' lang='lat' dir='ltr'><strong>accedant,</strong></span> <span class='ocrx_word' id='word_1_658' title='bbox 2811 3691 2865 3738; x_wconf 91' lang='lat' dir='ltr'><strong>et</strong></span> <span class='ocrx_word' id='word_1_659' title='bbox 2897 3681 3002 3738; x_wconf 90' lang='lat' dir='ltr'><strong>hoc</strong></span> <span class='ocrx_word' id='word_1_660' title='bbox 3030 3696 3138 3735; x_wconf 91' lang='lat' dir='ltr'><strong>non</strong></span> <span class='ocrx_word' id='word_1_661' title='bbox 3168 3679 3275 3735; x_wconf 88' lang='lat' dir='ltr'><strong>soli</strong></span> <span class='ocrx_word' id='word_1_662' title='bbox 3306 3679 3505 3733; x_wconf 86' lang='lat' dir='ltr'><strong>faciant</strong></span> <span class='ocrx_word' id='word_1_663' title='bbox 3525 3720 3540 3743; x_wconf 94' lang='lat'><strong>,</strong></span> <span class='ocrx_word' id='word_1_664' title='bbox 3575 3680 3681 3734; x_wconf 79' lang='lat' dir='ltr'><strong>sed</strong></span> 
     </span>
    </p>
   </div>
   <div class='ocr_carea' id='block_1_99' title="bbox 2069 3771 3681 3843">
    <p class='ocr_par' dir='ltr' id='par_1_99' title="bbox 2069 3771 3681 3843">
     <span class='ocr_line' id='line_1_99' title="bbox 2069 3771 3681 3843; baseline -0.011 -2"><span class='ocrx_word' id='word_1_665' title='bbox 2069 3801 2191 3842; x_wconf 90' lang='lat' dir='ltr'><strong>cum</strong></span> <span class='ocrx_word' id='word_1_666' title='bbox 2233 3780 2555 3839; x_wconf 89' lang='lat' dir='ltr'><strong>conclericis</strong></span> <span class='ocrx_word' id='word_1_667' title='bbox 2586 3778 2671 3834; x_wconf 89' lang='lat' dir='ltr'><strong>vel</strong></span> <span class='ocrx_word' id='word_1_668' title='bbox 2702 3792 2825 3833; x_wconf 92' lang='lat' dir='ltr'><strong>cum</strong></span> <span class='ocrx_word' id='word_1_669' title='bbox 2858 3775 2943 3831; x_wconf 82' lang='lat' dir='ltr'><strong>his</strong></span> <span class='ocrx_word' id='word_1_670' title='bbox 2976 3789 3097 3830; x_wconf 90' lang='lat' dir='ltr'><strong>cum</strong></span> <span class='ocrx_word' id='word_1_671' title='bbox 3144 3774 3341 3843; x_wconf 89' lang='lat' dir='ltr'><strong>quibus</strong></span> <span class='ocrx_word' id='word_1_672' title='bbox 3382 3771 3681 3841; x_wconf 83' lang='lat' dir='ltr'><strong>episcopus</strong></span> 
     </span>
    </p>
   </div>
   <div class='ocr_carea' id='block_1_100' title="bbox 2070 3866 3681 3949">
    <p class='ocr_par' dir='ltr' id='par_1_100' title="bbox 2070 3866 3681 3949">
     <span class='ocr_line' id='line_1_100' title="bbox 2070 3866 3681 3949; baseline -0.011 -13"><span class='ocrx_word' id='word_1_673' title='bbox 2070 3890 2164 3935; x_wconf 87' lang='lat' dir='ltr'><strong>aut</strong></span> <span class='ocrx_word' id='word_1_674' title='bbox 2201 3878 2480 3949; x_wconf 83' lang='lat' dir='ltr'><strong>presbyter</strong></span> <span class='ocrx_word' id='word_1_675' title='bbox 2521 3870 2782 3944; x_wconf 87' lang='lat' dir='ltr'><strong>jusserit;</strong></span> <span class='ocrx_word' id='word_1_676' title='bbox 2832 3883 2934 3925; x_wconf 88' lang='lat' dir='ltr'><strong>nec</strong></span> <span class='ocrx_word' id='word_1_677' title='bbox 2974 3867 3077 3939; x_wconf 83' lang='lat' dir='ltr'><strong>ipsi</strong></span> <span class='ocrx_word' id='word_1_678' title='bbox 3104 3866 3349 3936; x_wconf 87' lang='lat' dir='ltr'><strong>episcopi</strong></span> <span class='ocrx_word' id='word_1_679' title='bbox 3384 3876 3476 3918; x_wconf 88' lang='lat' dir='ltr'><strong>aut</strong></span> <span class='ocrx_word' id='word_1_680' title='bbox 3516 3880 3681 3934; x_wconf 84' lang='lat' dir='ltr'><strong>pres-</strong></span> 
     </span>
    </p>
   </div>
   <div class='ocr_carea' id='block_1_101' title="bbox 2071 3958 3684 4045">
    <p class='ocr_par' dir='ltr' id='par_1_101' title="bbox 2071 3958 3684 4045">
     <span class='ocr_line' id='line_1_101' title="bbox 2071 3958 3684 4045; baseline -0.012 -14"><span class='ocrx_word' id='word_1_681' title='bbox 2071 3973 2245 4045; x_wconf 86' lang='lat' dir='ltr'><strong>byteri</strong></span> <span class='ocrx_word' id='word_1_682' title='bbox 2288 3970 2390 4026; x_wconf 88' lang='lat' dir='ltr'><strong>soli</strong></span> <span class='ocrx_word' id='word_1_683' title='bbox 2436 3968 2669 4023; x_wconf 85' lang='lat' dir='ltr'><strong>habeant</strong></span> <span class='ocrx_word' id='word_1_684' title='bbox 2706 3978 2983 4019; x_wconf 87' lang='lat' dir='ltr'><strong>accessum</strong></span> <span class='ocrx_word' id='word_1_685' title='bbox 3035 3960 3103 4015; x_wconf 90' lang='lat' dir='ltr'><strong>ad</strong></span> <span class='ocrx_word' id='word_1_686' title='bbox 3154 3958 3467 4030; x_wconf 87' lang='lat' dir='ltr'><strong>hujusmodi</strong></span> <span class='ocrx_word' id='word_1_687' title='bbox 3515 3958 3684 4013; x_wconf 79' lang='lat' dir='ltr'><strong>femi-</strong></span> 
     </span>
    </p>
   </div>
   <div class='ocr_carea' id='block_1_102' title="bbox 2076 4054 3679 4130">
    <p class='ocr_par' dir='ltr' id='par_1_102' title="bbox 2076 4054 3679 4130">
     <span class='ocr_line' id='line_1_102' title="bbox 2076 4054 3679 4130; baseline -0.008 -10"><span class='ocrx_word' id='word_1_688' title='bbox 2076 4079 2173 4120; x_wconf 88' lang='lat' dir='ltr'><strong>nas</strong></span> <span class='ocrx_word' id='word_1_689' title='bbox 2195 4106 2209 4130; x_wconf 91' lang='lat'><strong>,</strong></span> <span class='ocrx_word' id='word_1_690' title='bbox 2240 4062 2334 4117; x_wconf 87' lang='lat' dir='ltr'><strong>sed</strong></span> <span class='ocrx_word' id='word_1_691' title='bbox 2367 4059 2455 4115; x_wconf 86' lang='lat' dir='ltr'><strong>ubi</strong></span> <span class='ocrx_word' id='word_1_692' title='bbox 2483 4066 2576 4113; x_wconf 81' lang='lat' dir='ltr'><strong>aut</strong></span> <span class='ocrx_word' id='word_1_693' title='bbox 2610 4054 2795 4111; x_wconf 90' lang='lat' dir='ltr'><strong>clerici</strong></span> <span class='ocrx_word' id='word_1_694' title='bbox 2839 4061 3132 4124; x_wconf 67' lang='lat' dir='ltr'><strong>prmsentes</strong></span> <span class='ocrx_word' id='word_1_695' title='bbox 3170 4062 3297 4107; x_wconf 85' lang='lat' dir='ltr'><strong>sunt</strong></span> <span class='ocrx_word' id='word_1_696' title='bbox 3336 4060 3428 4105; x_wconf 89' lang='lat' dir='ltr'><strong>aut</strong></span> <span class='ocrx_word' id='word_1_697' title='bbox 3469 4064 3679 4120; x_wconf 84' lang='lat' dir='ltr'><strong>graves</strong></span> 
     </span>
    </p>
   </div>
   <div class='ocr_carea' id='block_1_103' title="bbox 2078 4151 2584 4227">
    <p class='ocr_par' dir='ltr' id='par_1_103' title="bbox 2078 4151 2584 4227">
     <span class='ocr_line' id='line_1_103' title="bbox 2078 4151 2584 4227; baseline -0.016 -16"><span class='ocrx_word' id='word_1_698' title='bbox 2078 4156 2247 4227; x_wconf 88' lang='lat' dir='ltr'><strong>aliqui</strong></span> <span class='ocrx_word' id='word_1_699' title='bbox 2273 4151 2584 4211; x_wconf 87' lang='lat' dir='ltr'><strong>Christiani.</strong></span> 
     </span>
    </p>
   </div>
   <div class='ocr_carea' id='block_1_104' title="bbox 2076 4235 3684 4317">
    <p class='ocr_par' dir='ltr' id='par_1_104' title="bbox 2076 4235 3684 4317">
     <span class='ocr_line' id='line_1_104' title="bbox 2076 4235 3684 4317; baseline -0.009 -12"><span class='ocrx_word' id='word_1_700' title='bbox 2076 4247 2270 4305; x_wconf 81' lang='lat' dir='ltr'><strong>XXVI.</strong></span> <span class='ocrx_word' id='word_1_701' title='bbox 2306 4244 2374 4302; x_wconf 87' lang='lat' dir='ltr'><strong>Ut</strong></span> <span class='ocrx_word' id='word_1_702' title='bbox 2406 4245 2587 4317; x_wconf 78' lang='lat' dir='ltr'><strong>prima:</strong></span> <span class='ocrx_word' id='word_1_703' title='bbox 2613 4242 2748 4297; x_wconf 84' lang='lat' dir='ltr'><strong>sedis</strong></span> <span class='ocrx_word' id='word_1_704' title='bbox 2774 4242 3046 4317; x_wconf 83' lang='lat' dir='ltr'><strong>episcopus</strong></span> <span class='ocrx_word' id='word_1_705' title='bbox 3072 4238 3310 4309; x_wconf 86' lang='lat' dir='ltr'><strong>princeps</strong></span> <span class='ocrx_word' id='word_1_706' title='bbox 3341 4235 3684 4290; x_wconf 64' lang='lat' dir='ltr'><strong>sacerdotum</strong></span> 
     </span>
    </p>
   </div>
   <div class='ocr_carea' id='block_1_105' title="bbox 2588 4313 3094 4387">
    <p class='ocr_par' dir='ltr' id='par_1_105' title="bbox 2588 4313 3094 4387">
     <span class='ocr_line' id='line_1_105' title="bbox 2588 4313 3094 4387; baseline -0.008 -21"><span class='ocrx_word' id='word_1_707' title='bbox 2588 4380 2591 4387; x_wconf 27' lang='grc' dir='ltr'>ι</span> <span class='ocrx_word' id='word_1_708' title='bbox 2656 4328 2761 4366; x_wconf 88' lang='lat' dir='ltr'><strong>non</strong></span> <span class='ocrx_word' id='word_1_709' title='bbox 2788 4313 3094 4380; x_wconf 89' lang='lat' dir='ltr'><strong>appelletur.</strong></span> 
     </span>
    </p>
   </div>
   <div class='ocr_carea' id='block_1_106' title="bbox 2150 4396 3685 4477">
    <p class='ocr_par' dir='ltr' id='par_1_106' title="bbox 2150 4396 3685 4477">
     <span class='ocr_line' id='line_1_106' title="bbox 2150 4396 3685 4477; baseline -0.01 -10"><span class='ocrx_word' id='word_1_710' title='bbox 2150 4411 2221 4468; x_wconf 90' lang='lat' dir='ltr'><strong>Ut</strong></span> <span class='ocrx_word' id='word_1_711' title='bbox 2250 4410 2440 4477; x_wconf 75' lang='lat' dir='ltr'><strong>prima:</strong></span> <span class='ocrx_word' id='word_1_712' title='bbox 2468 4404 2613 4462; x_wconf 83' lang='lat' dir='ltr'><strong>sedis</strong></span> <span class='ocrx_word' id='word_1_713' title='bbox 2639 4409 2926 4473; x_wconf 86' lang='lat' dir='ltr'><strong>episc0pus</strong></span> <span class='ocrx_word' id='word_1_714' title='bbox 2954 4416 3061 4456; x_wconf 93' lang='lat' dir='ltr'><strong>non</strong></span> <span class='ocrx_word' id='word_1_715' title='bbox 3088 4399 3393 4470; x_wconf 89' lang='lat' dir='ltr'><strong>appelletur</strong></span> <span class='ocrx_word' id='word_1_716' title='bbox 3422 4396 3685 4468; x_wconf 78' lang='lat' dir='ltr'><strong>princeps</strong></span> 
     </span>
    </p>
   </div>
   <div class='ocr_carea' id='block_1_107' title="bbox 2080 4487 3686 4557">
    <p class='ocr_par' dir='ltr' id='par_1_107' title="bbox 2080 4487 3686 4557">
     <span class='ocr_line' id='line_1_107' title="bbox 2080 4487 3686 4557; baseline -0.009 0"><span class='ocrx_word' id='word_1_717' title='bbox 2080 4502 2424 4557; x_wconf 89' lang='lat' dir='ltr'><strong>sacerdotum</strong></span> <span class='ocrx_word' id='word_1_718' title='bbox 2452 4504 2549 4551; x_wconf 90' lang='lat' dir='ltr'><strong>aut</strong></span> <span class='ocrx_word' id='word_1_719' title='bbox 2572 4508 2813 4550; x_wconf 86' lang='lat' dir='ltr'><strong>summus</strong></span> <span class='ocrx_word' id='word_1_720' title='bbox 2841 4490 3100 4548; x_wconf 87' lang='lat' dir='ltr'><strong>sacerdos</strong></span> <span class='ocrx_word' id='word_1_721' title='bbox 3128 4498 3222 4543; x_wconf 87' lang='lat' dir='ltr'><strong>aut</strong></span> <span class='ocrx_word' id='word_1_722' title='bbox 3252 4487 3457 4557; x_wconf 87' lang='lat' dir='ltr'><strong>aliquid</strong></span> <span class='ocrx_word' id='word_1_723' title='bbox 3488 4489 3686 4557; x_wconf 85' lang='lat' dir='ltr'><strong>hujus—</strong></span> 
     </span>
    </p>
   </div>
   <div class='ocr_carea' id='block_1_108' title="bbox 2080 4581 3684 4661">
    <p class='ocr_par' dir='ltr' id='par_1_108' title="bbox 2080 4581 3684 4661">
     <span class='ocr_line' id='line_1_108' title="bbox 2080 4581 3684 4661; baseline -0.006 -12"><span class='ocrx_word' id='word_1_724' title='bbox 2080 4592 2260 4658; x_wconf 86' lang='lat' dir='ltr'><strong>modi,</strong></span> <span class='ocrx_word' id='word_1_725' title='bbox 2288 4591 2383 4646; x_wconf 89' lang='lat' dir='ltr'><strong>sed</strong></span> <span class='ocrx_word' id='word_1_726' title='bbox 2415 4598 2621 4643; x_wconf 83' lang='lat' dir='ltr'><strong>tantum</strong></span> <span class='ocrx_word' id='word_1_727' title='bbox 2655 4584 2782 4661; x_wconf 88' lang='lat' dir='ltr'><strong>[U.,</strong></span> <span class='ocrx_word' id='word_1_728' title='bbox 2812 4582 2905 4651; x_wconf 77' lang='lat'><strong>6.,</strong></span> <span class='ocrx_word' id='word_1_729' title='bbox 2936 4581 3333 4655; x_wconf 86' lang='lat' dir='ltr'><strong>tantummodo]</strong></span> <span class='ocrx_word' id='word_1_730' title='bbox 3364 4582 3556 4653; x_wconf 72' lang='lat' dir='ltr'><strong>prima:</strong></span> <span class='ocrx_word' id='word_1_731' title='bbox 3584 4597 3684 4639; x_wconf 87' lang='lat' dir='ltr'><strong>se-</strong></span> 
     </span>
    </p>
   </div>
   <div class='ocr_carea' id='block_1_109' title="bbox 2081 4690 2498 4759">
    <p class='ocr_par' dir='ltr' id='par_1_109' title="bbox 2081 4690 2498 4759">
     <span class='ocr_line' id='line_1_109' title="bbox 2081 4690 2498 4759; baseline -0.012 -13"><span class='ocrx_word' id='word_1_732' title='bbox 2081 4691 2165 4746; x_wconf 89' lang='lat' dir='ltr'><strong>dis</strong></span> <span class='ocrx_word' id='word_1_733' title='bbox 2193 4690 2498 4759; x_wconf 87' lang='lat' dir='ltr'><strong>episcopus.</strong></span> 
     </span>
    </p>
   </div>
   <div class='ocr_carea' id='block_1_110' title="bbox 2216 4771 3534 4843">
    <p class='ocr_par' dir='ltr' id='par_1_110' title="bbox 2216 4771 3534 4843">
     <span class='ocr_line' id='line_1_110' title="bbox 2216 4771 3534 4843; baseline -0.011 -4"><span class='ocrx_word' id='word_1_734' title='bbox 2216 4781 2427 4839; x_wconf 83' lang='lat' dir='ltr'><strong>XXVII.</strong></span> <span class='ocrx_word' id='word_1_735' title='bbox 2463 4780 2532 4836; x_wconf 93' lang='lat' dir='ltr'><strong>Ut</strong></span> <span class='ocrx_word' id='word_1_736' title='bbox 2559 4778 2729 4835; x_wconf 84' lang='lat' dir='ltr'><strong>clerici</strong></span> <span class='ocrx_word' id='word_1_737' title='bbox 2758 4786 2988 4831; x_wconf 79' lang='lat' dir='ltr'><strong>tabernas</strong></span> <span class='ocrx_word' id='word_1_738' title='bbox 3016 4788 3119 4829; x_wconf 79' lang='lat' dir='ltr'><strong>non</strong></span> <span class='ocrx_word' id='word_1_739' title='bbox 3148 4771 3534 4843; x_wconf 81' lang='lat' dir='ltr'><strong>ingrediantur.</strong></span> 
     </span>
    </p>
   </div>
   <div class='ocr_carea' id='block_1_111' title="bbox 2156 4863 3685 4930">
    <p class='ocr_par' dir='ltr' id='par_1_111' title="bbox 2156 4863 3685 4930">
     <span class='ocr_line' id='line_1_111' title="bbox 2156 4863 3685 4930; baseline -0.008 0"><span class='ocrx_word' id='word_1_740' title='bbox 2156 4874 2225 4930; x_wconf 87' lang='lat' dir='ltr'><strong>Ut</strong></span> <span class='ocrx_word' id='word_1_741' title='bbox 2262 4874 2443 4930; x_wconf 88' lang='lat' dir='ltr'><strong>clerici</strong></span> <span class='ocrx_word' id='word_1_742' title='bbox 2482 4870 2675 4926; x_wconf 84' lang='lat' dir='ltr'><strong>edendi</strong></span> <span class='ocrx_word' id='word_1_743' title='bbox 2712 4869 2799 4922; x_wconf 89' lang='lat' dir='ltr'><strong>vel</strong></span> <span class='ocrx_word' id='word_1_744' title='bbox 2842 4865 3057 4921; x_wconf 83' lang='lat' dir='ltr'><strong>bibendi</strong></span> <span class='ocrx_word' id='word_1_745' title='bbox 3091 4878 3253 4918; x_wconf 86' lang='lat' dir='ltr'><strong>causa</strong></span> <span class='ocrx_word' id='word_1_746' title='bbox 3284 4863 3539 4917; x_wconf 81' lang='lat' dir='ltr'><strong>tabernas</strong></span> <span class='ocrx_word' id='word_1_747' title='bbox 3573 4876 3685 4918; x_wconf 89' lang='lat' dir='ltr'><strong>non</strong></span> 
     </span>
    </p>
   </div>
   <div class='ocr_carea' id='block_1_112' title="bbox 2082 4952 3464 5035">
    <p class='ocr_par' dir='ltr' id='par_1_112' title="bbox 2082 4952 3464 5035">
     <span class='ocr_line' id='line_1_112' title="bbox 2082 4952 3464 5035; baseline -0.012 -14"><span class='ocrx_word' id='word_1_748' title='bbox 2082 4965 2467 5035; x_wconf 73' lang='lat' dir='ltr'><strong>ingrediantur,</strong></span> <span class='ocrx_word' id='word_1_749' title='bbox 2500 4962 2605 5034; x_wconf 85' lang='lat' dir='ltr'><strong>nisi</strong></span> <span class='ocrx_word' id='word_1_750' title='bbox 2640 4954 3087 5029; x_wconf 84' lang='lat' dir='ltr'><strong>peregrinationis</strong></span> <span class='ocrx_word' id='word_1_751' title='bbox 3117 4952 3464 5009; x_wconf 82' lang='lat' dir='ltr'><strong>necessitate.</strong></span> 
     </span>
    </p>
   </div>
   <div class='ocr_carea' id='block_1_113' title="bbox 2085 5048 3689 5127">
    <p class='ocr_par' dir='ltr' id='par_1_113' title="bbox 2085 5048 3689 5127">
     <span class='ocr_line' id='line_1_113' title="bbox 2085 5048 3689 5127; baseline -0.009 -11"><span class='ocrx_word' id='word_1_752' title='bbox 2085 5059 2321 5116; x_wconf 83' lang='lat' dir='ltr'><strong>XXVIII.</strong></span> <span class='ocrx_word' id='word_1_753' title='bbox 2391 5056 2459 5113; x_wconf 92' lang='lat' dir='ltr'><strong>Ut</strong></span> <span class='ocrx_word' id='word_1_754' title='bbox 2512 5056 2775 5127; x_wconf 86' lang='lat' dir='ltr'><strong>episcopus</strong></span> <span class='ocrx_word' id='word_1_755' title='bbox 2825 5054 2935 5107; x_wconf 89' lang='lat' dir='ltr'><strong>sine</strong></span> <span class='ocrx_word' id='word_1_756' title='bbox 2991 5052 3225 5127; x_wconf 70' lang='lat' dir='ltr'><strong>formata</strong></span> <span class='ocrx_word' id='word_1_757' title='bbox 3292 5048 3689 5117; x_wconf 84' lang='lat' dir='ltr'><strong>metropolitani</strong></span> 
     </span>
    </p>
   </div>
   <div class='ocr_carea' id='block_1_114' title="bbox 2502 5123 3253 5198">
    <p class='ocr_par' dir='ltr' id='par_1_114' title="bbox 2502 5123 3253 5198">
     <span class='ocr_line' id='line_1_114' title="bbox 2502 5123 3253 5198; baseline -0.011 -17"><span class='ocrx_word' id='word_1_758' title='bbox 2502 5123 2701 5198; x_wconf 84' lang='lat' dir='ltr'><strong>longius</strong></span> <span class='ocrx_word' id='word_1_759' title='bbox 2736 5141 2841 5179; x_wconf 89' lang='lat' dir='ltr'><strong>non</strong></span> <span class='ocrx_word' id='word_1_760' title='bbox 2878 5123 3253 5194; x_wconf 84' lang='lat' dir='ltr'><strong>proﬁciscatur.</strong></span> 
     </span>
    </p>
   </div>
   <div class='ocr_carea' id='block_1_115' title="bbox 2162 5211 3685 5291">
    <p class='ocr_par' dir='ltr' id='par_1_115' title="bbox 2162 5211 3685 5291">
     <span class='ocr_line' id='line_1_115' title="bbox 2162 5211 3685 5291; baseline -0.01 -12"><span class='ocrx_word' id='word_1_761' title='bbox 2162 5223 2229 5279; x_wconf 84' lang='lat' dir='ltr'><strong>Ut</strong></span> <span class='ocrx_word' id='word_1_762' title='bbox 2275 5220 2516 5291; x_wconf 88' lang='lat' dir='ltr'><strong>episcopi</strong></span> <span class='ocrx_word' id='word_1_763' title='bbox 2557 5229 2703 5273; x_wconf 88' lang='lat' dir='ltr'><strong>trans</strong></span> <span class='ocrx_word' id='word_1_764' title='bbox 2742 5231 2889 5270; x_wconf 89' lang='lat' dir='ltr'><strong>mare</strong></span> <span class='ocrx_word' id='word_1_765' title='bbox 2933 5229 3039 5269; x_wconf 91' lang='lat' dir='ltr'><strong>non</strong></span> <span class='ocrx_word' id='word_1_766' title='bbox 3090 5211 3528 5284; x_wconf 81' lang='lat' dir='ltr'><strong>proﬁciscantur,</strong></span> <span class='ocrx_word' id='word_1_767' title='bbox 3574 5225 3685 5264; x_wconf 64' lang='lat' dir='ltr'><strong>mat</strong></span> 
     </span>
    </p>
   </div>
   <div class='ocr_carea' id='block_1_116' title="bbox 2084 5304 3690 5381">
    <p class='ocr_par' dir='ltr' id='par_1_116' title="bbox 2084 5304 3690 5381">
     <span class='ocr_line' id='line_1_116' title="bbox 2084 5304 3690 5381; baseline -0.009 -10"><span class='ocrx_word' id='word_1_768' title='bbox 2084 5315 2331 5371; x_wconf 89' lang='lat' dir='ltr'><strong>consulto</strong></span> <span class='ocrx_word' id='word_1_769' title='bbox 2376 5312 2563 5381; x_wconf 64' lang='lat' dir='ltr'><strong>prima:</strong></span> <span class='ocrx_word' id='word_1_770' title='bbox 2608 5310 2749 5367; x_wconf 90' lang='lat' dir='ltr'><strong>sedis</strong></span> <span class='ocrx_word' id='word_1_771' title='bbox 2798 5308 3053 5377; x_wconf 88' lang='lat' dir='ltr'><strong>episcopo</strong></span> <span class='ocrx_word' id='word_1_772' title='bbox 3095 5320 3209 5361; x_wconf 70' lang='lat' dir='ltr'><strong>suae</strong></span> <span class='ocrx_word' id='word_1_773' title='bbox 3246 5304 3512 5375; x_wconf 80' lang='lat' dir='ltr'><strong>cujusque</strong></span> <span class='ocrx_word' id='word_1_774' title='bbox 3556 5317 3690 5372; x_wconf 86' lang='lat' dir='ltr'><strong>pro-</strong></span> 
     </span>
    </p>
   </div>
   <div class='ocr_carea' id='block_1_117' title="bbox 2086 5394 3681 5470">
    <p class='ocr_par' dir='ltr' id='par_1_117' title="bbox 2086 5394 3681 5470">
     <span class='ocr_line' id='line_1_117' title="bbox 2086 5394 3681 5470; baseline -0.006 -11"><span class='ocrx_word' id='word_1_775' title='bbox 2086 5406 2276 5461; x_wconf 66' lang='lat' dir='ltr'><strong>vinciae</strong></span> <span class='ocrx_word' id='word_1_776' title='bbox 2296 5446 2310 5469; x_wconf 96' lang='lat'><strong>,</strong></span> <span class='ocrx_word' id='word_1_777' title='bbox 2358 5412 2415 5457; x_wconf 92' lang='lat' dir='ltr'><strong>ut</strong></span> <span class='ocrx_word' id='word_1_778' title='bbox 2445 5402 2514 5457; x_wconf 86' lang='lat' dir='ltr'><strong>ab</strong></span> <span class='ocrx_word' id='word_1_779' title='bbox 2542 5416 2608 5457; x_wconf 91' lang='lat' dir='ltr'><strong>eo</strong></span> <span class='ocrx_word' id='word_1_780' title='bbox 2638 5397 2903 5470; x_wconf 72' lang='lat' dir='ltr'><strong>prmcipue</strong></span> <span class='ocrx_word' id='word_1_781' title='bbox 2935 5397 3105 5467; x_wconf 88' lang='lat' dir='ltr'><strong>possit</strong></span> <span class='ocrx_word' id='word_1_782' title='bbox 3134 5410 3353 5451; x_wconf 86' lang='lat' dir='ltr'><strong>sumere</strong></span> <span class='ocrx_word' id='word_1_783' title='bbox 3382 5394 3681 5449; x_wconf 87' lang='lat' dir='ltr'><strong>formatam</strong></span> 
     </span>
    </p>
   </div>
   <div class='ocr_carea' id='block_1_118' title="bbox 2088 5494 2752 5554">
    <p class='ocr_par' dir='ltr' id='par_1_118' title="bbox 2088 5494 2752 5554">
     <span class='ocr_line' id='line_1_118' title="bbox 2088 5494 2752 5554; baseline -0.006 -4"><span class='ocrx_word' id='word_1_784' title='bbox 2088 5500 2168 5554; x_wconf 89' lang='lat' dir='ltr'><strong>vel</strong></span> <span class='ocrx_word' id='word_1_785' title='bbox 2209 5494 2752 5552; x_wconf 84' lang='lat' dir='ltr'><strong>commendationem.</strong></span> 
     </span>
    </p>
   </div>
   <div class='ocr_carea' id='block_1_119' title="bbox 2341 5582 3427 5655">
    <p class='ocr_par' dir='ltr' id='par_1_119' title="bbox 2341 5582 3427 5655">
     <span class='ocr_line' id='line_1_119' title="bbox 2341 5582 3427 5655; baseline -0.006 -14"><span class='ocrx_word' id='word_1_786' title='bbox 2341 5584 2534 5641; x_wconf 86' lang='lat' dir='ltr'><strong>XXIX.</strong></span> <span class='ocrx_word' id='word_1_787' title='bbox 2566 5583 2633 5641; x_wconf 89' lang='lat' dir='ltr'><strong>Ut</strong></span> <span class='ocrx_word' id='word_1_788' title='bbox 2659 5585 2813 5639; x_wconf 83' lang='lat' dir='ltr'><strong>missa</strong></span> <span class='ocrx_word' id='word_1_789' title='bbox 2843 5600 2875 5636; x_wconf 90' lang='lat' dir='ltr'><strong>a</strong></span> <span class='ocrx_word' id='word_1_790' title='bbox 2898 5582 3095 5655; x_wconf 78' lang='lat' dir='ltr'><strong>jejunis</strong></span> <span class='ocrx_word' id='word_1_791' title='bbox 3124 5582 3427 5637; x_wconf 86' lang='lat' dir='ltr'><strong>celebretur.</strong></span> 
     </span>
    </p>
   </div>
   <div class='ocr_carea' id='block_1_120' title="bbox 2164 5670 3684 5744">
    <p class='ocr_par' dir='ltr' id='par_1_120' title="bbox 2164 5670 3684 5744">
     <span class='ocr_line' id='line_1_120' title="bbox 2164 5670 3684 5744; baseline -0.007 -7"><span class='ocrx_word' id='word_1_792' title='bbox 2164 5681 2233 5738; x_wconf 90' lang='lat' dir='ltr'><strong>Ut</strong></span> <span class='ocrx_word' id='word_1_793' title='bbox 2281 5687 2615 5735; x_wconf 83' lang='lat' dir='ltr'><strong>sacramenta</strong></span> <span class='ocrx_word' id='word_1_794' title='bbox 2669 5676 2857 5732; x_wconf 89' lang='lat' dir='ltr'><strong>altaris</strong></span> <span class='ocrx_word' id='word_1_795' title='bbox 2886 5691 2992 5731; x_wconf 91' lang='lat' dir='ltr'><strong>non</strong></span> <span class='ocrx_word' id='word_1_796' title='bbox 3023 5675 3122 5731; x_wconf 88' lang='lat' dir='ltr'><strong>nisi</strong></span> <span class='ocrx_word' id='word_1_797' title='bbox 3154 5688 3182 5728; x_wconf 88' lang='lat' dir='ltr'><strong>a</strong></span> <span class='ocrx_word' id='word_1_798' title='bbox 3210 5672 3413 5744; x_wconf 84' lang='lat' dir='ltr'><strong>jejunis</strong></span> <span class='ocrx_word' id='word_1_799' title='bbox 3442 5670 3684 5727; x_wconf 80' lang='lat' dir='ltr'><strong>homini-</strong></span> 
     </span>
    </p>
   </div>
   <div class='ocr_carea' id='block_1_121' title="bbox 2091 5760 3691 5837">
    <p class='ocr_par' dir='ltr' id='par_1_121' title="bbox 2091 5760 3691 5837">
     <span class='ocr_line' id='line_1_121' title="bbox 2091 5760 3691 5837; baseline -0.009 -6"><span class='ocrx_word' id='word_1_800' title='bbox 2091 5774 2189 5831; x_wconf 88' lang='lat' dir='ltr'><strong>bus</strong></span> <span class='ocrx_word' id='word_1_801' title='bbox 2244 5772 2620 5835; x_wconf 82' lang='lat' dir='ltr'><strong>celebrentur;</strong></span> <span class='ocrx_word' id='word_1_802' title='bbox 2676 5782 2798 5823; x_wconf 88' lang='lat' dir='ltr'><strong>nam</strong></span> <span class='ocrx_word' id='word_1_803' title='bbox 2850 5767 2897 5823; x_wconf 89' lang='lat' dir='ltr'><strong>si</strong></span> <span class='ocrx_word' id='word_1_804' title='bbox 2945 5766 3249 5837; x_wconf 85' lang='lat' dir='ltr'><strong>aliquorum</strong></span> <span class='ocrx_word' id='word_1_805' title='bbox 3306 5760 3691 5834; x_wconf 82' lang='lat' dir='ltr'><strong>pomeridiano</strong></span> 
     </span>
    </p>
   </div>
  </div>
