3870 6332
215 373 308 431 193

219 489 295 561 [tu
323 482 514 543 (.‘o‘dd.,
543 470 975 547 promeridiano]
1010 480 1253 539 tempore
1270 467 1668 528 defunctorum,
1694 460 1811 516 sive
1842 462 1893 523 Α
1919 454 2059 557 quod
2108 452 2263 505 nobis

217 554 582 651 episcoporum
615 574 728 627 sive
763 558 1536 630 caeterorum,commendatio
1567 554 1811 611 facienda

216 686 317 742 est,
369 674 502 730 solis
550 668 892 727 orationibus
935 666 1057 731 fiat,
1101 662 1145 716 si
1188 660 1265 715 illi
1315 660 1403 728 qui
1448 655 1657 711 faciunt
1704 651 1812 722 jam

220 768 395 840 pransi
430 764 795 821 inveniuntur.

425 858 595 914 XXX.
635 854 702 911 Ut
736 854 913 907 nullus
947 852 996 904 in
1029 849 1242 904 ecclesia
1270 846 1586 901 conriretur.

284 952 348 1007 [ι
398 952 529 1005 nulli
562 947 805 1019 episcopi
840 945 920 998 vel
955 942 1136 997 clerici
1171 942 1221 993 in
1259 938 1484 992 ecclesia
1517 932 1815 988 conviven-

218 1053 314 1105 tur,
362 1045 460 1097 nisi
513 1044 653 1095 forte
689 1046 1032 1092 transeuntes
1080 1030 1443 1095 ὴοεμίιίοτυηι
1488 1023 1817 1079 necessitate

216 1134 321 1189 illic
350 1134 597 1189 reficiant
625 1148 637 1185 :
669 1129 847 1197 populi
880 1128 1040 1181 etiam
1072 1125 1136 1177 ab
1170 1119 1475 1189 hujusmodi
1509 1118 1666 1186 132
1686 1128 1817 1169 con-

213 1226 359 1277 vitiis
388 1232 647 1293 quantum
684 1222 795 1274 fieri
829 1228 1005 1289 potest
1038 1215 1443 1286 prohibeantur.

214 1317 397 1373 XXXI.
432 1317 499 1371 Ut
536 1314 893 1386 pwnitenlibus
922 1314 1079 1432 λυπῇ]
1112 1318 1375 1375 peccatum
1429 1304 1613 1357 modus
1655 1300 1815 1371 paeni-

831 1395 1003 1432 tenmr
1069 1392 1201 1432 elur.

831 1395 1003 1437 tentia:
1034 1392 1201 1435 detur.

284 1484 346 1539 Et
369 1481 758 1552 paenitentibus
776 1476 1070 1532 secundum
1091 1470 1451 1527 differentiam
1473 1475 1812 1538 peccatorum

218 1575 450 1641 episcopi
482 1571 712 1627 arbitrio
741 1567 1078 1639 poenitentia:
1110 1572 1351 1632 tempora
1386 1560 1771 1614 decernautur.

213 1665 421 1721 XXXII.
461 1664 530 1719 Ut
586 1663 846 1732 presbyter
894 1658 1332 1732 praterjussum
1390 1654 1469 1706 vel
1533 1652 1815 1705 absentiam

471 1728 698 1804 episcopi
727 1728 831 1785 non
861 1728 1155 1783 reconciliet
1189 1728 1536 1793 paenitentem.

276 1832 344 1886 Ut
376 1828 659 1899 presbyter
689 1823 997 1880 inconsulto
1036 1822 1297 1890 episcopo
1337 1832 1445 1873 non
1490 1812 1809 1871 reconciliet
1846 1834 1892 1895 Β

210 1924 594 1996 paenitentem,
628 1919 733 1975 nisi
764 1916 1014 1972 absentia
1057 1912 1296 1984 episcopi
1342 1910 1669 1965 necessitate
1711 1921 1811 1961 co-

212 2026 406 2088 gente:
462 2015 838 2083 cujuscunque
867 2018 1047 2063 autem
1092 2004 1409 2077 pmnitentis
1450 2002 1720 2071 publicum
1764 2010 1817 2053 et

209 2110 634 2181 Vulgatissimum
667 2109 875 2161 crimen
910 2116 1023 2168 est,
1071 2100 1217 2171 quod
1266 2098 1573 2153 universam
1622 2096 1815 2149 Eccle-

208 2203 333 2258 siam
375 2201 777 2263 commoverit;
822 2206 949 2252 ante
992 2194 1237 2249 absidam
1269 2201 1296 2229 ⁸ι
1327 2206 1521 2246 manus
1551 2190 1599 2244 ei
1636 2189 1814 2259 impo-

209 2305 377 2351 natur.

386 2385 632 2444 XXXIII.
667 2386 747 2441 De
777 2385 1012 2439 custodia
1042 2398 1306 2437 sacrarunt
1336 2380 1614 2450 virginum.

276 2480 343 2537 Ut
372 2483 610 2550 virgines
643 2492 837 2542 sacrae,
869 2475 915 2530 si
942 2491 972 2529 a
1001 2473 1320 2545 parentibus
1346 2486 1374 2525 a
1407 2472 1601 2540 quibus
1630 2476 1813 2523 custo-

210 2571 485 2627 diebantur
514 2569 745 2641 privata).
779 2568 1018 2633 fuerint,
1050 2566 1292 2635 episcopi
1335 2561 1676 2633 providentia
1724 2561 1812 2615 vel

207 2663 500 2734 presbyteri
552 2662 645 2716 ubi
702 2663 993 2729 cpiscopus
1047 2658 1246 2714 absens
1301 2663 1420 2719 est,
1478 2652 1810 2708 monasterio

206 2748 231 2789 δ
271 2754 530 2823 virginum
577 2752 661 2806 vel
704 2749 1043 2820 gravioribus
1088 2746 1305 2803 feminis
1335 2742 1803 2807 commendentur,

206 2851 256 2897 ut
286 2844 441 2898 simul
479 2842 787 2897 habitantes
824 2840 1055 2895 invicem
1099 2854 1161 2895 se
1201 2837 1537 2900 custodiant,
1572 2850 1639 2891 ne
1681 2848 1808 2904 pas-

208 2935 300 2991 sim
334 2936 575 3005 vagando
604 2935 862 2990 Ecclesire
888 2933 1083 2988 laedant
1112 2930 1451 3001 opinionem.

306 3026 545 3081 XXXIV.
584 3026 661 3081 De
691 3027 1013 3097 baptizandis
1045 3026 1252 3095 a'grotis
1284 3026 1372 3093 qui
1391 3026 1511 3094 jam
1543 3022 1684 3093 loqui

810 3113 913 3152 non
941 3106 1173 3166 possunt.

1112 351 1391 411 AFRICJ‘J
1428 344 1773 405 CONCILIA.
1816 370 1888 383 —-
1923 329 2512 396 CARTIIAGINENSE
2553 322 2641 387 III.

3430 327 3531 382 194

2312 447 2623 503 mandatum
2673 450 2776 510 est,
2828 451 2885 496 ut
2912 440 3211 511 dignemini
3240 440 3371 497 dare
3400 442 3533 496 fidu-

1916 549 2091 603 ciam:
2119 546 2370 614 quoniam
2421 538 2539 611 [U.,
2589 531 2886 607 qtomodo]
2929 533 3256 589 necessitate
3288 533 3402 603 ipsa
3435 550 3526 589 eu-

1918 652 2098 711 gente,
2130 638 2359 692 liberum
2394 633 2550 688 nobis
2582 630 2649 684 sit
2677 638 2945 683 rectorem
2992 624 3285 695 provincia:
3329 638 3528 680 secun-

1920 733 2044 785 dum
2096 738 2293 783 statuta
2339 722 2857 795 gloriosissimorum
2918 717 3221 787 principum
3274 716 3534 772 adversus

1919 826 2067 881 illum
2101 823 2276 886 adire,
2322 829 2381 874 ut
2424 818 2515 887 qui
2562 816 2676 871 miti
2708 806 3068 869 admonitioni
3105 814 3413 867 sanctitatis
3445 828 3535 869 ve-

1921 926 2015 971 trae
2044 914 2393 983 acquiescere
2416 910 2587 964 noluit
2612 918 2668 963 et
2690 906 2986 962 emendare
3008 905 3283 968 illicitum,
3303 909 3537 959 auctort~

1920 1018 2029 1064 tate
2057 1008 2351 1076 judiciaria
2384 1007 2633 1075 protinus
2663 1002 3007 1057 excludatur.
3042 999 3297 1054 Aurelius
3324 1001 3536 1067 episco~

1922 1117 2019 1170 pus
2047 1101 2181 1154 dixit
2209 1117 2222 1153 :
2250 1100 2475 1155 Servata
2506 1098 2675 1151 forma
2712 1095 3009 1165 disciplina":
3038 1108 3146 1147 non
3182 1093 3539 1147 azstimabitor

1918 1194 2192 1264 appetitus
2241 1195 2285 1247 si
2327 1210 2355 1246 a
2392 1204 2567 1245 vestra
2617 1190 2887 1245 charitate
2942 1187 3191 1242 modeste
3238 1198 3538 1241 conventus

1920 1288 2176 1342 recedere
2204 1285 2614 1350 detrectaverit,
2647 1298 2769 1338 cum
2806 1281 2965 1334 fuerit.
2993 1294 3092 1332 suo
3135 1286 3451 1344 contemptu
3483 1285 3539 1330 et

1918 1382 2285 1443 contumacia,
2337 1380 2569 1433 faciente
2625 1380 2787 1429 etiam
2837 1372 3161 1428 auctoritate
3214 1370 3536 1440 iudiciaria,

1920 1469 2567 1526 conventus.llonoratus
2599 1477 2651 1523 et
2687 1467 2937 1521 Urbanus
2978 1463 3219 1534 episcopi
3248 1462 3537 1517 dixerunt:

1920 1561 2033 1617 Hoc
2086 1577 2216 1632 ergo
2273 1562 2527 1614 omnibus
2574 1559 2784 1628 placet?
2819 1556 2901 1611 Ab
2953 1556 3221 1611 universis
3269 1554 3538 1625 episcopis

1918 1657 2123 1711 dictum
2150 1665 2233 1710 εει
2263 1673 2276 1707 :
2308 1654 2519 1708 Justum
2552 1663 2655 1717 est,
2685 1652 2880 1719 placet.

1918 1745 2166 1802 XXXIX.
2224 1745 2292 1800 Ut
2346 1762 2447 1799 non
2502 1754 2817 1883 pra’sun‘i’timt
2869 1743 2975 1796 duo
3024 1739 3255 1811 episcOpi
3294 1741 3540 1795 ordinare

2571 1827 2711 1883 ponti
2758 1832 2886 1869 cem.

2571 1827 2886 1886 pontificem.

2001 1914 2309 1967 Honoratus
2341 1919 2395 1965 et
2429 1910 2680 1964 Urbanus
2725 1908 2965 1977 episc0pi
2996 1906 3251 1960 dixerunt
3279 1904 3382 1958 :Et
3412 1904 3539 1958 illud

1922 2006 2077 2062 nobis
2106 2004 2418 2058 mandatum
2450 2012 2556 2065 est,
2588 2012 2645 2054 ut
2668 2000 2801 2069 .quia
2827 1998 3073 2069 proxime
3100 1995 3259 2068 [T3,
3286 1994 3540 2067 proximi]

1921 2097 2120 2153 fratres
2154 2096 2321 2150 nostri
2355 2093 2623 2148 Numidia:
2676 2093 2783 2145 duo
2828 2090 3066 2159 episc0pi
3118 2090 3373 2145 ordinare
3403 2104 3541 2159 pre-

1921 2194 2279 2256 sumpserunt
2314 2187 2649 2256 pontificem,
2696 2200 2802 2238 non
2856 2182 2959 2235 nisi
3010 2196 3039 2235 a
3089 2182 3375 2237 duodecim
3407 2197 3538 2238 ceu.-

1918 2280 2087 2333 seatis
2119 2278 2501 2348 episcoporum
2535 2276 2800 2331 celebrari
2836 2275 3233 2329 ordinationes.
3285 2274 3539 2330 Aurelius

1916 2375 2207 2443 episcopus
2254 2372 2429 2427 dixit:
2461 2372 2653 2426 Forma
2702 2374 2920 2441 antiqua
2970 2368 3302 2434 servabitur,
3335 2380 3390 2422 ut
3432 2384 3538 2424 non

1917 2470 2095 2523 minus
2126 2482 2286 2538 quam
2319 2477 2429 2521 tres
2460 2466 2755 2531 sufficiant,
2790 2464 2880 2534 qui
2910 2464 3112 2518 fuerint
3160 2478 3190 2516 a
3221 2464 3539 2532 metropoli.-

1917 2568 2045 2612 tano
2074 2558 2333 2623 ordinati,
2364 2557 2428 2611 ad
2462 2558 2776 2625 episc0pom
2810 2553 3211 2619 ordinandum;
3247 2562 3536 2623 propterea

1914 2653 2039 2721 quia
2072 2651 2126 2704 in
2159 2650 2365 2719 Tripoli
2403 2649 2544 2704 forte
2567 2658 2620 2703 et
2649 2648 2701 2701 in
2734 2651 2947 2716 Arzuge
2979 2646 3063 2718 [Τ.
3096 2645 3149 2712 2,
3189 2633 3417 2719 Ariure]
3452 2647 3531 2701 itt-

1914 2741 2180 2811 terjacere
2213 2742 2501 2795 videantur
2544 2739 2793 2793 barbarae
2824 2747 3047 2807 gentes;
3084 2754 3205 2792 nam
3238 2746 3296 2792 et
3326 2739 3378 2791 in
3412 2736 3526 2793 Tri-

1911 2835 2043 2905 poli,
2074 2845 2132 2889 ut
2157 2835 2421 2890 asseritur
2452 2831 2598 2904 LE,
2631 2831 2848 2901 fertur],
2873 2832 3113 2900 episcopi
3148 2843 3274 2886 sunt
3297 2831 3539 2901 quinque

1913 2936 2124 2983 tantum
2158 2938 2214 2983 et
2242 2936 2471 2995 possunt
2495 2928 2563 2981 de
2591 2927 2708 2995 ipso
2740 2939 2971 2979 numero
3020 2925 3161 2979 forte
3191 2925 3273 2979 vel
3305 2925 3413 2978 duo
3445 2939 3541 2979 ne-

1914 3022 2172 3076 cessitate
2220 3022 2400 3090 aliqua
2452 3018 2730 3089 occupari,
2784 3016 3007 3072 difficile
3058 3032 3142 3071 est
3188 3018 3333 3072 enim
3382 3028 3437 3069 ut
3469 3019 3539 3072 de

1911 3114 2161 3184 quolibet
2192 3129 2424 3169 numero
2457 3126 2651 3167 omnes
2682 3111 2891 3180 possint
2922 3124 3212 3164 occurrere
3243 3125 3255 3162 :
3287 3110 3526 3179 nunquid

268 3188 337 3244 I’Jt
364 3199 695 3260 agrotantes
720 3190 767 3245 si
798 3204 895 3258 pro
924 3203 983 3244 se
1014 3187 1348 3258 respondere
1394 3201 1500 3280 non
1540 3194 1801 3280 possum:
1832 3218 1881 3280 ο
1913 3207 2073 3262 debet
2108 3208 2208 3262 hoc
2242 3209 2417 3277 ipsum
2444 3206 2836 3272 impedimento
2863 3218 2984 3258 esse
3006 3204 3396 3261 ecclesiastica:
3426 3204 3538 3257 uti.

204 3293 315 3336 cum
373 3280 667 3336 voluntatis
723 3295 915 3337 eorum
966 3281 1341 3336 testimonium
1391 3279 1472 3333 sui
1527 3277 1801 3345 dixerint,

204 3370 527 3441 baptizentur
564 3382 611 3425 ε.

205 3465 415 3524 XXXV.
447 3466 513 3523 Ut
546 3466 847 3536 apostaticis
868 3475 916 3521 et
937 3466 1149 3521 scenicis
1179 3463 1434 3520 conversis
1458 3461 1808 3517 reconciliatio

794 3554 898 3593 non
925 3548 1159 3608 negetur.

268 3632 335 3688 Ut
376 3634 609 3689 scenicis
653 3642 816 3702 atque
859 3630 1219 3685 histrionibus
1265 3629 1590 3696 caeterisque
1618 3624 1810 3693 hujus-

205 3730 337 3784 modi
373 3730 650 3799 personis,
684 3728 770 3783 vel
806 3725 1117 3797 apostaticis
1150 3722 1433 3778 conversis
1460 3721 1544 3776 vel
1573 3720 1809 3777 reversis

206 3824 263 3876 Id
293 3823 459 3878 Deum
491 3822 663 3893 gratia
697 3821 783 3877 vel
817 3819 1184 3876 reconciliatio
1213 3833 1319 3872 non
1350 3824 1597 3887 negetur.

340 3914 586 3969 XXXVI.
624 3914 694 3968 Ut
726 3913 987 3982 presbyter
1019 3912 1242 3965 chrisma
1272 3926 1371 3963 non
1402 3909 1661 3974 conﬁciat.

272 4004 339 4065 Ut
372 4009 663 4080 presbyter
700 4021 807 4061 non
839 4010 1087 4061 consulto
1127 4002 1383 4074 episcopo
1426 4003 1660 4071 virgines
1702 4014 1808 4055 non

210 4111 492 4157 consecret
523 4120 537 4165 ;
570 4100 810 4155 chrisma
844 4113 975 4154 vero
1008 4111 1282 4167 nunquam
1314 4094 1588 4150 conficiat.

231 4193 496 4250 XXXVII.
534 4193 602 4250 Ut
633 4194 805 4249 clerici
837 4196 946 4275 sine
976 4192 1275 4246 necessitate
1303 4190 1358 4244 in
1384 4190 1557 4243 aliena
1587 4186 1787 4241 civitate

758 4281 858 4318 non
891 4272 1246 4318 immorentur.

273 4357 345 4415 Ut
380 4358 566 4414 clerici
598 4358 650 4411 in
683 4358 859 4412 aliena
893 4357 1112 4412 civitate
1143 4370 1249 4410 non
1292 4354 1672 4419 immorentur,
1708 4352 1811 4406 nisi

208 4464 395 4506 causas
434 4466 621 4505 eorum
664 4448 841 4519 justas
883 4449 1173 4519 episcopus
1217 4447 1319 4502 loci
1360 4445 1443 4501 vel
1472 4444 1815 4515 presbyteres

210 4542 450 4599 locorum
484 4542 830 4611 perviderint.

214 4660 365 4732 133
395 4656 687 4714 XXXVIII.
726 4655 793 4713 Ut
822 4672 925 4711 non
956 4656 1105 4709 liceat
1135 4654 1248 4723 ﬁeri
1278 4651 1644 4707 translationes
1697 4651 1813 4721 epi-

863 4742 1158 4797 scaporum.

280 4827 416 4882 Illud
465 4835 639 4882 autem
690 4825 1026 4896 suggerimus
1074 4823 1392 4879 mandatum
1438 4821 1619 4888 nobis,
1673 4819 1815 4890 quod

214 4917 373 4971 etiam
406 4919 460 4972 in
489 4917 757 4988 Capuensi
786 4916 1022 4986 plenaria
1055 4917 1265 4987 synodo
1293 4913 1504 4971 videtur
1530 4920 1815 4977 statutum,

216 5019 270 5066 ut
290 5027 399 5067 non
430 5012 586 5067 liceat
616 5011 734 5067 fieri
768 5010 1246 5080 rebaptizationes,
1278 5008 1711 5065 reordinationes
1735 5008 1815 5061 vel

218 5106 595 5162 translationes
641 5105 1019 5175 episcoporum
1048 5124 1059 5158 :
1089 5121 1210 5159 nam
1250 5104 1563 5159 Crisconius
1594 5102 1820 5157 Villare-

217 5199 415 5267 giensis
444 5199 754 5271 episcopus,
788 5199 943 5269 plebe
972 5214 1068 5255 sua
1097 5200 1379 5267 derelicta,
1414 5198 1819 5254 Tubuniensem

220 5288 327 5361 [τη
355 5292 416 5356 2,
446 5291 869 5365 Tuguniensem]
896 5293 1092 5347 invasit
1138 5292 1449 5358 ecclesiam,
1484 5303 1535 5346 ot
1566 5305 1736 5360 usque
1770 5290 1819 5343 in

222 5378 379 5439 hodie
409 5388 773 5441 commonitus
815 5385 1114 5442 secundum
1145 5386 1289 5454 quod
1323 5393 1585 5440 statutum
1621 5384 1819 5451 fuerat,

221 5475 522 5546 relinquere
548 5479 798 5535 eamdem
822 5494 982 5550 quam
1008 5479 1278 5533 invaserat
1313 5478 1526 5548 plebem
1574 5487 1822 5533 contem-

222 5569 344 5637 psit.
376 5569 651 5629 Adversus
674 5573 833 5629 istum
864 5588 985 5641 quae
1012 5573 1352 5643 pronuntiata
1384 5571 1597 5628 fuerant
1626 5571 1826 5626 confir-

224 5672 365 5716 mata
414 5664 629 5733 quidem
675 5665 1020 5731 audivimus;
1074 5664 1169 5720 sed
1214 5666 1470 5735 petimus,
1522 5663 1822 5719 secundum

451 5779 513 5835 Α.
541 5820 559 5848 ,
593 5779 658 5835 Ε.
694 5779 760 5850 5,
802 5780 1077 5837 invenitur
1114 5790 1243 5836 nota
1284 5779 1602 5851 marginalis
1628 5796 1641 5833 :
1671 5779 1726 5834 id
1753 5786 1827 5834 est

298 5918 326 5958 δ
366 5921 451 5979 Ex
482 5922 547 5982 U.
579 5923 638 5981 In
668 5926 733 5983 Α.
764 5934 820 5985 et
848 5924 1075 5998 reliquis
1101 5942 1114 5984 :
1146 5939 1241 5997 pro
1268 5924 1603 5982 monasterio.

1917 3299 2093 3353 litati?
2122 3298 2253 3353 Nam
2287 3306 2342 3353 et
2381 3298 2433 3352 in
2464 3297 2564 3351 hac
2595 3295 2859 3358 Ecclesia,
2891 3295 2955 3347 ad
2986 3309 3146 3363 quam
3193 3296 3406 3365 dignata
3451 3305 3536 3350 est
3586 3292 3589 3299 λ

1915 3391 2176 3445 sanctitas
2205 3399 2384 3444 vestra
2432 3387 2747 3452 convenire,
2779 3387 2972 3441 crebro
3003 3400 3066 3438 ac
3099 3400 3234 3454 pene
3266 3400 3361 3455 per
3389 3386 3531 3441 diem

1916 3485 2245 3539 dominicam
2286 3481 2616 3536 ordiuandos
2667 3479 2931 3534 habemus
2962 3497 2974 3533 :
3004 3480 3372 3549 nunquidnam
3431 3480 3536 3536 fre-

1915 3585 2145 3646 quenter
2178 3585 2369 3643 potero
2399 3573 2686 3627 duodecim
2722 3573 2807 3627 vel
2854 3572 3045 3627 decem
3078 3573 3160 3627 vel
3210 3589 3316 3626 non
3366 3573 3537 3628 multo

1917 3672 2096 3724 minus
2130 3667 2396 3722 advocare
2424 3666 2754 3735 episc0pos?
2789 3664 2884 3720 sed
2933 3664 3089 3719 facile
3121 3675 3203 3718 est
3240 3664 3369 3719 mihi
3400 3665 3537 3719 duos

1920 3763 2219 3831 adjungere
2264 3775 2401 3815 mea:
2438 3758 2685 3828 parvitati
2732 3759 2979 3813 vicinos:
3012 3756 3172 3828 135
3210 3767 3538 3827 quapropter

1918 3855 2090 3909 cernit
2120 3869 2331 3909 mecum
2374 3853 2615 3907 cliaritas
2661 3863 2841 3906 vestra
2892 3852 2995 3906 hoc
3045 3852 3222 3920 ipsum
3254 3850 3533 3907 observari

1918 3964 2025 4002 non
2058 3962 2241 4017 posse.

1918 4037 2030 4093 XL.
2070 4037 2137 4093 Ut
2157 4038 2279 4091 dum
2306 4037 2575 4107 episcopus
2602 4035 2804 4105 eligitur
2826 4036 2871 4088 si
2898 4036 3299 4092 contradictores
3331 4038 3534 4105 habeat,

2266 4110 2487 4180 quinque
2509 4113 2797 4162 sacerdotes
2824 4110 3151 4164 conveniant.

1993 4204 2063 4259 Et
2095 4203 2227 4260 illud
2256 4216 2338 4258 est
2366 4202 2740 4268 statuendum,
2773 4213 2829 4257 ut
2875 4204 3089 4273 quando
3121 4204 3185 4257 ad
3232 4203 3536 4274 eligendum

1919 4300 2238 4368 episcopum
2268 4297 2713 4360 convenerimus,
2762 4297 2807 4350 si
2852 4313 2955 4365 qua
2987 4298 3344 4352 contradictio
3379 4299 3542 4353 fuerit

1921 4395 2133 4459 oborta,
2165 4392 2289 4462 quia
2324 4391 2447 4445 talia
2491 4390 2625 4445 facta
2677 4398 2805 4444 sunt
2837 4390 2976 4459 apud
3020 4406 3143 4455 nos,
3194 4406 3298 4445 non
3330 4406 3538 4459 prmsu-

1923 4498 2075 4545 mant
2119 4488 2186 4542 ad
2238 4486 2574 4558 purgandum
2624 4502 2746 4540 eum
2796 4488 2885 4554 qui
2941 4485 3277 4539 ordinandus
3311 4495 3395 4540 est
3427 4496 3538 4541 tres

1769 4650 1781 4660 .
1840 4583 2055 4655 Djam,
2111 4582 2205 4637 sed
2268 4580 2611 4649 postulentur
2654 4578 2720 4631 ad
2776 4593 3061 4631 numerum
3105 4577 3538 4645 supradictorum

1919 4679 2026 4733 duo
2054 4678 2135 4733 vel
2170 4686 2301 4743 tres,
2356 4683 2410 4729 et
2460 4674 2512 4727 in
2563 4674 2753 4728 eadem
2789 4672 2946 4741 plebe
2980 4674 3065 4725 cui
3096 4673 3429 4726 ordinandus
3456 4682 3540 4727 est

1921 4773 2281 4831 discutiantur
2303 4770 2476 4840 primo
2502 4782 2747 4839 personae
2775 4767 3291 4833 contradicentium,
3318 4778 3541 4837 postre-

1921 4882 2011 4922 mo
2042 4865 2128 4919 illa
2163 4864 2325 4919 etiam
2351 4876 2471 4931 quzc
2501 4858 2834 4929 objiciuntur
2862 4867 3298 4925 pertractentur;
3331 4870 3382 4913 et
3414 4875 3537 4913 cum

1926 4968 2181 5031 purgatus
2238 4956 2398 5011 fuerit
2444 4956 2547 5008 sub
2598 4961 2892 5021 conspectu
2938 4951 3179 5021 publico,
3216 4953 3289 5006 ita
3322 4953 3539 5008 detnum

1925 5052 2227 5107 ordinetur.
2258 5049 2313 5103 Si
2350 5052 2451 5102 hoc
2481 5062 2603 5102 cum
2641 5058 2833 5102 vestra:
2864 5046 3170 5102 sanctitatis
3196 5047 3383 5101 animo
3416 5064 3545 5101 con-

1925 5141 2131 5206 cordat,
2188 5141 2478 5193 roboretur
2534 5148 2730 5192 vestra:
2788 5137 3120 5205 dignationis
3162 5138 3539 5207 responsione.

1926 5238 2008 5292 Ab
2039 5236 2308 5290 universis
2339 5234 2607 5302 episcopis
2638 5232 2843 5287 dictum
2879 5244 2961 5287 est
2988 5250 3001 5287 :
3026 5232 3169 5288 Satis
3198 5234 3396 5303 placet.

1926 5330 2064 5387 XLI.
2117 5331 2182 5385 Ut
2216 5348 2303 5395 rer
2350 5329 2584 5399 singulos
2623 5345 2785 5382 annos
2814 5328 3163 5381 convenientes
3211 5327 3437 5397 episcopi
3480 5326 3549 5377 ml

2002 5405 2276 5456 concilium
2312 5403 2463 5455 etiam
2510 5401 2573 5453 de
2614 5399 2846 5469 paschali
2893 5401 3215 5454 solemnitate
3257 5417 3287 5452 a
3330 5401 3549 5470 primum

2000 5493 2095 5529 suo
2126 5476 2485 5544 informentnr.

2003 5570 2309 5624 Honoratus
2336 5576 2385 5621 et
2419 5567 2663 5621 Urbanus
2689 5566 2927 5635 episcopi
2969 5565 3255 5620 dixerunt:
3277 5564 3539 5632 Quoniam

1930 5664 1998 5721 de
2047 5664 2279 5720 concilio
2331 5660 2579 5730 qumdam
2630 5668 2857 5714 tractata
2915 5667 3232 5727 noscuntur,
3293 5658 3543 5713 addimus

2006 5793 2027 5821 ε
2052 5780 2137 5845 U.,
2169 5795 2285 5832 cum
2310 5777 2601 5830 voluntates
2626 5791 2805 5829 eorum
2833 5776 3177 5831 testimonium
3205 5772 3288 5829 sui
3314 5772 3546 5845 periculo

1933 5854 2144 5923 praprio
2177 5850 2436 5918 dixerint,
2468 5848 2820 5921 baptizentur.
