3870 6388
388 393 493 455 I95

1104 385 1489 447 COLLBCTIO
1526 386 1861 445 CANONUM
1900 384 1961 442 S.
2005 383 2278 443 ISIDORO
2316 382 2585 441 HISPAL.
2628 382 2983 443 ASCRIPTA.

3569 376 3675 437 196

385 512 547 565 ctiam
591 507 664 563 de
710 505 799 562 die
837 502 1054 575 paschae
1103 503 1257 557 nobis
1300 517 1423 558 esse
1452 502 1783 567 mandatum,
1819 510 1876 555 ut
1904 500 1975 557 de
2000 506 2055 566 Α
2079 514 2207 555 vero
2223 498 2311 568 qui
2331 498 2548 555 sibimet
2567 508 2752 569 putant
2774 498 2957 569 plebes
2980 509 3109 554 suas
3127 493 3405 563 sufﬁcere,
3430 494 3671 549 fraterna

386 605 627 661 Ecclesia
657 615 873 670 semper
903 597 1335 667 Carthaginensi,
1366 597 1507 650 sicut
1534 595 1845 665 praedictum
1869 602 1971 659 est,

387 697 716 751 inStruamur
744 701 800 748 et
830 707 935 745 non
968 690 1068 745 sub
1097 698 1320 759 angusto
1351 690 1609 755 temporis
1632 689 1830 757 spatio.
1865 687 1974 740 Au-

384 790 553 846 relius
579 789 866 857 episcenos
892 784 1025 839 dixit
1053 799 1066 836 :
1092 783 1145 837 Si
1192 780 1461 837 sanctitati
1504 790 1700 835 vestra:
1742 778 1972 843 videtur,

385 880 639 951 quoniam
686 891 784 932 nos
833 877 1188 945 spepondisse
1214 874 1326 942 jam
1359 873 1607 944 superius
1635 871 1974 927 meminimus

386 984 445 1031 ut
474 973 699 1044 singulis
729 972 1029 1042 quibusque
1049 969 1203 1022 annis
1230 967 1295 1022 ad
1330 967 1663 1021 tractandum
1688 962 1974 1018 convenia-

381 1081 526 1133 mus,
558 1078 613 1121 et
643 1080 766 1119 cum
797 1062 1209 1116 convenerimus
1243 1061 1295 1113 in
1346 1074 1532 1123 unum,
1566 1067 1690 1111 tunc
1730 1055 1975 1124 divulga-

382 1156 528 1211 bitur
558 1163 774 1209 sanctus
800 1153 1014 1222 pascha:
1046 1151 1162 1206 dies
1192 1166 1288 1221 per
1335 1150 1539 1218 legatos
1583 1148 1672 1216 qui
1704 1144 1974 1200 adfuerint

382 1248 630 1302 concilio.
665 1246 974 1300 Honoratus
1003 1250 1059 1297 et
1107 1243 1351 1298 Urbanus
1393 1239 1633 1309 episcopi
1674 1237 1971 1293 dixerunt:

384 1338 535 1391 Nunc
564 1336 632 1392 de
678 1336 931 1403 praisenti
979 1342 1123 1390 cuitu
1169 1322 1404 1402 petimus
1437 1338 1493 1385 ut
1532 1328 1725 1384 litteris
1760 1329 1974 1398 provin-

381 1429 518 1483 ciatii
548 1440 785 1482 nostram
820 1427 887 1481 de
915 1428 1015 1480 hac
1062 1424 1149 1479 die
1181 1422 1473 1478 informare
1518 1419 1833 1489 dignemini.
1863 1424 1974 1475 Au-

389 1522 550 1575 relius
576 1522 857 1588 episcopus
886 1518 1023 1573 dixit
1048 1533 1063 1570 :
1088 1516 1163 1572 Ita
1196 1516 1288 1571 flat
1316 1529 1541 1571 necesse
1570 1523 1674 1570 est.

384 1610 545 1667 X-L‘Il.
596 1610 665 1665 Ut
696 1627 799 1664 non
829 1610 1047 1678 accipiat
1077 1609 1239 1661 alium
1283 1608 1580 1678 episcopum
1608 1606 1747 1675 plebs
1772 1619 1888 1673 quis
1916 1604 1971 1657 in

777 1681 1031 1735 dioecesim
1074 1696 1267 1750 semper
1296 1678 1571 1750 subjacuit.

455 1772 746 1843 Epigonius
807 1772 1093 1841 episcopus
1140 1769 1320 1824 dixit:
1354 1768 1531 1823 Multis
1574 1764 1812 1821 conciliis
1873 1764 1973 1819 hoc

2072 592 2362 649 dilectione
2389 600 2717 662 contempta,
2750 606 2853 646 non
2878 600 3082 644 tantum
3106 590 3374 645 dimceses
3391 586 3670 651 amittant,

2071 684 2189 750 sed,
2211 694 2268 739 ut
2287 683 2419 751 dixi,
2439 685 2599 739 etiam
2630 686 2859 754 propriis
2874 682 3083 750 publica
3113 690 3333 737 careant
3350 682 3675 736 auctoritate

2073 788 2130 830 ut
2158 778 2407 831 rebelles.
2446 779 2750 831 Honoratus
2770 785 2826 829 et
2850 775 3094 830 Urbanus
3117 776 3355 843 episcopi
3381 774 3673 827 dixerunt:

2073 870 2292 925 Summa
2322 868 2556 940 provisio
2603 867 2748 942 [ίΕη
2784 866 3055 938 prtcvisio]
3102 869 3405 922 sanctitatis
3440 878 3549 920 tuze
3583 880 3676 917 co-

2077 962 2231 1017 lttcsit
2258 962 2524 1018 mentibus
2548 962 2902 1032 singulorum,
2938 971 2991 1015 et
3024 968 3152 1029 puto
3178 961 3417 1013 omnium
3444 970 3676 1024 respou-

2073 1056 2224 1113 sione
2264 1074 2326 1113 ea
2372 1074 2488 1128 quae
2518 1059 2769 1129 prosequi
2816 1058 3066 1128 dignatus
3092 1072 3151 1112 es
3180 1054 3507 1111 roboranda.
3546 1050 3675 1107 Uni-

2073 1150 2215 1204 versi
2247 1149 2483 1218 episcoiii
2513 1149 2763 1204 dixerunt
2791 1167 2803 1203 :
2832 1149 3034 1216 Placet,
3071 1147 3270 1218 placet.

2074 1238 2259 1294 XLIV.
2288 1238 2364 1294 'Ut
2386 1239 2626 1294 clericum
2654 1240 2876 1292 alienum
2907 1240 3079 1293 nullus
3117 1239 3213 1293 sibi
3256 1246 3539 1307 primumut
3568 1235 3677 1303 epi-

2750 1326 2955 1377 scapus.

2148 1404 2432 1475 Epigonius
2460 1405 2741 1475 episcopus
2761 1403 2895 1459 dixit
2921 1420 2936 1458 :
2964 1403 3019 1458 In
3051 1400 3538 1457 multis‘conciliis
3571 1400 3677 1455 hoc

2072 1509 2327 1555 statutum
2358 1510 2462 1565 est,
2491 1500 2653 1554 etiam
2686 1513 2825 1554 nunc
2856 1499 2958 1553 boc
2983 1497 3414 1553 confirmandum
3440 1512 3468 1549 a
3495 1503 3677 1549 vestra

2075 1591 2377 1660 prudentia,
2420 1590 2613 1645 fratres
2660 1588 2981 1653 beatissimi,
3030 1597 3089 1643 ut
3132 1588 3390 1643 clericum
3431 1586 3675 1640 alienum

2075 1685 2254 1737 nullus
2282 1683 2380 1736 sibi
2414 1684 2681 1749 praeripiat
2704 1682 2990 1751 episcopus
3019 1690 3217 1750 prater
3239 1680 3355 1747 ejus
3380 1679 3673 1733 arbitrium

2073 1778 2225 1841 cujus
2260 1773 2415 1844 136
2447 1774 2603 1826 fuerit
2628 1773 2875 1827 clericus.
2904 1772 3033 1826 Dico
3056 1781 3235 1825 autem
3259 1770 3562 1832 Julianum,
3585 1768 3678 1837 qui

379 1875 637 1921 atatutum
681 1876 765 1920 εει
792 1880 822 1919 a
849 1874 993 1919 coatu
1022 1861 1369 1927 sacerdotali,
1423 1871 1481 1914 ιιι
1525 1860 1708 1929 plebes
1754 1874 1873 1926 quin
1914 1858 1968 1911 in
1999 1872 2046 1933 Β
2079 1867 2317 1935 ingratus
2347 1875 2429 1920 est
2458 1865 2549 1919 Dei
2598 1864 2874 1919 beneficiis
2906 1880 3000 1933 per
3032 1879 3211 1918 meam
3261 1867 3590 1933 parvitatem
3623 1862 3676 1914 in

381 1955 707 2012 dioecesibus
753 1955 821 2009 ab
868 1952 1138 2024 episcopis
1185 1953 1507 2014 retinentur,
1540 1965 1659 2020 quae
1687 1951 1969 2020 episcopos

379 2062 652 2116 nunquam
706 2044 1030 2111 habuerunt,
1064 2059 1168 2100 non
1217 2044 1320 2098 nisi
1363 2056 1487 2097 cum
1535 2042 1809 2095 voluntate
1849 2038 1967 2108 ejus

378 2137 619 2208 episcopi
652 2152 683 2190 a
714 2151 820 2206 quo
850 2146 1101 2193 tenentur
1132 2136 1375 2206 prottrios
1409 2134 1675 2203 accipiant
1702 2142 1965 2198 rectores,

378 2227 433 2283 id
480 2236 565 2283 est
610 2229 1007 2298 episcoposzat
1046 2240 1172 2281 vero
1219 2226 1341 2294 quia
1388 2225 1655 2290 nonnulli,
1691 2224 1967 2278 dominatu

378 2322 605 2389 quodam
653 2320 869 2389 adepto,
898 2317 1329 2374 communionem
1380 2315 1603 2370 fratrum
1648 2314 1965 2380 abhorrent,

378 2411 459 2465 vel
490 2420 638 2465 certe
667 2424 790 2465 cum
838 2408 1116 2479 depravati
1164 2409 1382 2471 fuerint,
1434 2402 1587 2475 quasi
1643 2405 1695 2459 in
1735 2405 1967 2474 quadam

378 2516 501 2557 arce
528 2501 810 2573 tyrannica
853 2502 956 2556 sibi
984 2500 1319 2555 dominatum
1348 2496 1643 2564 vindicant,
1677 2498 1819 2569 quod
1853 2498 1967 2567 ple-

374 2594 529 2662 rique
576 2594 765 2648 tumidi
810 2602 971 2664 atque
1000 2590 1185 2647 stolidi
1223 2592 1487 2646 adversus
1524 2592 1809 2659 episcopos
1840 2603 1967 2644 suos

377 2687 614 2741 cervices
659 2688 871 2757 erigunt
905 2685 1059 2756 135
1101 2683 1421 2753 presbyteri,
1454 2683 1536 2739 vel
1565 2682 1832 2738 conviviis
1861 2680 1966 2737 sibi

375 2778 728 2832 conciliantes
751 2778 959 2846 plebem
1006 2777 1091 2857 vel
1119 2784 1269 2831 certe
1321 2789 1579 2844 persuasu
1623 2775 1877 2844 maligno,
1907 2783 1967 2829 ut

376 2872 565 2927 illicito
610 2870 797 2925 favore
824 2873 1042 2925 eus-dem
1087 2870 1251 2923 velint
1281 2870 1381 2923 sibi
1410 2869 1674 2923 collocare
1704 2878 1962 2935 rectores,

375 2963 522 3033 quod
554 2962 774 3032 quidem
831 2961 1039 3030 insigne
1090 2961 1287 3014 mentis
1336 2971 1441 3014 tusc
1481 2969 1727 3015 tenemus
1755 2970 1960 3025 votum,

376 3051 539 3108 frater
592 3054 839 3123 religiose
883 3051 1090 3117 Aureli,
1123 3051 1243 3119 quia
1294 3051 1411 3105 haec
1454 3064 1598 3121 sape
1648 3050 1961 3118 oppressisti

379 3160 486 3200 noii
518 3148 752 3199 curando
788 3150 921 3199 tales
947 3143 1225 3213 petitores,
1258 3144 1354 3199 sed
1382 3155 1598 3213 propter
1624 3158 1810 3197 eorum
1843 3158 1962 3197 ma-

2070 1971 2130 2013 se
2153 1955 2378 2021 collatis,
2415 1957 2485 2010 ita
2521 1956 2864 2011 temerarium
2906 1966 2963 2011 et
2993 1956 3251 2010 audacem
3279 1952 3584 2014 exstitisse,
3619 1961 3679 2004 ut

2069 2063 2193 2104 eum
2215 2048 2304 2119 qui
2332 2063 2361 2101 a
2391 2064 2475 2102 me
2510 2048 2805 2115 baptizatus
2832 2056 2938 2113 est,
2969 2062 3090 2100 cum
3118 2055 3263 2100 esset
3288 2059 3420 2113 puer
3446 2043 3579 2097 mihi
3609 2043 3678 2095 ab

2070 2141 2263 2196 eodem
2297 2140 2726 2205 commendatus,
2758 2152 2987 2206 cumque
3009 2138 3187 2192 multis
3212 2138 3369 2190 annis
3391 2152 3417 2186 a
3446 2148 3537 2189 me
3567 2135 3679 2188 ale-

2070 2244 2218 2287 retur
2248 2242 2410 2302 atque
2439 2233 2786 2297 incresceret,
2837 2232 2978 2287 hunc
3008 2242 3065 2285 ut
3095 2228 3206 2284 dixi
3252 2228 3586 2298 baptizatum
3620 2226 3676 2281 in

2071 2321 2311 2377 Ecclesia
2355 2336 2469 2376 mea
2513 2336 2608 2392 per
2641 2336 2855 2374 manum
2888 2318 3219 2389 paupertatis
3249 2332 3406 2381 meae,
3443 2315 3590 2371 idem
3619 2314 3677 2371 in

2070 2411 2289 2467 dimcesi
2329 2412 2638 2480 Appaliensi
2686 2413 2856 2466 lector
2899 2424 3023 2465 esse
3070 2418 3331 2477 cmperat,
3366 2410 3478 2462 imo
3510 2409 3675 2463 annis

2069 2502 2241 2558 ferme
2266 2501 2473 2557 duobus
2502 2502 2727 2570 legerat,
2762 2503 2946 2555 nescio
2968 2516 3075 2569 quo
3105 2509 3420 2566 contemptu
3451 2499 3679 2553 humili-

2072 2597 2198 2650 tatis
2228 2610 2360 2651 mea:
2401 2594 2539 2648 idem
2572 2593 2811 2646 Julianus
2848 2592 3101 2661 arripuit,
3141 2608 3300 2661 quem
3335 2590 3481 2645 dicat
3516 2589 3677 2660 quasi

2070 2688 2345 2759 proprium
2372 2687 2543 2740 civem
2577 2686 2659 2739 sui
2690 2684 2795 2739 loci
2826 2682 3251 2739 Babtizaritanib
3276 2698 3362 2738 me
3394 2683 3681 2737 inconsul-

2067 2791 2122 2837 to
2149 2796 2437 2851 usurpare;
2470 2796 2593 2834 nam
2624 2788 2679 2834 et
2708 2781 2989 2833 diarooum
3024 2780 3173 2833 illum
3222 2778 3495 2832 ordinavit
3522 2794 3536 2829 :
3565 2778 3676 2831 hoc

2065 2873 2270 2928 scilicet
2297 2881 2495 2941 pateat,
2530 2870 2643 2925 hac
2672 2869 2885 2925 licentia
2919 2869 3094 2931 nobis.
3122 2868 3417 2925 beatissimi
3448 2868 3677 2934 fratres,

2068 2966 2110 3018 si
2157 2964 2333 3019 minus
2362 2974 2469 3017 tam
2518 2962 2828 3032 imprudens
2875 2963 3221 3027 cohibeatur,
3251 2976 3321 3018 ne
3349 2976 3410 3017 se
3442 2961 3681 3017 misceat

2065 3055 2429 3110 communioni
2461 3054 2799 3125 cujusquam.
2840 3056 3123 3110 Numidius
3170 3056 3460 3125 episcopus
3491 3056 3675 3109 dixit-

2065 3148 2122 3206 Si
2172 3164 2275 3202 non
2327 3147 2588 3217 postulata
2640 3162 2816 3216 neque
2842 3147 3084 3202 consulta
3120 3158 3207 3202 tua
3254 3147 3573 3220 dignatione
3623 3148 3677 3202 id

379 3235 457 3289 los
489 3236 745 3303 coBitatus
778 3246 830 3290 et
862 3250 1025 3303 prave
1050 3237 1374 3290 concinnata
1405 3234 1633 3289 concilia
1668 3236 1769 3290 hoc
1795 3234 1955 3290 dico:
1983 3223 2035 3293 α
2065 3241 2275 3296 videtur
2302 3241 2491 3295 fecisse
2511 3238 2771 3304 Julianus,
2791 3238 3101 3310 judicamus
3151 3256 3344 3295 omnes
3369 3240 3555 3308 inique
3586 3240 3677 3294 fa-

381 3326 500 3383 Non
540 3328 736 3383 debere
781 3337 1045 3382 rectorem
1079 3327 1327 3396 accipere
1372 3342 1489 3382 eam
1520 3328 1731 3398 plebem
1761 3343 1880 3396 quas
1908 3330 1959 3382 in

380 3421 657 3476 ditecesim
708 3434 921 3489 semper
968 3419 1257 3489 subiacuit,
1290 3434 1391 3475 ncc
1420 3434 1652 3489 unquam
1684 3420 1958 3490 proprium

380 3516 689 3584 cpisc0pum
720 3513 937 3579 habuit;
968 3523 1295 3581 quaprOpter
1323 3513 1370 3567 si
1397 3513 1648 3567 universo
1689 3514 1963 3567 sanetissi-

381 3626 471 3666 mo
494 3610 653 3665 εωιυί
684 3610 877 3677 placet,
902 3608 1002 3661 hoc
1023 3608 1163 3676 quod
1192 3617 1505 3675 prosecutus
1529 3621 1646 3662 sum
1675 3608 1961 3661 confirme-

378 3712 483 3757 tur.
518 3704 768 3757 Aurelius
817 3700 1101 3767 episcopus
1129 3698 1295 3753 dixit.
1326 3698 1544 3753 Fratres
1590 3707 1643 3751 et
1679 3712 1961 3753 consacen-

377 3794 529 3850 dotes
559 3795 752 3859 nostri,
774 3792 1139 3863 prosecutioni
1171 3807 1276 3845 non
1300 3790 1526 3860 obsisto,
1553 3789 1647 3845 sed
1677 3791 1778 3845 hoc
1801 3806 1887 3845 me
1906 3799 1961 3845 et

372 3887 566 3944 fecisse
594 3896 646 3940 et
668 3886 930 3939 facturum
960 3898 1082 3938 esse
1107 3883 1383 3952 profiteor.

373 3997 553 4056 XLIII.
582 3998 647 4051 Ut
671 3998 777 4067 qui,
806 3996 944 4067 plebe
968 4012 1063 4049 sua
1083 4005 1392 4067 contempta,
1405 3996 1473 4047 ad
1490 3995 1763 4049 concilium
1794 3996 1960 4052 venire

554 4071 828 4121 detrectant
858 4079 902 4119 et
927 4070 1122 4137 plebem
1164 4075 1211 4119 et
1254 4066 1499 4119 honorem
1528 4069 1782 4121 amittant.

450 4159 603 4214 Cirt-a
652 4172 745 4212 eos
773 4171 905 4212 sane
935 4159 1022 4223 qui
1075 4152 1277 4210 fuerint
1321 4156 1616 4210 concordes
1650 4172 1753 4209 non
1786 4156 1958 4209 solum

377 4252 519 4307 circa
551 4250 843 4305 Ecclesiam
866 4247 1364 4316 Carthaginensem,
1393 4246 1485 4299 sed
1513 4248 1655 4299 circa
1680 4260 1837 4299 omne
1868 4262 1957 4299 sa-

380 4342 656 4397 cerdotale
696 4337 1045 4404 consortium,
1090 4347 1219 4391 sunt
1259 4338 1401 4391 enim
1456 4336 1694 4406 plerique
1740 4336 1957 4403 conspi-

382 4444 562 4491 rantes
593 4450 711 4487 cum
746 4431 986 4499 plebibus
1022 4428 1251 4499 prepriis
1278 4442 1412 4499 quas
1442 4427 1738 4497 decipiunt,
1771 4436 1829 4482 ut
1878 4427 1959 4484 di-

381 4539 523 4583 ctum
544 4539 843 4591 e5t,earum
871 4524 1169 4592 scalpentes
1192 4535 1372 4585 aures,
1402 4519 1581 4575 blandi
1605 4519 1672 4574 ad
1699 4518 1958 4574 seducen-

375 4632 526 4683 cum,
572 4619 779 4671 vitiosae
827 4618 949 4669 vitae
981 4616 1246 4674 homines.
1290 4613 1375 4668 vel
1411 4623 1557 4668 certe
1604 4614 1771 4667 inflati
1816 4615 1956 4669 etab

377 4710 485 4767 hoc
507 4708 779 4764 consortio
813 4707 1075 4777 separati,
1102 4709 1190 4775 qui
1225 4716 1412 4775 putant
1440 4706 1671 4775 propriai
1704 4706 1845 4774 plebi
1875 4708 1955 4760 in-

375 4806 676 4863 cubandum
733 4813 787 4858 et
838 4816 1217 4871 nonnunquam
1264 4798 1517 4855 conventi
1566 4798 1629 4849 ad
1672 4799 1955 4853 concilium

374 4900 557 4954 venire
603 4896 925 4960 detrectant,
966 4906 1061 4946 sua
1112 4892 1247 4945 forte
1296 4906 1363 4945 ne
1413 4889 1709 4959 prodantur
1754 4888 1955 4959 flagitia

376 4998 702 5052 metuentes;
747 4985 871 5039 dico
919 4984 964 5037 si
1018 4984 1193 5053 placet
1220 4981 1362 5036 circa
1404 4980 1504 5033 hoc
1536 4979 1654 5051 [U.,
1688 4978 1807 5051 hos]
1852 4994 1955 5035 non

381 5091 588 5137 tantum
619 5082 885 5133 dioeceses
912 5090 1020 5129 non
1062 5088 1185 5129 esse
1224 5072 1539 5134 servandas,
1572 5087 1754 5126 verum
1796 5072 1954 5126 etiam

376 5182 431 5229 et
457 5174 523 5226 de
550 5172 760 5241 prOpria
792 5168 1046 5235 Ecclesia,
1078 5182 1195 5235 qua:
1236 5165 1344 5220 illis
1371 5164 1508 5219 male
1534 5163 1719 5219 faverit
1741 5163 1825 5235 lB.
1862 5165 1949 5232 R.,

377 5268 440 5325 T.
473 5270 524 5332 1,
559 5263 759 5335 fuerit],
793 5260 1105 5317 omnimodo
1133 5260 1477 5315 adnitendum
1504 5268 1563 5313 ut
1593 5259 1753 5313 etiam
1776 5267 1958 5313 aucto-

374 5360 534 5414 ritate
567 5356 774 5425 pnblica
807 5351 1141 5422 rejiciantur,
1185 5360 1347 5419 atque
1391 5352 1458 5403 ab
1486 5349 1615 5417 ipsis
1646 5348 1957 5419 principali-

375 5450 475 5505 bus
492 5448 761 5503 cathedris
786 5452 1159 5501 removeantur
1186 5460 1199 5496 :
1228 5450 1439 5509 Oportet
1469 5442 1614 5495 enim
1637 5452 1694 5495 ut
1722 5442 1809 5511 qui
1840 5444 1957 5497 uni-

374 5542 543 5597 versis
574 5540 825 5594 fratribus
852 5552 913 5592 ac
944 5546 1057 5592 toto
1080 5535 1308 5591 concilio
1335 5533 1631 5599 inbeserit,
1657 5548 1759 5587 non
1783 5534 1953 5589 solum

376 5650 525 5691 suam
576 5633 699 5705 jure
741 5634 969 5703 integro,
1010 5631 1105 5686 sed
1149 5640 1204 5685 et
1250 5630 1512 5685 dimceses
1574 5625 1870 5696 possideat;
1901 5636 1957 5684 at

451 5822 473 5843 ἀ
506 5808 581 5864 Ex
614 5809 859 5864 omnibus
880 5809 1183 5863 (Iudicibus.
1217 5808 1273 5863 In
1300 5806 1393 5872 Δ..
1422 5809 1635 5863 ultimis.

448 5901 473 5917 η.
502 5878 541 5933 tl
608 5878 693 5947 IL,
722 5880 785 5933 Τ.
818 5882 868 5945 1,
897 5880 952 5946 2,
982 5879 1074 5947 G.,
1109 5879 1430 5934 Vasoritani.

2063 3344 2209 3389 ctum
2244 3332 2361 3385 velc
2414 3330 2633 3401 indigne
2666 3347 2679 3383 :
2711 3340 3039 3402 quapropter
3090 3331 3194 3387 nisi
3227 3331 3367 3388 idem
3419 3332 3679 3388 Julianus

2063 3423 2366 3480 correxerit
2394 3438 2632 3478 errorem
2665 3435 2844 3488 suum,
2874 3432 2930 3477 et
2959 3438 3079 3478 cum
3120 3424 3490 3479 satisfactione
3514 3440 3682 3479 eum-

2065 3520 2183 3575 dem
2214 3517 2469 3574 clericum
2510 3532 2669 3586 quem
2700 3515 2872 3572 fuerat
2897 3531 3063 3571 ausus
3090 3519 3344 3573 ordinare
3374 3533 3679 3576 revocave-

2064 3612 2132 3667 rit
2165 3618 2266 3664 tua:
2299 3609 2458 3678 plebi,
2490 3619 2678 3663 contra
2706 3616 2905 3663 statuta
2933 3610 3152 3665 concilii
3204 3609 3435 3676 faciens,
3467 3620 3676 3665 contu-

2064 3703 2248 3757 inscite
2273 3716 2383 3756 suae
2413 3712 2690 3770 separatus
2722 3715 2751 3755 τι
2778 3701 2930 3757 nobis
2957 3702 3191 3771 excipiet
3212 3703 3505 3771 judicium.
3542 3703 3681 3774 Epi-

2062 3794 2253 3863 gonius
2283 3793 2563 3860 episcOpus
2586 3791 2719 3845 dixit
2741 3808 2752 3843 :
2772 3790 2954 3846 Aitatc
2978 3801 3152 3860 pater,
3177 3792 3289 3858 ipsa
3324 3796 3682 3860 promotioue

2061 3885 2488 3951 antiquissimus,
2516 3882 2595 3935 vir
2622 3880 2928 3947 laudabilis,
2958 3880 3127 3936 frater
3156 3893 3212 3936 et
3235 3884 3445 3952 collega
3480 3895 3683 3940 noster

2063 3975 2389 4042 Victor,vult
2408 3977 2543 4029 hanc
2558 3977 2867 4042 petitionem
2889 3976 3202 4044 generalem
3229 3978 3485 4032 omnibus
3502 3978 3680 4033 effici.

2064 4094 2225 4150 XLV.
2264 4093 2331 4149 Ut
2379 4096 2645 4161 episcopus
2688 4094 2775 4161 qui
2826 4095 2999 4160 plures
3039 4095 3195 4167 liabet
3216 4095 3437 4149 clericos
3487 4099 3540 4151 ei
3585 4097 3683 4167 qui

2259 4176 2369 4236 eget
2399 4169 2465 4217 ad
2494 4167 2838 4218 ordinandum
2864 4168 3154 4230 postulatus
3178 4164 3459 4235 largiatur.

2125 4256 2368 4310 Aurelius
2390 4256 2670 4325 episcopus
2687 4256 2822 4309 dixit
2846 4272 2861 4311 :
2885 4259 3203 4311 Sermonem
3230 4272 3438 4323 meum,
3464 4258 3683 4314 admit-

2063 4352 2177 4415 tite,
2202 4349 2395 4403 fratres
2420 4364 2433 4401 :
2458 4347 2717 4417 contingit
2745 4363 3132 4418 nonnunquam
3157 4358 3214 4403 ιιι
3240 4351 3594 4417 postulentur
3610 4352 3685 4406 ab

2060 4440 2304 4495 ecclesiis
2357 4453 2477 4508 quae
2529 4437 2835 4506 praepositis
2880 4446 3044 4507 egent
3084 4439 3171 4493 vel
3217 4440 3559 4510 presbyteris
3592 4443 3684 4499 vel

2063 4529 2347 4598 episcopis,
2377 4538 2430 4583 et
2456 4539 2630 4581 tamen
2663 4542 2871 4582 memor
2912 4537 3240 4583 Statutorum
3274 4530 3326 4583 id
3356 4545 3590 4601 sequor,
3625 4542 3686 4589 ut

2064 4625 2378 4677 conveniam
2405 4621 2714 4690 episcopum
2744 4619 2862 4691 ejus
2892 4632 3056 4691 atque
3104 4624 3149 4678 ci
3200 4624 3497 4691 inculcem,
3526 4628 3683 4694 quod

2057 4716 2173 4783 ejus
2203 4712 2429 4767 clericus
2454 4729 2480 4765 a
2508 4713 2747 4783 qualibet
2766 4714 2999 4768 ecclesia
3032 4717 3333 4783 postuletur
3358 4733 3371 4768 :
3396 4718 3495 4770 sed
3535 4719 3687 4774 forte

2056 4805 2109 4860 in
2141 4804 2399 4859 hodierno
2429 4820 2530 4858 non
2564 4805 2810 4860 reluctati
2841 4814 2989 4872 sunt,
3021 4818 3077 4862 et
3108 4822 3176 4861 ne
3200 4810 3423 4877 quando
3452 4814 3688 4866 coutin—

2057 4906 2142 4968 gat
2192 4906 2248 4949 ut
2298 4898 2649 4961 reluctentur,
2681 4912 2802 4951 cum
2836 4898 3038 4953 fuerint
3083 4914 3115 4954 a
3158 4916 3245 4953 me
3276 4900 3330 4955 in
3366 4901 3469 4955 hac
3504 4918 3686 4959 causa

2056 4989 2331 5058 postulati,
2364 5004 2524 5058 quem
2552 4989 2700 5044 scitis
2724 4989 3015 5043 multarum
3044 4989 3404 5045 ecclesiarum
3431 5005 3490 5046 et
3524 4996 3689 5050 ordi-

2057 5079 2349 5133 nandorum
2371 5094 2549 5132 curam
2576 5076 3085 5147 sustinereJustum
3112 5089 3370 5150 estergo,
3388 5097 3446 5137 ut
3477 5100 3690 5152 quem-

2057 5171 2185 5226 libet
2214 5171 2654 5225 consacerdotum
2686 5171 3005 5226 conveniam
3052 5187 3179 5229 cum
3229 5174 3445 5231 duobus
3476 5194 3512 5232 e
3542 5194 3689 5235 con.

2058 5263 2225 5316 sortio
2256 5272 2442 5317 nostro
2490 5262 2575 5316 vel
2627 5260 2799 5316 tribus
2833 5264 3063 5319 testibus
3092 5286 3106 5321 :
3134 5266 3179 5320 si
3212 5281 3344 5322 vero
3375 5268 3689 5329 indevotus

2057 5354 2359 5420 exStiterit,
2406 5354 2531 5422 quid
2578 5366 2758 5409 censet
2793 5355 3034 5410 charitas
3086 5367 3268 5413 vestra
3318 5358 3694 5421 faciendum?

2058 5462 2157 5517 ego
2178 5448 2320 5501 enim
2364 5456 2676 5500 cunctarum
2707 5448 3061 5502 ecclesiarum
3094 5450 3420 5520 dignatione
3465 5455 3595 5522 Dei,
3631 5469 3692 5512 ut

2058 5538 2203 5595 scitis
2231 5538 2441 5601 fratres,
2475 5537 2891 5594 sollicitudinem
2915 5541 3181 5597 sustineo.
3242 5544 3543 5601 Numidius
3566 5550 3693 5618 epi-

2057 5646 2252 5702 sc0pus
2284 5630 2419 5685 dixit
2454 5645 2468 5686 :
2506 5630 2630 5684 Fuit
2660 5630 2775 5687 haec
2797 5646 3016 5703 semper
3047 5634 3269 5692 licentia
3296 5636 3430 5696 huic
3454 5640 3614 5711 sedi,
3632 5652 3693 5700 ut

2130 5819 2151 5845 υ
2186 5802 2297 5870 AL,
2325 5803 2492 5870 B.Il.,
2523 5803 2585 5860 Τ.
2624 5804 2674 5870 1,
2704 5806 2763 5874 9.,
2794 5816 2964 5877 atque.
