3870 6338
221 338 303 398 197
1075 335 1354 394 ΔΡΒίϐιΕ
1394 334 1735 393 CONCILIA.
1777 362 1791 374 -

1961 332 2475 393 tRTIIAGINENSE
2512 329 2600 389 III.

3406 325 3515 392 I98

220 465 335 509 unde
358 458 511 508 vettet
534 454 676 510 etde
695 455 871 522 cujus
899 455 1109 511 nomine
1141 454 1330 509 fuisset
1350 464 1670 520 conventus,
1698 466 1797 521 pro
1821 452 1875 511 Δ
1900 451 2185 509 Jeremias.
2226 454 2311 507 t7.
2344 450 2613 507 Ezechiel.
2654 450 2739 505 18.
2786 450 2994 505 Daniel.
3046 450 3130 507 19.
3161 450 3380 510 Tobias.
3411 455 3507 513 20.

214 546 339 602 desid
362 547 452 601 ιι·ιο
480 546 799 615 εωδιεειμιεηι
842 546 1119 614 Ecclesiae,
1148 548 1426 602 ordinaret
1452 547 1788 615 episcopum.

217 642 474 710 Epigouius
495 641 787 708 episeopns
834 640 973 693 dixit
1000 658 1010 692 :
1041 641 1254 693 Bonitas
1284 650 1588 709 sequestrat
1621 639 1795 708 possi-

215 734 465 797 bilitatem,
502 732 683 785 minus
714 734 862 786 enim
911 733 1211 799 praesumis.
1239 734 1423 795 frater,
1457 746 1579 785 cum
1614 742 1665 784 te
1701 732 1799 785 bo-

214 843 317 877 nunt
344 838 395 880 et
420 826 744 878 clementem
770 837 793 860 ι
818 824 1028 886 reddis;
1067 825 1232 879 habes
1250 827 1393 880 enim
1426 826 1577 897 137
1611 825 1711 879 hoc
1742 825 1797 879 in

213 918 403 972 arbitrio
425 935 435 970 :
458 920 590 971 satis
612 930 699 973 est
726 930 782 971 ut
804 919 1096 973 satisfaciat
1129 921 1150 955 ιι
1177 933 1424 988 personae
1456 918 1797 988 uniuscujus—

212 1027 298 1077 que
327 1012 553 1080 episc0pi
602 1012 653 1066 iu
692 1014 864 1081 prima
919 1014 1289 1067 tantummodo
1330 1017 1719 1080 canventione;
1750 1014 1796 1067 sl

212 1119 391 1169 autem,
424 1106 563 1174 quod
602 1108 737 1159 licet
766 1107 889 1161 huic
919 1108 1055 1173 sedi,
1084 1108 1470 1164 vindicandum
1503 1110 1605 1165 sibi
1637 1108 1799 1164 fuerit

211 1203 499 1264 aihitratus,
530 1216 762 1255 necesse
812 1202 975 1257 habes
1007 1213 1063 1256 tu
1090 1218 1280 1258 omnes
1309 1202 1569 1259 eccle~ias
1609 1203 1798 1257 sufful-

212 1292 306 1344 circ
332 1310 341 1343 :
365 1294 498 1345 unde
526 1293 623 1346 tibi
676 1309 784 1347 non
835 1302 1156 1363 potestatem
1186 1293 1305 1370 [U.,
1340 1293 1671 1367 faculmtem]
1698 1297 1796 1350 da-

213 1400 334 1449 mus,
364 1387 453 1440 sed
490 1396 597 1439 tua:
629 1387 999 1456 assiguamus,
1035 1399 1094 1442 ut
1125 1389 1285 1444 liceat
1313 1390 1576 1443 voluntati
1610 1400 1713 1445 tua:
1745 1401 1799 1445 et

210 1491 402 1547 semper
452 1488 637 1534 tenere
686 1495 849 1543 quem
900 1482 1074 1547 voles,
1110 1493 1164 1535 ιιι
1202 1483 1520 1552 praepositos
1552 1484 1800 1553 plebibus

208 1571 278 1623 vel
306 1570 541 1624 ecclesiis
568 1570 877 1627 constituas
909 1575 995 1642 qui
1030 1573 1226 1628 fuerint
1260 1573 1538 1643 postulati,
1572 1586 1625 1629 et
1657 1575 1800 1631 unde

209 1660 356 1716 voles.
384 1663 769 1716 Postumiunus
791 1663 1078 1733 episcopus
1100 1665 1265 1719 dixit:
1290 1665 1493 1719 Deinde
1515 1667 1602 1735 qui
1629 1681 1796 1720 unum

210 1755 454 1818 habuerit,
487 1756 738 1827 nunquid
766 1757 927 1811 debet
957 1757 1032 1812 illi
1066 1773 1205 1811 unus
1239 1759 1355 1824 ipse
1387 1759 1671 1829 presbyter
1699 1774 1797 1812 au-

210 1844 351 1901 ferri?
404 1849 653 1902 Aurelius
666 1848 975 1918 “episcopus
1003 1848 1144 1903 dixit
1168 1865 1182 1901 :
1206 1847 1312 1903 Sed
1340 1850 1627 1918 episeopus
1658 1866 1797 1906 unus

210 1955 315 1995 esse
340 1952 534 2009 potest,
584 1957 689 2009 per
718 1956 879 2009 quem
926 1943 1238 2011 dignatione
1279 1942 1458 1997 divina
1495 1942 1797 2014 presbyteri

208 2034 338 2085 multi
369 2033 624 2087 constitui
662 2036 905 2102 possint;
939 2050 1079 2088 unus
1108 2044 1288 2089 autem
1332 2034 1621 2105 episcopus
1652 2032 1797 2089 diffi-

206 2125 293 2179 cile
320 2126 584 2180 invenitur
614 2125 1038 2180 coustituendus
1069 2144 1083 2179 :
1114 2138 1448 2196 quapropter
1472 2129 1516 2181 si
1544 2142 1799 2181 necessa-

209 2220 327 2272 rium
354 2221 637 2287 episcopus
662 2222 783 2289 quis
813 2220 1061 2275 habuerit
1086 2224 1487 2292 presbyterum,
1523 2233 1576 2275 et
1606 2237 1793 2289 unum,

208 2322 255 2365 ut
280 2311 472 2377 dixisti,
522 2315 720 2377 frater,
753 2314 1022 2378 habuerit,
1066 2315 1227 2368 etiam
1276 2317 1448 2384 ipsum
1482 2316 1546 2369 ad
1580 2330 1798 2385 promo-

208 2412 384 2458 tionem
432 2405 566 2459 dare
616 2404 859 2460 debebit.
893 2406 1274 2461 Postuutianus
1303 2408 1591 2476 episcOpus
1622 2407 1791 2461 dixit:

209 2493 331 2566 Ergo
379 2497 420 2553 si
472 2498 638 2553 habet
687 2499 828 2554 alius
877 2500 1215 2556 abundantes
1259 2500 1405 2575 [/E.,
1436 2502 1797 2575 abundanter]

209 2590 433 2656 clericos,
473 2593 641 2648 debet
675 2592 806 2646 mihi
839 2593 941 2647 alia
994 2594 1144 2663 plebs
1194 2594 1518 2650 subvenire?
1548 2598 1796 2653 Aurelius

207 2682 466 2754 cpi-copiis
516 2685 662 2739 dixit
691 2703 705 2738 :
730 2685 893 2750 Sane,
927 2687 1200 2756 quomodo
1252 2699 1305 2741 tu
1355 2688 1613 2743 Ecclesiae
1645 2687 1797 2743 alteri

204 2776 515 2842 subveneris,
553 2778 979 2846 persuadebitur
1009 2778 1086 2834 illi
1114 2780 1203 2849 qui
1237 2780 1421 2849 plures
1451 2780 1613 2837 habet
1637 2780 1799 2836 cleri-

201 2879 299 2931 cos,
329 2877 382 2922 ut
411 2884 576 2923 unum
612 2869 713 2923 tibi
748 2870 1110 2925 ordinandum
1155 2871 1432 2940 largiatur.

204 2958 361 3015 XLVI.
388 2959 454 3016 Ut
481 2964 761 3031 cpiscopus
791 2964 842 3015 in
873 2964 1075 3016 diwresi
1106 2964 1277 3032 [actus
1302 2966 1466 3019 solam
1493 2982 1604 3021 eam
1627 2974 1798 3022 tctteat

502 3034 708 3099 plebem
729 3034 782 3085 in
808 3050 909 3103 qua
940 3036 1141 3089 exstitit
1173 3036 1468 3091 ordinatus.

262 3123 556 3181 Honoratus
602 3136 659 3181 et
691 3126 938 3183 Urbanus
964 3129 1205 3199 episcopi
1236 3130 1487 3187 dixerunt
1522 3151 1533 3186 :
1571 3135 1794 3190 Audivi-

204 3229 305 3269 mus
330 3218 683 3273 constitutum
710 3229 768 3274 ut
802 3220 1068 3276 diteceses
1110 3238 1217 3277 non
1250 3235 1557 3281 mereantur
1582 3227 1795 3296 episco-

203 3320 285 3375 pos
324 3312 598 3379 accipere,
651 3311 752 3364 nisi
802 3326 1072 3369 consensu
1126 3313 1241 3383 ejus
1286 3316 1386 3370 sub
1432 3333 1538 3387 quo
1588 3319 1799 3377 fuerant

204 3400 521 3467 constitutae;
556 3401 656 3457 sed
680 3404 732 3457 in
766 3406 1038 3471 provincia
1072 3414 1281 3471 nostra,
1312 3423 1435 3462 cum
1469 3409 1633 3480 aliqui
1660 3413 1799 3470 forte

204 3491 247 3545 in
266 3494 472 3551 dimcesi
502 3496 848 3552 concedente
887 3512 953 3552 eo
980 3500 1234 3570 episcopo
1263 3505 1314 3554 in
1348 3502 1502 3571 cujus
1532 3513 1798 3571 potestate

204 3586 391 3644 fuerant
416 3592 733 3647 constituta:
762 3593 994 3649 ordinati
1025 3610 1151 3650 sunt
1180 3598 1439 3665 episcopi,
1468 3598 1628 3654 etiam
1659 3601 1797 3658 dia:-

203 3694 333 3736 ceses
369 3682 465 3738 sibi
501 3685 819 3741 vindicare:
853 3688 955 3742 hoc
994 3697 1049 3742 et
1074 3687 1265 3760 corrigi
1299 3692 1576 3747 charitatis
1603 3704 1797 3751 vestra

199 3770 375 3841 judicio
400 3786 454 3832 et
477 3779 712 3833 inhiberi
735 3778 897 3834 debet
920 3781 987 3834 de
1008 3789 1228 3835 czetero.
1266 3782 1561 3852 Epigonius
1582 3786 1793 3854 episco-

202 3882 286 3935 pus
311 3869 448 3925 dixit
486 3888 501 3925 :
537 3872 779 3939 Singulis
809 3874 1075 3941 episcopis
1102 3885 1373 3953 servatum
1406 3886 1490 3932 est
1518 3879 1658 3947 quod
1690 3880 1796 3937 de-

202 3959 364 4027 cebat,
405 3974 464 4017 ut
502 3979 572 4018 ex
623 3979 803 4019 massa
843 3965 1157 4021 dioecesium
1206 3969 1349 4022 nulla
1387 3983 1698 4040 carperetur
1740 3982 1796 4028 ut

200 4056 451 4127 proprium
494 4060 815 4128 episcopum
847 4060 1143 4123 habuisset,
1177 4062 1276 4116 nisi
1317 4062 1433 4132 ipse
1463 4080 1791 4123 consensum

200 4148 512 4205 adhibuisset
540 4151 896 4207 concedeudi.
931 4153 1174 4209 Sufﬁciat
1198 4156 1339 4209 enim
1363 4156 1407 4211 si
1432 4162 1790 4230 consenserit,

199 4244 441 4300 uteadetn
461 4244 724 4301 diiccesis
754 4247 1015 4315 permissa
1043 4250 1319 4317 prOprium
1348 4259 1557 4306 tantum
1582 4255 1792 4321 episco-

200 4356 304 4407 pum
334 4344 548 4408 habeat,
576 4353 802 4398 ceteras
830 4344 929 4399 sibi
959 4361 1065 4399 non
1091 4346 1328 4403 vindicet
1353 4349 1639 4414 dimceses,
1670 4367 1791 4421 qua:

196 4444 395 4501 excepta
440 4436 511 4491 de
555 4434 704 4490 fasce
763 4436 1053 4491 multarum
1108 4439 1221 4492 sola
1278 4442 1473 4495 meruit
1522 4441 1786 4499 honorem

1900 546 2104 603 Iudith.
2147 548 2238 603 2|.
2298 549 2510 602 Esther.
2546 545 2635 599 22.
2673 544 2859 599 Esdra:
2900 546 3019 600 libri
3067 545 3127 601 ΙΙ.
3171 545 3262 603 23.
3297 549 3512 607 Macha-

1900 640 2143 696 btcorum
2178 640 2299 696 libri
2334 640 2397 694 ll.
2432 640 2567 694 Novi
2600 648 2784 692 autem
2819 639 3175 695 Testamenti.
3210 640 3301 697 24.
3332 644 3512 698 Evan-

1899 734 2161 805 geliorum
2188 733 2306 787 libri
2334 731 2422 787 IV.
2454 730 2542 785 25.
2568 733 2796 786 Actuum
2815 735 3179 799 apostolorum
3206 734 3339 789 liber
3360 734 3511 791 L26.

1901 827 2049 882 Pauli
2078 826 2306 893 apostoli
2337 825 2591 895 Epistulae
2622 824 2738 879 XIII
2762 843 2774 891 ;
2802 826 3043 893 ejusdem
3075 827 3143 882 ad
3181 827 3437 885 Hebraeos
3470 830 3510 885 I.

1902 922 1991 976 27.
2030 922 2172 976 Petri
2218 920 2287 987 II;
2328 919 2553 975 Joannis
2580 918 2675 984 Ill;
2710 918 2861 973 Iuda:
2893 920 2944 985 I;
2975 920 3163 974 Jacobi
3193 917 3257 989 ις
3294 924 3511 992 Apoca-

1902 1014 2070 1087 Iypsis
2098 1012 2324 1069 Joannis
2355 1012 2491 1067 liber
2512 1011 2552 1065 I.
2582 1011 2740 1065 Fiunt
2764 1011 2925 1081 igitur
2947 1010 3070 1066 libri
3096 1011 3282 1082 viginti
3308 1024 3360 1069 et
3389 1028 3516 1085 sep-

1902 1118 2030 1171 tem,
2064 1109 2138 1164 ita
2168 1118 2227 1163 ut
2262 1107 2331 1163 de
2356 1106 2732 1162 confirmando
2762 1106 2865 1161 isto
2894 1120 3106 1161 canone
3136 1108 3511 1164 transmarina

1903 1204 2161 1261 Ecclesia
2207 1203 2580 1260 consuluntur.
2632 1202 2817 1258 Liceat
2854 1204 3018 1259 etiam
3070 1202 3175 1274 legi
3230 1204 3512 1272 passiones

1901 1308 2219 1369 martyrum,
2243 1312 2366 1353 curn
2398 1296 2755 1353 anniversarii
2782 1298 2899 1353 dies
2926 1312 3116 1353 eorum
3144 1296 3509 1355 celebrantur.

2183 1408 2415 1465 XLVIII.
2452 1408 2528 1465 De
2550 1411 2819 1480 baptizatis
2847 1427 2881 1465 a
2911 1410 3218 1467 Donatistis.

1978 1502 2053 1558 De
2104 1502 2397 1559 Donatistis
2453 1504 2685 1575 placuit,
2731 1516 2798 1562 ut
2844 1510 3191 1563 consulamus
3231 1506 3427 1564 fratres
3460 1515 3517 1564 et

1902 1597 2321 1653 Consacerdotes
2361 1610 2580 1653 nostros
2617 1596 2874 1655 Siricium
2914 1608 2970 1655 et
2999 1599 3410 1672 Simplicianutn
3443 1601 3513 1657 de

1905 1690 2034 1742 solis
2072 1686 2365 1744 infantibus
2406 1692 2494 1760 qui
2544 1692 2886 1760 haptisantur
2927 1708 3092 1763 penes
3136 1693 3356 1749 eosdem
3385 1735 3400 1760 ,
3445 1708 3515 1751 ne

1824 1823 1877 1886 Β
1904 1782 2044 1849 quod
2078 1798 2178 1836 suo
2210 1799 2313 1837 non
2344 1783 2585 1839 fecerunt
2619 1796 2639 1825 ε
2674 1784 2878 1853 judicio
2905 1826 2919 1847 .
2962 1801 3083 1839 cum
3114 1786 3181 1839 ad
3216 1786 3512 1843 Ecclesium

1910 1874 2001 1929 Dei
2031 1876 2231 1930 s-..luhri
2263 1878 2538 1944 proposito
2568 1877 2763 1932 fuerint
2791 1880 3061 1943 conversi,
3099 1888 3377 1949 parentum
3406 1879 3514 1936 illis

1902 1980 2057 2021 error
2100 1967 2356 2036 impediat
2405 1984 2471 2023 ne
2504 1980 2924 2038 promoveantur
2962 1970 3101 2025 sacri
3134 1971 3321 2027 altaris
3353 1972 3515 2027 mini-

1902 2060 1996 2113 stri
2044 2058 2163 2131 [U.,
2198 2060 2541 2132 ministerio].
2573 2060 2774 2128 Quibus
2825 2060 3061 2129 insertis,
3118 2061 3424 2118 Honoratus
3461 2072 3517 2120 et

1904 2150 2151 2205 Urbanus
2196 2152 2434 2222 episcopi
2480 2152 2638 2218 legati
2681 2152 2969 2221 provinciae
3015 2155 3351 2211 Mauritania:
3386 2156 3515 2212 Siti.

1904 2246 2121 2314 phensis
2143 2246 2397 2302 dixerunt
2430 2265 2441 2299 :
2473 2247 2592 2302 Jam
2619 2248 2820 2304 dudum
2843 2264 2968 2305 cum
2992 2249 3133 2320 apud
3166 2250 3513 2309 sanctitatem

1902 2349 2135 2393 vestram
2186 2340 2541 2408 allegaremus
2587 2343 2785 2409 scripta
2811 2384 2826 2408 ,
2871 2341 3029 2395 dilati
3070 2335 3258 2396 sumus
3287 2357 3348 2396 ea
3382 2357 3515 2399 con-

1906 2428 2261 2499 templatione
2306 2432 2451 2498 quod
2494 2431 2687 2496 fratres
2712 2434 2879 2488 nostri
2913 2432 3170 2488 advenire
3198 2442 3421 2503 possent
3448 2432 3517 2491 de

1903 2522 2148 2577 Numidia
2184 2523 2381 2594 legati;
2413 2525 2508 2580 sed
2540 2526 2665 2595 quia
2700 2542 2803 2580 non
2836 2526 2984 2596 parvi
3015 2526 3133 2581 dies
3163 2534 3289 2581 sunt
3321 2527 3514 2597 quibus

1904 2616 2211 2685 exspectati
2242 2617 2462 2672 minime
2519 2630 2827 2685 venerunt;
2889 2620 3029 2675 ultra
3080 2620 3513 2690 praetermittere,

1903 2728 2024 2782 qua:
2075 2713 2231 2767 nobis
2269 2715 2520 2768 mandata
2561 2724 2687 2769 sunt
2728 2730 2756 2767 a
2798 2716 3002 2770 nostris
3032 2714 3379 2785 coepiscOpis
3410 2730 3517 2771 non

1902 2816 2149 2878 oportet;
2182 2817 2344 2877 atque
2371 2810 2491 2864 ideo
2513 2805 2710 2864 fratres
2736 2811 3141 2879 suggestionem
3184 2818 3423 2865 nostram
3454 2807 3521 2865 li-

1902 2897 2093 2953 benter
2133 2899 2423 2955 admittite.
2461 2901 2533 2955 De
2564 2900 2668 2955 fide
2706 2902 2850 2956 enim
2880 2901 3085 2957 Νῆιςωηί
3126 2911 3388 2959 tractatus
3422 2918 3517 2958 att-

1902 2989 2157 3059 divimus,
2181 3006 2365 3048 verum
2390 2993 2530 3047 etde
2565 2995 2848 3049 saeriliciis
2874 2994 3181 3051 inhibendis
3206 3005 3325 3065 post
3353 3009 3518 3065 pran-

1904 3082 2048 3138 dium
2076 3126 2092 3151 ,
2136 3095 2195 3139 ut
2242 3101 2274 3139 a
2316 3085 2519 3154 jejunis
2549 3088 2690 3141 sicut
2736 3088 2940 3142 dictum
2990 3097 3073 3143 est
3111 3086 3430 3155 offerantur,
3460 3094 3519 3145 et

1821 3188 1871 3253 α
1904 3188 2031 3237 tunc
2062 3190 2117 3236 et
2145 3198 2286 3237 nunc
2311 3183 2578 3238 Iirmatum
2603 3193 2705 3274 est.

1907 3316 2094 3373 XLIX.
2122 3318 2151 3356 ά
2187 3320 2263 3373 De
2289 3317 2369 3373 Itis
2397 3320 2489 3390 qui
2537 3319 2668 3374 nihil
2693 3325 2951 3445 [habentes
3002 3338 3056 3376 tn
3104 3320 3333 3377 ccclesiis
3369 3323 3523 3378 ordi-

2586 3408 2688 3445 nan
2714 3408 2800 3445 ur.

2586 3408 2800 3447 tuantur.

1976 3485 2183 3540 Placuit
2210 3494 2270 3540 ut
2310 3485 2593 3556 episcopi,
2638 3486 2939 3557 presbyteri
2967 3528 2981 3551 ,
3024 3486 3237 3544 diaconi
3268 3491 3349 3543 vel
3383 3489 3517 3560 qui-

1899 3592 2111 3647 cunque
2154 3576 2359 3641 clerici,
2406 3578 2497 3648 qui
2548 3576 2677 3632 nihi1
2740 3578 3001 3633 habentes
3052 3580 3413 3643 ordinantur.
3464 3588 3521 3638 et

1902 3679 2145 3741 tempore
2174 3671 2521 3742 episcopatus
2549 3673 2629 3727 vel
2655 3672 2943 3728 clericatus
2964 3671 3047 3728 sui
3078 3688 3237 3743 agros
3265 3675 3349 3729 vel
3373 3687 3521 3744 qua:-

1899 3779 2113 3835 cunque
2154 3764 2350 3834 praedia
2385 3766 2589 3821 nomini
2633 3781 2735 3821 suo
2757 3779 3105 3835 comparant,
3149 3777 3401 3839 tanquam
3432 3782 3519 3824 re-

1902 3875 2017 3913 rum
2052 3860 2445 3914 dominicarum
2479 3861 2775 3916 invasionis
2805 3863 3033 3917 crimine
3055 3869 3340 3917 teneantur
3361 3901 3376 3927 ,
3412 3858 3517 3916 nisi

1898 3952 2158 4006 admoniti
2192 3954 2242 4006 in
2274 3952 2569 4007 Ecclesium
2598 3954 2787 4009 eadem
2819 3954 2932 4021 ipsa
2960 3954 3309 4010 contulerint.
3341 3953 3395 4006 Si
3426 3968 3515 4007 au-

1900 4054 2006 4100 tem
2040 4046 2171 4114 ipsis
2197 4048 2412 4117 proprie
2438 4048 2637 4117 aliquid
2666 4048 2990 4105 liberalitate
3020 4048 3249 4115 alicujus
3279 4048 3354 4101 vel
3386 4060 3513 4101 suc-

1897 4142 2143 4195 cessione
2166 4140 2506 4204 cognatioiiis
2535 4142 2788 4207 venerit,
2837 4139 3036 4196 faciant
3072 4141 3197 4195 inde
3238 4141 3379 4211 quod
3417 4153 3513 4195 eo-

1898 4247 2015 4286 rum
2051 4232 2329 4301 proposito
2359 4234 2607 4302 congruit
2632 4250 2647 4299 ;
2691 4234 2834 4302 quod
2864 4234 2907 4287 si
2930 4249 2960 4287 ιι
2986 4247 3083 4287 suo
3112 4232 3390 4302 proposito
3418 4245 3511 4289 re-

1899 4335 2130 4379 trorsum
2183 4326 2606 4380 exorbitaverint
2665 4327 2826 4398 139
2885 4326 3088 4383 honore
3139 4326 3509 4385 ecclesiastico

1896 4419 2122 4490 indigni,
2149 4429 2399 4489 tanquam
2425 4419 2639 4488 reprobi
2664 4418 2997 4489 judicentur.

196 4525 517 4595 episcopatus
550 4526 851 4596 suscipere.
874 4529 1123 4584 Aurelius
1147 4534 1432 4603 episcopus
1460 4535 1594 4589 dixit
1628 4553 1641 4590 :
1666 4536 1783 4593 Non

2008 4554 2076 4611 Ut
2140 4564 2283 4629 gesta
2348 4556 2551 4611 concilii
2621 4562 2986 4633 episcoporum
3050 4556 3509 4629 subscriptionibtts

197 4615 364 4672 dubito
392 4618 647 4674 charitati
678 4628 871 4676 vestrm
898 4622 1142 4677 omnium
1173 4624 1387 4693 placere
1416 4642 1539 4682 eum
1568 4630 1621 4683 in
1650 4631 1787 4687 dia:-

197 4712 309 4774 αεὶ,
330 4712 664 4768 concedente
680 4714 955 4783 episcopo,
980 4716 1070 4786 qui
1092 4716 1369 4773 matricem
1396 4720 1587 4786 tenuit,
1613 4724 1785 4779 solam

196 4804 417 4857 eamdem
451 4806 693 4860 retinere
720 4804 932 4874 plebem
964 4804 1019 4861 in
1049 4820 1155 4877 qua
1186 4806 1346 4864 fuerit
1372 4810 1677 4868 ordinatus.

198 4914 386 4973 XLVII.
421 4920 490 4975 Ut
528 4932 714 4991 preter
745 4919 1047 4989 Scripturas
1075 4926 1356 4978 canonicos
1386 4924 1516 4979 nihil
1547 4928 1601 4981 in
1630 4928 1792 4982 eccle-

270 4997 343 5043 sia
374 4994 579 5063 legatur
610 4992 702 5046 sub
726 4995 932 5047 nomine
959 4995 1251 5048 divinarum
1281 4996 1693 5067 Scripturarum.

257 5085 385 5141 Sunt
414 5101 593 5143 autem
627 5088 903 5143 canonica:
934 5088 1250 5158 Scriptum,
1286 5092 1338 5145 id
1370 5102 1454 5148 est
1488 5113 1499 5148 :
1543 5095 1702 5167 133
1738 5097 1787 5151 I.

197 5172 424 5232 Genesis.
456 5180 514 5235 2.
535 5178 776 5233 Exodus.
796 5180 851 5236 3.
876 5180 1162 5236 Leviticus.
1192 5186 1245 5238 ι.
1280 5183 1520 5239 Numeri.
1556 5184 1609 5240 5.
1647 5188 1788 5243 Deu-

197 5274 564 5329 teronomium.
591 5273 645 5329 ὃ.
687 5274 818 5330 Iesu
848 5275 1011 5331 Nave.
1047 5277 1103 5331 7.
1141 5276 1411 5334 Iudicum.
1438 5280 1493 5336 8.
1526 5280 1691 5338 Ruth.
1731 5284 1786 5340 9.

199 5358 487 5431 Regnorum
532 5366 654 5421 libri
686 5366 777 5422 IV.
824 5369 907 5421 lt).
935 5368 1383 5439 Paralipomenon
1427 5373 1549 5428 libri
1588 5374 1649 5430 Il.
1699 5377 1785 5431 Η.

196 5450 301 5509 Job.
351 5458 435 5512 t2.
494 5459 814 5515 Psalterium
863 5460 1204 5520 Davidicum.
1259 5466 1346 5521 13.
1384 5465 1693 5523 Salomonis
1727 5469 1790 5523 li-

197 5549 350 5605 hriV.
388 5553 479 5609 Η.
534 5551 680 5608 Libri
712 5554 807 5609 XII
858 5557 1265 5625 prophetarum.
1314 5560 1405 5617 15.
1450 5561 1653 5616 Esaias.
1700 5563 1785 5621 I6.

257 5717 278 5741 τι
310 5707 513 5787 ὢνλβ.
550 5711 643 5779 ιι..
679 5711 744 5781 Ε,
776 5710 832 5779 3,
872 5713 934 5781 Τ,
973 5715 1023 5783 1,
1056 5716 1113 5785 2,
1147 5717 1239 5787 U.,
1274 5720 1573 5777 clementem
1622 5723 1790 5779 omni-

197 5777 279 5832 bas
316 5784 511 5838 reddis.

260 5850 281 5887 δ
312 5852 414 5921 (3.,
446 5855 680 5929 arbitrio,
705 5857 762 5913 id
786 5869 882 5929 est,
910 5869 965 5915 ut
985 5862 1295 5933 satisfacias.

2504 4629 2893 4696 con/inuentor.

1970 4742 2221 4797 Aurelius
2247 4742 2531 4811 episcopus
2555 4743 2691 4797 dixit
2724 4762 2734 4796 :
2760 4743 3026 4811 Quoniam
3058 4743 3220 4814 igitur
3252 4745 3502 4801 universa

1895 4835 2130 4889 arbitror
2156 4834 2319 4890 fuisse
2348 4844 2567 4889 tractata
2594 4878 2609 4903 ,
2655 4837 2701 4890 si
2726 4838 2904 4891 omnia
2945 4851 3067 4891 cum
3106 4837 3286 4891 animo
3319 4848 3502 4894 vestro

1894 4932 2267 4998 convenerint,
2312 4945 2563 4985 sermone
2609 4941 2790 4986 vestro
2833 4942 3029 4986 cuncta
3066 4933 3335 4988 roborate.
3377 4932 3507 4989 Uni-

1894 5024 2034 5079 versi
2059 5025 2295 5094 episcopi
2327 5025 2583 5081 dixerunt
2626 5045 2639 5081 :
2689 5027 2849 5099 150
2886 5028 3152 5084 Omnibus
3195 5030 3350 5085 nobis
3392 5032 3506 5088 lucc

1898 5112 2233 5181 placuerunt,
2268 5122 2321 5167 et
2352 5112 2463 5167 lucc
2497 5121 2678 5168 nostra
2705 5114 3106 5186 subscriptione
3138 5115 3505 5187 ﬁrtnabimus,

1896 5205 1964 5261 Et
1988 5207 2444 5276 subscripserunt.

1966 5302 2217 5357 Aurelius
2241 5303 2531 5371 episcopus
2574 5300 2832 5357 Ecclesia:
2875 5301 3215 5372 Carthaginis
3256 5303 3376 5359 huic
3408 5303 3503 5362 de-

1894 5402 2046 5450 creto
2076 5396 2348 5461 consensi,
2391 5411 2443 5449 et
2476 5395 2679 5450 relecto
2707 5394 3029 5465 subscripsi.

1968 5493 2256 5561 Epigonius
2284 5493 2569 5563 episcopus
2593 5492 2767 5563 plebis
2796 5492 3063 5549 Bullensis
3096 5492 3334 5564 regionis
3366 5496 3500 5551 sub-

1894 5602 2112 5659 SCI‘IpSI.

1966 5738 1988 5797 εξ
2025 5722 2285 5797 Ex_U.In
2316 5725 2380 5797 Α.
2416 5732 2470 5797 et
2496 5722 2765 5797 reliquis:
2797 5729 3030 5797 [cogunt
3058 5725 3111 5778 in
3132 5726 3357 5797 judicio.

1963 5794 1992 5836 ἀ
2018 5797 2074 5853 In
2104 5794 2305 5854 Codice
2335 5795 2395 5850 Β.
2421 5795 2512 5866 IL,
2546 5793 2692 5866 ΤΛ,
2716 5794 2776 5868 2,
2801 5793 2860 5853 ει
2886 5793 2981 5863 U.,
3002 5793 3160 5856 deest
3187 5812 3361 5855 canon
3396 5797 3502 5855 bic-
