3870 6376
1053 369 1436 433 COLLECTIO
1471 365 1804 428 CANONUM
1840 363 1902 424 S.
1945 363 1981 423 ll

2118 362 2220 422 ’ΒΟ
2256 356 2525 420 ηιεΡΑι.
2568 355 2930 420 ASCRIPTA.

3575 354 3677 413 20C

1859 724 1864 732 .
1975 705 3680 734 ___—MM
2931 729 2986 734 ___
3019 724 3675 734 ___—___..—

1615 724 3675 752 Ψ

401 385 509 445 199

469 493 790 569 Augustinus
814 493 1097 566 episcopus
1138 489 1306 560 plebis
1338 487 1761 558 Hipponensium
1792 484 1967 555 regio-
1998 491 2043 548 Α
2141 479 2404 536 Similiter
2447 489 2499 533 et
2522 492 2710 534 omnes
2755 471 2994 547 episcOpi
3044 469 3398 542 quadraginta
3446 479 3679 541 quatuor

397 605 524 646 num
555 588 861 656 subscripsi.
2085 576 2533 645 subscripserunt.

1968 835 2115 908 XV

1381 1007 1744 1067 CONCILIUM
1777 1004 2354 1061 CARTIIAGINENSE
2395 1004 2734 1072 QUARTUM

391 1175 684 1219 ΗΑωΤυΜ
733 1175 810 1217 ΑΒ
852 1169 1162 1216 nptscoms
1208 1167 1470 1212 musicae
1517 1162 1826 1205 Ducias'ris
1875 1160 2404 1213 Qunuonuscm,
2458 1161 2595 1202 astu
2645 1159 3034 1217 ccccxxxn,
3075 1157 3356 1203 HONORIO
3390 1159 3688 1205 AUGUSTO

1032 1249 1283 1302 ρυΑιιτο
1327 1248 1405 1290 ΕΤ
1453 1242 1857 1288 EUTYCHIANO
1905 1239 2310 1297 CUNSULIBCS,
2361 1241 2418 1285 Vl
2467 1240 2610 1284 IDUS
2658 1241 3035 1286 NOVBMBBIS.

461 1406 591 1462 Cum
626 1402 871 1459 Aurelius
894 1402 1179 1472 episcopus
1205 1400 1258 1453 in
1281 1396 1508 1452 concilio
1535 1391 1822 1448 universali
1845 1391 1975 1446 Car-

391 1499 603 1568 thagine
644 1498 697 1551 in
736 1496 1026 1554 secretario
1067 1509 1187 1548 cum
1220 1491 1466 1545 omnibus
1497 1485 1975 1543 consacerdotihus

386 1593 498 1646 suis
529 1581 878 1652 consedisset,
910 1586 1107 1656 placuit
1136 1600 1257 1639 cum
1287 1599 1353 1639 eo
1380 1582 1587 1637 cunctis
1627 1581 1718 1648 qui
1758 1579 1976 1633 fuerunt

388 1681 441 1738 in
464 1683 644 1737 eadem
673 1690 855 1734 sancta
881 1678 1088 1749 synodo
1109 1677 1438 1732 constituere
1459 1675 1571 1728 haec
1599 1687 1716 1741 quin
1741 1670 1806 1722 ad
1831 1669 1977 1723 ordi-

390 1788 484 1828 nes
514 1771 910 1828 ecclesiasticos
941 1767 1214 1823 canonicis
1252 1775 1379 1822 sunt
1410 1763 1706 1819 necessaria
1734 1758 1976 1828 discipli-

391 1865 474 1919 nis
507 1881 518 1915 :
550 1863 636 1916 tibi
663 1863 714 1916 in
744 1860 1007 1928 principio
1037 1859 1380 1914 constitutum
1413 1867 1513 1910 est.

676 1951 715 2005 I.
748 1950 932 2017 Quales
955 1949 1168 2004 debeant
1198 1949 1428 2001 ordinari
1455 1945 1701 2015 episcopi.

457 2046 553 2113 Qui
601 2045 884 2115 episcopus
929 2043 1258 2098 ordinandus
1294 2049 1378 2095 est
1404 2047 1561 2093 antea
1606 2037 1978 2102 exatninctur;

391 2137 609 2207 igituriii
633 2144 818 2190 natura
843 2135 1074 2204 prudens
1112 2144 1133 2171 ι
1186 2141 1289 2197 est,
1316 2131 1359 2185 si
1377 2129 1642 2191 docibilis,
1673 2127 1716 2181 si
1742 2127 1980 2180 iuni-ibus

389 2239 737 2300 temperatus,
767 2231 812 2285 si
849 2231 953 2284 vita
983 2239 1180 2291 castus,
1213 2228 1257 2280 si
1287 2224 1516 2287 sobrius,
1551 2222 1594 2274 si
1625 2234 1841 2288 semper
1866 2221 1978 2274 suis

388 2322 641 2393 negotiis,
674 2321 718 2375 si
756 2320 1061 2375 hominibus
1094 2316 1344 2379 aﬁabilis,
1377 2315 1421 2368 si
1455 2313 1784 2374 misericors,
1817 2310 1862 2364 si
1897 2310 1980 2362 lit-

396 2415 631 2482 teratus,
670 2414 718 2468 si
745 2414 799 2468 in
829 2416 942 2483 lege
973 2411 1182 2465 Domini
1215 2413 1538 2474 instructus,
1573 2405 1618 2459 si
1650 2406 1700 2458 in
1741 2405 1982 2471 Scriptu-

391 2516 577 2564 rarum
608 2506 854 2562 sensibus
883 2514 1099 2570 cautus,
1141 2504 1187 2557 si
1215 2503 1268 2556 in
1296 2501 1630 2570 dogmatibus
1661 2497 1984 2552 ecclesiasti-

392 2601 472 2658 cis
496 2602 858 2663 exercitatus,
914 2610 968 2654 et
1018 2605 1144 2651 ante
1195 2596 1373 2650 omnia
1425 2594 1468 2646 si
1515 2591 1636 2644 lidei
1664 2590 1980 2644 documenta

387 2694 568 2749 verbis
594 2692 921 2761 simplicibus
941 2697 1169 2753 asserat,
1197 2686 1250 2740 id
1283 2693 1366 2740 est
1405 2683 1638 2748 Patrem,
1668 2692 1720 2734 et
1753 2677 1978 2743 Filium,

391 2797 444 2845 at
481 2788 735 2858 Spiritum
767 2795 1035 2853 sanctum,
1069 2796 1231 2837 unum
1265 2779 1430 2834 Deum
1465 2791 1586 2832 esse
1613 2776 1940 2829 conﬁrmans
1964 2812 1981 2837 ,

394 2888 667 2948 totamque
697 2879 748 2931 in
777 2877 1040 2931 Trinitate
1067 2874 1323 2928 deitatem
1354 2867 1758 2925 coessentialem
1787 2875 1843 2920 et
1863 2879 1983 2918 con-

392 2969 800 3027 suhstantialem
853 2977 907 3024 et
966 2963 1339 3022 cozternaiem
1393 2971 1449 3017 et
1495 2960 1984 3026 coomnipotenlem

390 3066 708 3136 praedicans,
749 3065 792 3116 si
823 3062 1084 3132 singulam
1117 3072 1384 3128 quamque
1415 3057 1468 3111 in
1501 3055 1760 3111 Trinitnte
1792 3061 1982 3124 perso-

389 3170 510 3211 nam
539 3157 746 3225 plenum
763 3153 928 3209 Deum
952 3163 1004 3206 et
1027 3160 1163 3206 totas
1187 3161 1298 3203 tres
1323 3161 1578 3219 personas
1602 3162 1763 3201 unum
1790 3145 1986 3212 Deum,

389 3247 437 3304 ti
465 3246 881 3303 incarnationem
915 3245 1147 3299 divinam
1171 3256 1277 3296 nun
1305 3243 1357 3296 in
1388 3243 1545 3296 Patre
1575 3254 1746 3309 neque
1771 3238 1824 3292 in
1855 3237 1980 3306 Spi-

389 3335 496 3393 ritu
522 3346 705 3392 sancto
729 3335 940 3404 lactant,
970 3338 1064 3390 sed
1095 3346 1146 3388 in
1179 3333 1314 3388 Filio
1340 3341 1546 3387 tantum
1575 3332 1780 3396 credat,
1815 3327 1982 3398 utqui

391 3441 514 3487 crat
545 3433 594 3484 in
628 3431 900 3484 divinitate
930 3428 1023 3481 Dei
1075 3425 1246 3481 Patris
1275 3423 1444 3478 Filius
1482 3425 1597 3491 ipse
1627 3424 1778 3476 lieret
1798 3423 1852 3476 in
1886 3422 1985 3476 lio-

391 3521 537 3579 miue
568 3520 797 3575 hominis
826 3518 1012 3573 matris
1039 3514 1061 3552 ι’
1097 3515 1259 3581 lilius,
1298 3515 1439 3569 Deus
1469 3526 1626 3568 verus
1652 3526 1716 3566 ex
1751 3511 1907 3566 Patre
1933 3519 1985 3565 et

391 3614 553 3669 homo
584 3627 742 3668 verus
783 3628 844 3666 ex
882 3619 1076 3677 matre,
1106 3621 1326 3661 carnem
1359 3620 1426 3660 ex
1465 3603 1652 3659 matris
1681 3602 1976 3657 visceribus

386 3705 596 3762 habens
623 3715 676 3759 et
701 3704 929 3758 animam
963 3703 1248 3756 humanam
1278 3697 1596 3752 rationalem
1626 3693 1784 3748 simul
1813 3693 1865 3746 in
1895 3707 1982 3758 eo,

394 3807 452 3851 ut
477 3796 749 3865 utriusque
771 3803 975 3849 natura:
1007 3793 1056 3846 id
1089 3801 1172 3846 est
1194 3791 1355 3842 homo
1377 3796 1433 3843 et
1462 3789 1635 3852 Deus,
1671 3801 1771 3839 una
1803 3797 1986 3854 perso-

392 3902 479 3952 na,
514 3900 649 3940 unus
682 3885 867 3954 Filius,
901 3899 1037 3940 unus
1060 3883 1328 3951 Christus,
1359 3898 1496 3940 unus
1527 3885 1802 3950 Dominus,
1828 3899 1982 3939 crea-

393 3987 635 4033 turarum
664 3979 901 4032 omnium
927 3992 1044 4046 qua:
1068 3987 1192 4031 sunt
1229 3991 1284 4033 et
1310 3985 1496 4032 auctor
1521 3987 1577 4033 et
1606 3977 1856 4032 dominus
1882 4019 1897 4043 ,
1929 3986 1986 4031 et

398 4081 610 4127 creator
641 4087 759 4126 cuin
787 4072 942 4126 Patre
972 4080 1025 4125 et
1054 4069 1251 4139 Spiritu
1296 4080 1482 4126 sancto
1513 4072 1748 4126 omnium
1773 4079 1984 4125 creatu-

389 4179 589 4228 rarum,
617 4164 705 4232 qui
730 4177 916 4233 passus
937 4161 1008 4218 sit
1033 4177 1154 4216 vera
1173 4162 1349 4216 carnis
1381 4162 1632 4230 passione
1661 4173 1711 4227 °,
1741 4172 1984 4217 mortuus

387 4268 516 4309 vera
553 4254 794 4323 corporis
820 4254 900 4306 sui
933 4261 1106 4308 morte
1130 4292 1147 4319 ,
1189 4254 1481 4308 resurrexit
1506 4268 1634 4308 vera
1661 4256 1838 4308 carnis
1869 4267 1982 4307 sua:

390 4344 788 4400 resurrectione
815 4353 871 4398 et
897 4357 1020 4396 vera
1045 4346 1240 4396 animae
1263 4342 1648 4412 resumptione,
1687 4344 1739 4397 in
1771 4357 1873 4410 qua
1894 4357 1985 4397 ve-

392 4437 502 4492 niet
533 4436 766 4504 iudicare
791 4436 940 4490 vivos
970 4443 1021 4489 et
1047 4442 1312 4488 mortuos.
1337 4434 1693 4500 Quaerendum
1722 4433 1881 4488 etiam
1915 4435 1983 4489 ab

388 4545 454 4585 eo
479 4569 492 4594 ,
523 4532 564 4584 si
590 4531 721 4585 Novi
759 4529 909 4601 141
938 4540 992 4583 et
1024 4527 1227 4583 Veteris
1254 4528 1605 4595 Testainenti,
1639 4527 1690 4583 id
1718 4538 1820 4593 est,
1850 4528 1982 4597 legis

2007 1925 2054 1983 B

2082 1389 2401 1446 catholicam
2434 1389 2609 1445 nullus
2641 1390 2899 1444 salvetur.
2929 1387 3061 1443 Cum
3091 1389 3142 1443 in
3171 1389 3256 1443 his
3286 1392 3542 1447 omnibus
3569 1407 3691 1447 exa-

2085 1485 2315 1552 minatus
2354 1483 2611 1539 inveutus
2641 1482 2799 1538 luerit
2838 1482 2992 1551 plene
3024 1483 3313 1536 instructus
3341 1524 3354 1546 ,
3399 1494 3527 1538 tunc
3559 1499 3692 1537 con-

2085 1593 2248 1634 sensu
2287 1578 2604 1634 clericorum
2654 1587 2709 1634 et
2743 1578 3005 1632 laicorum
3052 1592 3117 1632 ex
3151 1576 3175 1613 ‘4
3205 1587 3471 1632 conventu
3517 1578 3702 1632 tutius.

2087 1673 2380 1741 provinciae
2428 1674 2808 1743 episcoporum
2838 1714 2851 1736 ,
2897 1671 3237 1739 maximeque
3284 1669 3690 1736 metmpolitani

2085 1767 2172 1820 vel
2204 1756 2522 1820 auctoritate
2568 1764 2652 1820 vel
2706 1764 2990 1832 praesentia
3029 1763 3312 1817 ordinetur
3353 1763 3648 1831 episcopus
3673 1801 3690 1826 ,

2087 1869 2338 1929 suscepto
2368 1859 2421 1913 in
2456 1857 2671 1913 nomine
2704 1856 2902 1912 Christi
2933 1857 3243 1924 episcopatu
3272 1898 3285 1920 ,
3331 1871 3438 1910 non
3465 1870 3580 1909 sum
3611 1855 3690 1908 di-

2085 1955 2303 2010 lectioni
2339 1965 2360 1989 υ
2393 1968 2492 2009 nec
2520 1953 2631 2008 suis
2671 1954 2912 2007 moribus
2949 1949 2994 2017 τ,
3020 1952 3114 2007 sed
3144 1951 3226 2005 his
3255 1952 3468 2005 Patrum
3499 1950 3683 2004 delini-

2085 2048 2324 2102 tionibus
2368 2047 2772 2115 adquiescens;
2825 2046 2877 2098 in
2925 2045 3077 2110 cujus
3128 2044 3472 2097 ordinatione
3523 2044 3688 2096 etiam

2083 2152 2213 2195 mtas
2242 2141 2542 2209 requiratur
2566 2152 2724 2208 quam
2749 2138 2920 2192 sancti
2953 2137 3136 2190 l'atres
3167 2135 3416 2203 exemplo
3448 2135 3692 2190 Salvato-

2083 2236 2155 2290 ris
2185 2235 2235 2287 in
2262 2232 2611 2303 praelegendis
2631 2232 2900 2301 episcopis
2921 2232 3340 2284 constituerunt.

2157 2327 2365 2398 Dehinc
2397 2328 2700 2398 disponitur
2731 2329 2958 2397 qualiter
2986 2328 3349 2382 ecciesiastica
3380 2324 3565 2380 cilicia
3597 2341 3689 2381 or-

2085 2421 2364 2477 dinentur.

2380 2513 2445 2570 ll.
2492 2513 2729 2580 Qualiter
2756 2521 3112 2566 consecrantur
3141 2513 3380 2580 episwpi.

2171 2610 2471 2680 EpiscOpus
2497 2625 2618 2665 cum
2649 2609 2929 2664 ordinatur
2950 2649 2963 2675 ,
2996 2610 3100 2664 duo
3131 2609 3364 2678 episcopi
3401 2616 3608 2677 ponant
3639 2615 3697 2662 et

2089 2709 2304 2756 teneant
2341 2700 2756 2772 Evangeliorum
2796 2702 3047 2755 Codicein
3092 2714 3254 2769 super
3282 2710 3442 2764 caput
3471 2709 3528 2752 et
3565 2713 3694 2752 cer-

2087 2793 2255 2848 vicem
2285 2793 2440 2864 ejus,
2492 2803 2545 2850 et
2580 2809 2683 2848 uno
2715 2808 2882 2862 super
2907 2808 3029 2846 eum
3066 2792 3320 2845 fundente
3356 2792 3696 2846 benedictio-

2085 2898 2246 2951 nem,
2301 2887 2496 2956 reliqui
2543 2886 2780 2954 episcopi
2829 2899 3018 2939 omnes
3071 2886 3160 2954 qui
3202 2884 3394 2937 adsunt
3440 2882 3698 2938 inanibus

2085 2982 2198 3036 suis
2229 2990 2392 3050 caput
2424 2981 2540 3049 ejus
2573 2989 2812 3049 tangant.

2377 3095 2462 3149 Ill.
2513 3094 2748 3160 Qualiter
2779 3091 3056 3164 presbyteri
3089 3095 3414 3146 ordinentur.

2161 3187 2452 3258 Presbyter
2501 3201 2621 3240 cum
2661 3185 2939 3240 ordinatur
2965 3225 2980 3251 ,
3025 3186 3280 3253 episc0po
3309 3201 3429 3238 eum
3463 3183 3692 3238 benedi-

2007 3286 2054 3349 C
2087 3292 2242 3338 cente
2288 3291 2341 3335 et
2366 3295 2582 3334 manum
2633 3294 2797 3349 super
2847 3279 2962 3349 ejus
3009 3290 3168 3348 caput
3220 3290 3468 3345 tenente,
3526 3279 3698 3334 etiam

2088 3389 2274 3431 omnes
2326 3373 2620 3444 presbyteri
2666 3374 2754 3442 qui
2800 3381 3098 3442 praesentes
3140 3383 3265 3427 sunt
3316 3388 3507 3427 manus
3562 3388 3699 3428 suas

2085 3467 2235 3538 juxta
2269 3482 2486 3521 manum
2518 3464 2754 3535 episcopi
2787 3478 2948 3535 super
2980 3474 3140 3534 caput
3173 3465 3319 3519 illius
3349 3474 3592 3519 teneant.

2265 3558 2352 3614 IV.
2399 3556 2848 3623 Quemadmodum
2879 3558 3082 3611 diaconi
3115 3559 3513 3612 constituantur.

2161 3649 2430 3705 Diaconus
2458 3665 2580 3705 cum
2610 3649 2917 3714 ordinatur,
2951 3648 3100 3704 solus
3130 3650 3417 3717 episcopus
3447 3649 3539 3719 qui
3563 3664 3698 3704 eum

2087 3741 2358 3796 benedicit
2390 3756 2607 3794 manum
2640 3755 2803 3808 super
2833 3749 2993 3808 caput
3024 3740 3166 3793 illius
3197 3750 3379 3809 ponat,
3416 3743 3543 3810 quia
3579 3757 3699 3796 non

2088 3834 2155 3888 ad
2186 3832 2567 3899 sacerdotium,
2622 3833 2714 3886 sed
2744 3833 2810 3886 ad
2839 3831 3195 3886 ministerium
3234 3842 3613 3888 consecratur.

2221 3947 2288 4000 V.
2337 3945 2779 4013 Quemadmodum
2806 3944 3108 4000 subdiaconi
3134 3946 3538 4000 constituantur.

2157 4038 2534 4094 Subdiaconus
2573 4053 2695 4092 cum
2719 4035 3000 4092 ordinatur
3024 4076 3041 4103 ,
3090 4036 3213 4106 quia
3247 4050 3436 4091 manus
3467 4033 3704 4105 imposi—

2089 4133 2288 4187 tionem
2321 4147 2426 4185 non
2458 4130 2675 4199 accipit,
2701 4139 2947 4199 patenam
2971 4129 3038 4186 de
3065 4146 3224 4186 manu
3257 4128 3414 4202 142
3440 4131 3700 4200 episcopi

2088 4225 2319 4295 accipiat
2369 4240 2590 4279 vacuam
2634 4234 2684 4279 et
2725 4225 2948 4280 calicem
2981 4239 3226 4292 vacuum,
3260 4225 3328 4279 de
3364 4239 3528 4278 manu
3557 4237 3705 4281 vero

2088 4315 2449 4370 archidiaconi
2481 4315 2706 4384 accipiat
2728 4316 2996 4370 orciolum
3027 4315 3126 4390 [U.
3151 4356 3166 4382 ,
3219 4315 3521 4388 urceolum]
3563 4331 3700 4372 cum

2086 4423 2222 4480 aqua
2248 4419 2301 4464 et
2330 4408 2673 4479 aquamanile
2703 4417 2757 4463 et
2785 4409 3199 4476 manutergium.

2369 4520 2455 4574 Vl.
2499 4520 2947 4585 Quemadmodum
2976 4521 3207 4591 acolythi
3233 4522 3387 4590 ﬁant.

389 4632 444 4677 et
488 4626 862 4690 prophetarum
907 4633 960 4675 et
997 4623 1362 4690 apostolorum
1414 4639 1574 4677 unum
1615 4622 1974 4691 eumdcmque
2001 4647 2054 4707 D
2156 4614 2462 4685 Acolythus
2493 4628 2615 4670 cum
2642 4615 2938 4682 ordinatur,
2974 4617 3040 4669 ab
3064 4617 3316 4685 episcOpo
3345 4615 3568 4686 quidem
3595 4616 3706 4673 do-

391 4712 576 4769 creda't
606 4723 875 4769 auctorem
909 4724 961 4767 et
993 4715 1156 4767 Deum
1185 4754 1199 4779 ,
1249 4716 1293 4768 si
1323 4714 1566 4768 diabolus
1595 4730 1698 4768 non
1728 4730 1820 4783 per
1849 4729 1979 4769 con-

391 4808 649 4864 ditionem
675 4808 769 4862 sed
806 4823 898 4876 per
921 4808 1198 4861 arbitrium
1223 4806 1392 4863 lactus
1414 4809 1480 4862 sit
1509 4807 1697 4861 malus.
1729 4810 1983 4873 Qumren-

392 4898 516 4952 dum
551 4900 709 4953 etiam
741 4899 806 4952 ab
838 4914 922 4964 eo,
955 4900 1000 4952 si
1030 4899 1213 4954 credat
1253 4897 1407 4969 hujus
1436 4915 1593 4968 quam
1623 4910 1898 4969 gestamus
1928 4907 1984 4953 et

391 5007 497 5046 non
526 4993 749 5048 alterius
772 4991 950 5046 carnis
972 4993 1434 5056 resurrectionem,
1459 4993 1503 5046 si
1525 4991 1706 5046 credat
1723 4991 1981 5059 judicium

390 5080 628 5138 futurum
649 5093 701 5138 et
715 5091 1021 5151 recepturos
1039 5083 1278 5153 singulos
1298 5098 1390 5152 pro
1409 5083 1490 5137 liis
1507 5100 1622 5152 quae
1639 5085 1690 5138 in
1711 5082 1805 5138 hac
1820 5097 1983 5137 carne

395 5175 770 5243 gesseruntvel
794 5188 976 5242 poenas
1001 5175 1079 5229 vel
1104 5174 1340 5242 praemia,
1364 5174 1406 5228 si
1432 5176 1641 5243 nuptias
1659 5189 1762 5228 non
1781 5174 1982 5241 impro-

394 5265 519 5333 bet,
543 5267 587 5319 si
614 5266 844 5320 secunda
877 5267 1211 5320 matrimonia
1241 5282 1344 5321 non
1377 5269 1622 5335 damnet,
1665 5270 1706 5322 si
1739 5268 1979 5322 carnium

398 5361 795 5428 perceptionem
815 5374 918 5414 non
939 5358 1137 5429 culpet,
1161 5360 1204 5414 si
1225 5361 1600 5427 paenitentibus
1625 5360 1982 5417 reconciliatis

392 5457 782 5517 communicet,
813 5454 857 5508 si
905 5453 957 5506 in
1002 5452 1265 5520 baptismo
1297 5454 1473 5507 omnia
1509 5465 1758 5521 peccata,
1806 5453 1854 5507 id
1897 5461 1981 5507 est

395 5555 500 5602 tam
531 5547 660 5602 illud
689 5547 944 5618 originale
973 5555 1302 5602 contractum
1339 5562 1496 5617 quam
1527 5545 1618 5600 illa
1647 5563 1764 5616 qua:
1792 5548 1979 5601 volun-

395 5641 527 5696 tarie
558 5641 792 5696 admissa
823 5649 980 5706 sunt,
1019 5639 1373 5705 dimittantur,
1419 5643 1460 5694 si
1495 5651 1643 5695 extra
1687 5641 1974 5695 Ecclesium

468 5765 493 5792 ⁸
526 5757 594 5814 U.
613 5798 629 5824 ,
657 5767 776 5812 ante
799 5757 1139 5820 nominetur,
1170 5756 1214 5808 si
1245 5764 1426 5809 natura
1448 5754 1693 5825 prudens.

465 5826 493 5866 ⁵
521 5829 636 5895 ἀλ,
667 5831 717 5884 in
744 5829 961 5883 honuni:
990 5837 1172 5880 natura
1201 5827 1397 5882 matris.

468 5907 492 5937 ⁸
521 5898 615 5967 U.,
643 5915 758 5954 seru
785 5900 957 5954 carnis
977 5907 1164 5955 morte.

465 5967 492 6008 δ
524 5969 634 6037 ίΕο,
665 5971 721 6026 Bs
754 5971 844 6040 IL,
867 5971 955 6041 U.,
982 5979 1048 6026 et.

2091 4720 2279 4764 ceatur
2305 4709 2544 4779 qualiter
2570 4723 2629 4764 se
2657 4709 2707 4764 in
2737 4710 2916 4777 ollieio
2947 4723 3046 4763 suo
3067 4724 3227 4779 agere
3253 4708 3466 4775 debeat,
3501 4709 3602 4764 sed
3628 4713 3704 4767 ab

2090 4807 2476 4862 archidiacono
2522 4807 2752 4875 accipiat
2791 4806 3206 4862 cereoferarium
3235 4821 3355 4860 cum
3385 4807 3602 4875 cereis,
3641 4818 3706 4863 ut

2087 4901 2222 4955 sciat
2263 4915 2324 4956 se
2354 4903 2420 4956 ad
2458 4899 2800 4955 accendenda
2848 4899 3105 4954 Ecclesia:
3149 4899 3432 4954 luminaria
3479 4901 3704 4957 manci-

2087 4995 2224 5064 pari;
2253 4994 2478 5063 accipiat
2514 5002 2570 5048 et
2610 4992 2869 5048 orciolum
2914 5007 3141 5047 vacuum
3175 4992 3239 5045 ad
3282 4993 3704 5062 suggerendum

2087 5086 2267 5142 vinum
2295 5086 2348 5141 in
2381 5085 2762 5142 eucharistiam
2790 5084 3067 5154 sanguinis
3096 5083 3316 5139 CliriSti.

2447 5179 2557 5233 γη.
2603 5179 2837 5245 Qualiter
2875 5178 3141 5231 exercitus
3169 5179 3318 5246 ﬁant.

2158 5272 2434 5327 Exora-ista
2464 5285 2586 5324 cum
2618 5269 2932 5332 ordinatur,
2995 5269 3220 5339 accipiat
3264 5269 3332 5324 de
3373 5284 3538 5325 manu
3577 5270 3711 5344 θρί-

2087 5367 2233 5434 sc0pi
2267 5363 2504 5418 libellum
2535 5364 2586 5416 in
2618 5377 2724 5432 quo
2749 5361 2934 5431 scripti
2966 5370 3093 5415 sunt
3122 5349 3437 5431 erorcismi,
3466 5363 3708 5419 dicente

2085 5461 2184 5514 sibi
2213 5458 2468 5527 episcopo
2515 5472 2530 5510 :
2563 5456 2761 5524 Accipe
2788 5467 2845 5510 et
2872 5455 3214 5521 commenda,
3266 5464 3322 5510 et
3356 5454 3560 5509 habeto
3601 5472 3708 5526 po-

2087 5561 2333 5607 testatem
2360 5561 2384 5597 ts
2411 5549 2716 5619 imponendi
2736 5563 2928 5604 manus
2949 5563 3112 5619 super
3131 5563 3558 5619 energumenos,
3575 5551 3706 5606 sive

2084 5644 2440 5717 baptizatum,
2474 5643 2587 5698 sive
2615 5643 3084 5699 catecliumenum.

2159 5773 2183 5800 ·
2225 5760 2316 5816 1E.
2349 5761 2404 5814 ll.
2435 5760 2526 5826 B.,
2560 5759 2624 5815 Τ.
2660 5760 2711 5824 l,
2741 5758 2800 5821 3.
2833 5755 2926 5822 U.,
2953 5753 3045 5823 G.,
3075 5753 3424 5810 delectationi.

2163 5831 2182 5872 ί
2219 5831 2334 5902 AL,
2368 5833 2429 5888 E.
2458 5833 2513 5899 5,
2551 5832 2642 5898 U.,
2672 5829 2911 5902 motibus.

2159 5915 2184 5951 ις
2217 5898 2330 5960 Αἰλζ
2361 5915 2407 5959 et
2438 5898 2848 5960 commendatam
2872 5898 3056 5956 habeto
3081 5907 3405 5972 potestatem.
