3870 6372
424 384 531 443 ωδ

423 518 583 566 causa
625 499 911 557 ventilatur
956 500 1275 554 sententiam
1333 498 1635 568 proferant,
1680 500 1804 570 quia
1848 498 1999 554 irrita
2028 500 2084 561 Δ

423 599 544 657 erit,
571 594 678 647 imo
698 601 752 647 et
776 605 990 645 causam
1021 592 1072 643 in
1103 592 1309 661 synodo
1338 608 1435 660 pro
1472 596 1612 646 Iacto
1635 590 1863 645 dabunt.

424 688 619 742 XXXI.
664 684 898 751 Qualiter
928 684 990 737 ab
1020 684 1259 754 episcOpo
1290 702 1371 739 res
1417 682 1661 738 Ecclesia
1703 683 2007 738 habeantur.

496 780 560 833 Ut
584 778 867 846 epismpus
898 777 1059 829 rebus
1083 775 1343 831 Ecclesia
1375 788 1624 845 tanquam
1654 777 2006 831 commenda-

421 874 487 926 tis
520 888 621 925 tmn
660 883 909 935 tanquam
942 868 1174 938 prapriis
1204 878 1406 923 utatur.

525 958 739 1014 XXXII.
783 958 861 1013 De
888 959 1047 1012 irritis
1080 957 1493 1013 distractionibus
1523 958 1899 1027 episcoporum.

490 1052 644 1105 Irrita
695 1051 800 1105 erit
844 1052 1219 1119 episcoporum
1248 1050 1466 1105 donatio
1512 1052 1596 1105 vel
1639 1046 1879 1103 venditio
1920 1044 2007 1101 vel

420 1142 768 1194 commutatio
799 1140 877 1195 rei
918 1139 1303 1197 ecclesiasticae
1332 1140 1541 1211 absque
1581 1138 1923 1196 conniventia
1951 1146 2005 1193 et

420 1234 820 1299 subscriptione
850 1230 1192 1287 clericorum.

418 1322 659 1378 XXXIII.
702 1322 780 1376 De
809 1322 1065 1393 episcOpis
1100 1334 1265 1403 atque.
1294 1322 1623 1392 presbyteris,
1660 1331 1718 1375 ut
1747 1321 1803 1373 in
1831 1319 2009 1373 ordine

978 1409 1071 1446 suo
1109 1402 1445 1458 recipiantur.

493 1484 747 1554 Episcopi
776 1485 863 1539 vel
902 1483 1221 1554 presbyteri,
1256 1486 1303 1538 si
1328 1500 1491 1539 causa
1518 1481 1798 1538 visitandte
1834 1479 2008 1536 eccle-

420 1576 515 1631 siae
547 1578 768 1629 alterius
796 1575 1033 1644 episcopi
1072 1574 1139 1629 ad
1169 1575 1456 1630 ecclesiam
1484 1576 1725 1640 veniant,
1762 1573 1814 1626 in
1843 1570 2008 1642 gradu

421 1683 519 1723 suo
547 1666 926 1735 suscipiantur,
956 1676 1012 1719 et
1035 1677 1141 1719 tam
1174 1666 1239 1718 ad
1271 1666 1494 1719 verbum
1523 1663 1828 1720 faciendum
1849 1678 2007 1733 quam

422 1758 487 1811 ad
519 1757 847 1812 oblationem
879 1754 1305 1810 consecrandam
1336 1755 1647 1809 invitentur.

419 1846 664 1902 XXXIV.
704 1846 783 1901 De
810 1858 1007 1917 ρτιυοιο
1036 1861 1275 1900 consessu
1297 1846 1575 1917 presbyteri
1605 1862 1720 1900 cum
1750 1846 2006 1917 episcopo.
2037 1854 2087 1915 Β

497 1939 561 1993 Ut
588 1939 873 2008 episcopus
903 1936 1141 2007 quolibet
1173 1938 1293 1993 loco
1330 1938 1523 1994 sedens
1561 1948 1705 1993 stare
1732 1939 2013 2009 presbyte-

422 2046 538 2087 rum
581 2045 688 2085 non
718 2030 968 2099 patiatur.

492 2122 708 2179 XXXV.
752 2123 831 2177 De
856 2119 1418 2246 consessuungbyteri
1460 2138 1579 2176 cum
1618 2123 1857 2193 episcopo
1888 2123 1942 2177 in

1263 2210 1334 2246 ta.

434 2344 437 2347 _
501 2283 568 2340 Ut
607 2284 809 2353 episco;
833 2297 894 2334 ns
926 2284 979 2337 in
1014 2282 1259 2339 ecclesia:
1285 2296 1543 2337 consessu
1575 2282 2014 2352 presbyterorum

421 2375 705 2431 sublimior
752 2375 972 2438 sedeat;
1019 2376 1155 2428 intra
1205 2374 1423 2429 domum
1477 2388 1607 2428 vero
1649 2374 1908 2445 collegam
1954 2388 2012 2429 se

421 2467 861 2537 presbyterorum
894 2464 1011 2537 [U.,
1041 2466 1131 2535 6.,
1168 2465 1492 2539 presbyteri]
1534 2483 1655 2523 esse
1698 2477 2010 2537 cognoscat.

420 2555 667 2612 XXXVI.
710 2556 777 2611 Ut
801 2556 1079 2626 presbyteri
1122 2557 1448 2625 parochitani
1473 2568 1562 2629 aut
1599 2574 1688 2623 per
1713 2573 1767 2611 se
1806 2568 1895 2612 aut
1923 2572 2013 2629 per

742 2630 983 2681 sacristas
1022 2642 1141 2681 suos
1169 2630 1425 2698 accipiant
1453 2628 1697 2683 chrisma.

496 2718 803 2791 Presbyteri
832 2721 921 2789 qui
952 2734 1046 2788 per
1075 2719 1339 2775 diteceses
1361 2720 1622 2774 ecclesias
1651 2730 1866 2789 regunt,
1904 2733 2013 2773 non

420 2828 453 2869 a
482 2812 810 2884 quibuslibet
837 2812 1126 2883 episcOpis,
1156 2813 1251 2868 sed
1280 2828 1312 2868 a
1341 2813 1473 2878 suis,
1501 2828 1598 2869 nec
1628 2827 1722 2883 per
1743 2812 2013 2884 juniorem

424 2904 703 2973 clericum,
732 2905 828 2959 sed
876 2914 968 2959 aut
998 2920 1093 2973 per
1132 2920 1193 2960 se
1230 2904 1388 2975 ιω
1425 2906 1573 2972 ipsos
1601 2917 1695 2960 aut
1740 2920 1836 2974 per
1864 2904 2011 2958 illum

424 2997 515 3067 qui
563 2994 858 3052 sacrarium
914 3004 1099 3061 tenet,
1158 3006 1283 3051 ante
1335 2998 1550 3065 pascha:
1611 2996 2010 3051 solemnitatem

426 3090 659 3144 chrisma
691 3099 897 3160 petant.

422 3179 689 3235 XXXVH.
734 3168 811 3233 De
839 3179 1122 3234 obedientia
1152 3178 1484 3232 diaconorunt
1515 3195 1637 3249 erga
1666 3179 2005 3250 presbyteros.
2033 3203 2083 3268 ο
2184 3229 2387 3285 omnes
2425 3168 2721 3297 “6:31!

500 3273 759 3297 manu”...
796 3272 864 3297 :...
910 3286 970 3297 ..Α
1000 3270 1297 3297 “uiua”:
1332 3279 1386 3297 η,
1435 3271 1668 3297 “dum”:
1702 3271 2003 3297 ...ἥλω-Μ...

496 3273 761 3325 Diaconos
794 3272 868 3325 ita
909 3286 971 3325 se
1000 3270 1300 3340 presbyteri
1331 3279 1389 3325 ut
1433 3271 1669 3339 episcopi
1699 3271 2005 3325 ministrum

425 3377 545 3417 esse
577 3372 885 3432 cognoscat.

426 3451 715 3508 XXXVIII.
763 3450 831 3506 Ut
871 3450 1513 3574 diaconuseutilta‘ristiasn
1551 3452 1833 3524 presbyteri
1852 3454 2009 3524 jussu

1066 3537 1218 3574 muns
1242 3538 1297 3574 re
1323 3560 1335 3574 .

1066 3537 1335 3575 πηηιιιτει.

499 3612 571 3668 Ut
622 3611 882 3669 diaconus
934 3623 1199 3679 praesente
1262 3612 1577 3681 presbytero
1631 3614 2011 3668 eucharistiam

423 3704 667 3773 corporis
694 3701 893 3757 Christi
926 3702 1143 3771 populo,
1191 3703 1235 3756 si
1289 3704 1585 3758 necessitas
1632 3703 1801 3774 cogit,
1828 3702 2012 3773 jussus

420 3803 603 3861 croget
615 3832 629 3844 .

494 3884 740 3941 XXXIX.
787 3883 855 3940 Ut
886 3884 1135 3940 diaconus
1150 3887 1363 3957 jubente
1406 3892 1697 3958 presbytero
1743 3888 1939 3942 sedeat.

500 3978 568 4031 Ut
623 3976 881 4031 diaconus
936 3977 1173 4045 quolibet
1233 3978 1352 4032 loco
1403 3977 1627 4047 jubeute
1696 3978 2011 4047 presbytero

424 4069 628 4123 sedeat.

532 4157 641 4211 XL.
687 4155 756 4211 Ut
784 4158 1028 4211 diaconus
1048 4172 1220 4210 coram
1242 4157 1537 4279 presbytero
1560 4158 1903 4227 interrogatus

1054 4244 1236 4279 resnon
1277 4235 1377 4279 eat.

1054 4244 1377 4293 respondeat.

496 4318 564 4374 Ut
587 4318 845 4375 diaconus
871 4320 925 4374 in
951 4330 1217 4375 conventu
1250 4324 1685 4389 presbyterorum
1713 4320 2009 4389 interroga-

420 4418 512 4464 tus
545 4410 815 4479 loquatur.

496 4499 631 4554 XLI.
676 4498 746 4554 Ut
784 4502 1028 4555 diaconus
1064 4513 1298 4623 templare!
1334 4510 1531 4553 tantum
1580 4502 1742 4571 ofﬁcii
1768 4502 1937 4556 albam

1120 4588 1175 4623 in
1213 4587 1278 4623 ua
1306 4608 1319 4622 .

1120 4587 1319 4624 manat.

504 4662 571 4716 Ut
602 4662 860 4717 diaconus
890 4672 1134 4732 tempore
1176 4671 1383 4717 tantum
1413 4664 1703 4719 oblationis
1742 4675 1795 4719 et
1822 4665 2008 4721 lcetio-

424 4753 510 4808 nis
540 4754 659 4807 alba
692 4765 887 4805 utatur.

591 4844 747 4899 XLII.
791 4844 868 4897 De
897 4844 1093 4899 clericis
1122 4847 1208 4914 qui
1241 4861 1333 4914 pro
1363 4846 1463 4913 [ide
1492 4847 1669 4898 tentati
1698 4856 1835 4899 sunt.

496 4939 759 4991 Clericum
811 4937 948 4991 inter
995 4937 1318 4991 tentationes
1366 4935 1547 4990 ofﬁcio
1600 4950 1698 4991 suo
1742 4936 2002 4990 incuban-

424 5038 529 5079 tem
552 5034 574 5060 α
599 5026 849 5095 gradibus
877 5026 1295 5081 sublimandum.

424 5114 604 5172 .\'Llll.
649 5117 724 5171 De
751 5118 829 5171 his
849 5121 933 5187 qui
964 5135 1054 5188 pro
1078 5120 1183 5197 ﬁde
1210 5120 1577 5188 persecutiones
1607 5118 1671 5171 ab
1707 5117 2006 5186 inﬁdelibus

1047 5204 1185 5257 passi
1230 5201 1366 5241 sunt.

490 5276 847 5330 Christianum
875 5277 1200 5331 catholicum
1241 5278 1328 5343 qui
1357 5292 1453 5346 pro
1483 5279 1744 5334 catholica
1778 5278 1881 5334 lide
1912 5280 2007 5334 tri-

422 5370 715 5424 bulaiiones
751 5371 945 5438 patitur
964 5373 1111 5425 omni
1146 5370 1349 5423 honore
1376 5385 1407 5424 a
1447 5374 1812 5429 sacerdotibus
1836 5374 2004 5429 hono-

421 5462 647 5515 randum
673 5479 686 5513 :
709 5461 867 5516 etiam
897 5472 953 5516 et
978 5462 1321 5533 quotidianus
1354 5460 1523 5517 victus
1572 5465 1622 5518 ei
1654 5466 1999 5518 ministretur.

492 5626 519 5651 οι
548 5616 621 5687 lix
651 5615 711 5670 U.
739 5616 792 5669 In
818 5618 881 5669 A.
912 5626 963 5669 et
984 5618 1201 5687 reliquis
1227 5632 1243 5670 :
1269 5614 1513 5670 clericum
1541 5617 1672 5672 inter
1701 5623 2003 5672 tentationes

418 5685 481 5737 ab
507 5686 680 5750 ofﬁcio
707 5703 797 5739 suo
820 5685 1162 5741 incubantem.

496 5753 519 5788 ί)
549 5757 623 5807 Ex
658 5758 713 5808 Β.
749 5756 832 5815 IL.
886 5759 944 5809 Ε.
985 5759 1036 5818 Γ»,
1075 5758 1137 5811 Τ.
1166 5758 1217 5824 1,
1248 5758 1301 5820 2,
1334 5756 1424 5822 U.,
1472 5756 1536 5811 G.
1566 5756 1622 5810 In
1657 5762 1719 5812 Α.
1750 5776 1763 5811 :
1796 5760 2003 5813 barbam

418 5842 637 5895 namque
664 5825 909 5879 radicitus
939 5829 1105 5880 radat.
1141 5828 1195 5880 ln
1225 5827 1332 5893 Αἰ,
1370 5827 1583 5882 barbam
1624 5846 1784 5900 neque
1813 5829 2001 5884 radici-

1117 380 1502 439 COLLECTIO
1541 378 1875 438 CANONUM
1916 378 1978 437 S.
2020 377 2297 436 ISIDORO
2335 375 2599 435 HISPAL.
2644 372 3004 434 ASCRIPTA.

3595 370 3709 430 εοι

2426 492 2608 550 XLIV.
2662 495 2740 551 De
2784 505 2996 548 tonsura
3043 491 3370 547 clericorurn.

2178 584 2414 643 Clericus
2444 603 2545 643 nec
2572 603 2783 643 comam
2814 586 3032 651 nutriat,
3079 598 3181 638 nec
3206 581 3234 621 δ
3266 583 3489 638 barbam
3524 582 3708 637 radat.

2490 677 2649 734 XLV.
2691 679 2771 733 De
2796 677 2971 730 habitu
2992 676 3317 733 clericorum.

2179 772 2418 828 Clericus
2458 772 2847 843 professionem
2895 785 3049 825 suam
3088 772 3249 824 etiam
3302 768 3492 825 habitu
3526 777 3583 823 et
3631 784 3717 821 ln-

2108 877 2266 919 cessu
2289 864 2501 934 probet,
2539 872 2594 919 et
2618 863 2739 918 ideo
2785 876 2885 917 nec
2915 860 3156 918 vestibus
3180 874 3281 917 nec
3323 858 3715 916 calceamentis

2110 957 2360 1013 decorem
2389 967 2615 1026 quaerat.

2390 1048 2574 1104 XLVI.
2620 1046 2700 1101 De
2728 1047 3044 1102 continentia
3080 1045 3413 1099 clericorurn.

2178 1138 2418 1195 Clericus
2444 1155 2565 1194 cum
2596 1142 2867 1193 extraneis
2897 1137 3215 1192 mulieribus
3240 1150 3349 1190 non
3378 1134 3609 1191 habitet.

2346 1231 2500 1304 147
2532 1229 2743 1286 XLVII.
2786 1228 2864 1284 De
2891 1231 3095 1284 incessu
3134 1228 3460 1283 clericorum.

2179 1324 2416 1379 Clericus
2470 1338 2567 1393 per
2619 1322 2827 1392 plateas
2879 1330 2935 1376 et
2986 1320 3259 1375 andronas
3310 1320 3415 1373 nisi
3464 1328 3614 1374 certa
3658 1321 3719 1372 et

2109 1417 2341 1471 maxima
2370 1414 2534 1470 ofﬁcii
2562 1416 2643 1469 sui
2676 1413 3001 1469 necessitate
3030 1426 3139 1466 non
3169 1411 3429 1465 ambulet.

2109 1507 2345 1565 XLVIII.
2385 1506 2464 1562 De
2490 1504 2695 1561 clericis
2718 1503 3371 1630 qgmznt‘tecessitatem
3394 1500 3468 1555 ad
3513 1497 3717 1553 nundi-

2179 1668 2445 1736 Clericns,
2475 1671 2569 1740 qui
2613 1682 2720 1724 non
2754 1683 2851 1737 pro
2878 1666 3110 1723 emendo
3132 1664 3336 1736 aliquid
3356 1653 3429 1719 in
3460 1660 3713 1718 nundinis

2110 1764 2197 1819 vel
2220 1763 2272 1818 in
2294 1763 2411 1819 foro
2434 1762 2865 1829 deambulatpab
2891 1760 3071 1814 oflicio
3097 1773 3198 1814 suo
3223 1756 3580 1827 degradetur.

2509 1852 2699 1909 XLIX.
2742 1852 2818 1907 De
2845 1852 3035 1923 vigiliis
3063 1848 3387 1903 clericorum.

2186 1945 2447 2012 Clericus,
2488 1947 2581 2016 qui
2620 1944 2823 2013 absque
2872 1942 3175 2011 corpusculi
3216 1942 3301 1995 sui
3347 1937 3721 2009 inaqualitate

2113 2037 2306 2108 vigiliis
2333 2036 2506 2102 deest,
2530 2033 2799 2107 stipendio
2826 2033 3065 2103 privatus
3091 2031 3623 2087 eacommunicetur.

2349 2129 2412 2184 L.
2454 2127 2534 2184 De
2558 2127 2760 2183 clericis
2788 2126 2849 2180 ab
2871 2125 3048 2195 officio
3081 2124 3484 2179 declinantibus.

2184 2219 2457 2276 Clericum
2490 2220 2633 2275 inter
2661 2217 2990 2274 tentationes
3027 2216 3096 2272 ab
3136 2215 3317 2271 omcio
3345 2214 3722 2269 declinantem

2116 2315 2201 2367 vel
2270 2313 2630 2383 negligentius
2683 2321 2933 2380 agentem
2987 2310 3055 2363 ab
3109 2308 3229 2378 ipso
3292 2306 3481 2363 ofﬁcio
3538 2322 3724 2365 remo-

2114 2405 2367 2461 vendam.

2562 2494 2647 2551 [Δ.
2689 2494 2771 2550 De
2811 2493 2983 2549 clerici
3020 2494 3260 2561 artiﬁcio.

2184 2590 2446 2655 Clericus,
2487 2589 2785 2660 quamlibet
2806 2598 2831 2627 ο
2857 2588 3022 2644 verbo
3061 2586 3161 2643 Dei
3189 2585 3458 2656 eruditus,

2116 2683 2310 2738 victum
2342 2690 2565 2751 quierat.

2398 2770 2505 2826 LII.
2547 2770 2627 2824 De
2654 2770 2827 2825 clerici
2855 2770 3151 2824 resde
3176 2777 3226 2823 et
3261 2768 3425 2824 victu.

2183 2861 2424 2917 Clericus
2463 2862 2661 2917 victum
2709 2864 2769 2916 et
2810 2861 3189 2917 vestimentum
3220 2861 3328 2916 sibi
3370 2862 3439 2915 ab
3492 2859 3733 2915 artiﬁcio

2113 2956 2196 3012 vel
2246 2955 2573 3025 agricultura
2624 2954 2828 3024 absque
2868 2952 3033 3009 ofﬁcii
3080 2953 3166 3009 sui
3219 2950 3486 3007 duntaxat
3554 2950 3730 3007 detri-

2112 3055 2292 3103 mento
2319 3056 2603 3117 pmparet.

2506 3136 2641 3193 LIII.
2685 3134 2767 3192 De
2802 3136 3003 3193 clericis
3046 3136 3317 3193 invalidis.

2752 3228 2819 3283 ad
2864 3228 3206 3298 operandam
3252 3227 3474 3285 invalidi
3505 3237 3641 3285 sunt
3673 3235 3736 3285 et

2113 3321 2390 3378 artiﬁciola
2419 3330 2475 3378 et
2502 3323 2710 3377 litteras
2738 3320 2973 3376 discant.

2543 3411 2676 3467 LIV.
2716 3410 2797 3468 De
2833 3413 3036 3468 clericis
3064 3414 3279 3469 incidis.

2183 3502 2423 3559 Clericus
2453 3504 2699 3561 invidens
2728 3503 2955 3561 fratrum
2987 3504 3326 3577 proiectibus
3355 3505 3534 3563 donec
3560 3506 3620 3563 in
3650 3507 3746 3564 vi.

2114 3594 2192 3651 tio
2220 3606 2303 3652 est
2328 3611 2434 3650 non
2462 3608 2860 3667 promoveatur.

2460 3686 2566 3741 LV.
2610 3684 2689 3741 De
2720 3687 2920 3741 clericis
2953 3688 3369 3744 accusatoribus.

2186 3776 2254 3832 Ut
2282 3778 2523 3846 episcopi
2551 3790 2897 3833 accusatores
2926 3778 3157 3834 fratrum
3202 3781 3739 3847 excommunieent;

2112 3877 2168 3924 et
2191 3869 2239 3923 si
2265 3870 2673 3923 emendaverint
2702 3868 2915 3934 vitium,
2939 3867 3213 3937 recipiant
3251 3882 3348 3925 eos
3378 3870 3449 3925 ad
3478 3884 3739 3928 commu-

2111 3961 2352 4024 nionem,
2380 3976 2483 4014 non
2507 3961 2572 4014 ad
2598 3962 2821 4015 clerum.

2219 4048 2356 4103 LVI.
2398 4050 2477 4104 De
2517 4050 2713 4104 clericis
2740 4052 3103 4107 adulatoribus
3146 4064 3194 4107 et
3234 4054 3622 4122 proditoribus.

2182 4137 2421 4194 Clericus
2447 4138 2537 4207 qui
2565 4139 2965 4196 adulationibus
3005 4156 3060 4197 et
3099 4143 3504 4209 proditionibus
3530 4160 3741 4205 vacare

2111 4229 2533 4301 deprehenditur
2555 4230 2876 4300 degradetur
2907 4232 2976 4287 ab
3002 4232 3209 4288 officio.

2495 4345 2655 4401 LVII.
2696 4344 2775 4401 De
2794 4346 2999 4401 clericis
3035 4346 3328 4401 maledicis.

2180 4458 2420 4515 Clericus
2467 4457 2759 4513 maledicus
2807 4459 3158 4527 maximeque
3219 4460 3272 4512 in
3321 4460 3738 4527 sacerdotibus,

2037 4557 2090 4617 D
2118 4564 2340 4621 cogatur
2368 4550 2437 4605 ad
2482 4551 2850 4617 postulandam
2882 4551 3133 4617 veniant;
3185 4550 3231 4604 si
3266 4549 3429 4623 ιω
3469 4555 3737 4618 noluerit,

2110 4641 2429 4712 degradetur
2469 4656 2568 4695 nec
2606 4655 2841 4710 unquam
2872 4641 2941 4695 ad
2979 4640 3230 4697 ofﬁcium
3272 4642 3480 4712 absque
3511 4640 3741 4699 satisfa-

2110 4734 2289 4789 ctione
2327 4742 2627 4787 revocetur.

2290 4823 2471 4878 LVIII.
2512 4824 2591 4878 De
2632 4823 2837 4877 clericis
2868 4826 3161 4895 frequenter
3190 4823 3544 4895 litigantibus.

2181 4913 2307 4982 Ejus
2331 4914 2421 4982 qui
2454 4915 2760 4983 frequenter
2785 4914 2958 4984 litigat
2986 4924 3042 4969 et
3070 4915 3139 4970 ad
3186 4913 3565 4971 accusandum
3600 4913 3738 4971 faci-

2108 5003 2171 5058 lis
2201 5013 2283 5058 est
2311 5005 2677 5059 testimonium
2720 5018 2880 5060 nemo
2923 5006 3132 5077 absque
3158 5009 3311 5077 gravi
3341 5006 3613 5064 examino
3648 5021 3737 5065 re-

2106 5093 2286 5164 cipiat.

2425 5187 2557 5241 LIX.
2602 5185 2679 5243 De
2700 5186 3120 5244 discordantibus
3158 5192 3385 5247 clericis.
3446 5230 3453 5233 -

2176 5278 2552 5335 Discordantes
2604 5281 2829 5337 clericos
2883 5282 3177 5353 episcopus
3229 5281 3317 5339 vel
3369 5284 3592 5339 ratione
3651 5286 3732 5335 vol

2106 5385 2368 5445 potesrate
2400 5374 2466 5428 ad
2505 5376 2852 5430 concordiam
2885 5378 3067 5431 trahat
3098 5391 3112 5429 :
3140 5374 3524 5434 inobedientes
3552 5393 3659 5449 syn
3691 5396 3734 5421 το

2104 5467 2202 5521 dus
2226 5480 2318 5535 per
2361 5467 2686 5521 audientiam
2717 5469 2940 5523 damnet

2106 5632 2186 5675 tus
2212 5622 2447 5675 abradat.

2104 5694 2303 5817 ωὲιξεχ
2328 5692 2440 5762 ΑΕ..
2474 5694 2528 5748 B.
2559 5692 2647 5758 λ,
2683 5693 2745 5748 τ.
2783 5693 2835 5760 l,
2865 5696 2924 5762 2,
2955 5693 3049 5762 u.,
3075 5695 3144 5752 α.
3180 5694 3242 5752 ιιι
3280 5695 3374 5763 A.,
3403 5696 3474 5756 ε.
3510 5695 3567 5769 3,
3602 5715 3725 5769 quo-
