3870 6338
149 392 230 451 Ξοε
1014 395 1287 453 ΑΡΜοΕ
1326 395 1667 453 CONCILIA.

1833 398 2396 462 LIIITIIAGI‘NENSE
2437 404 2525 460 IV.

356 508 466 565 LX.
512 508 589 561 De
612 509 816 564 clericis
843 512 1153 582 turpilsquis
1184 514 1261 567 vel
1291 514 1452 585 vagis.

203 600 439 658 Clerieum
484 602 776 657 scurrilcm
818 612 877 658 et
916 604 1095 661 verbis
1144 606 1706 676 turpibusjocularem

146 692 200 749 ab
223 693 379 746 ollicio
400 691 817 750 retrahendum.

288 780 415 838 LXI.
461 782 539 839 De
565 787 775 841 clericis
800 804 890 856 per
921 796 1185 845 creaturas
1206 791 1525 861 jurantibus.

199 874 439 932 Clericum
470 894 567 947 per
593 891 885 936 creaturas
925 883 1192 951 iurantem
1224 886 1485 939 acerrime
1524 883 1710 953 objur-

142 968 339 1036 gandurn
366 986 381 1036 ;
410 970 457 1025 si
488 971 801 1039 perstiterit
836 972 893 1025 in
933 973 1067 1027 vitio
1105 974 1705 1031 excommunicandum.

254 1060 403 1116 LXII.
442 1060 522 1114 De
552 1060 761 1116 clericis
810 1064 950 1117 sanis
968 1065 1179 1137 jejunio
1205 1068 1575 1136 polluentibus.

200 1152 443 1207 Clericnm
470 1152 562 1221 qui
592 1161 847 1222 tempore
896 1155 1079 1211 indicti
1121 1157 1310 1227 jejunii
1361 1160 1566 1226 absque
1594 1161 1711 1217 ine-

144 1243 313 1296 vitalrill
350 1246 670 1301 necessitate
688 1246 958 1317 jejunium
984 1253 1184 1322 rumpit
1204 1252 1473 1309 minorem
1507 1254 1708 1311 baben-

142 1334 241 1388 dum
268 1334 535 1391 :districte
562 1351 911 1396 coerceatur.

257 1425 426 1481 LXIII.
468 1428 546 1482 De
572 1432 786 1485 clericis
814 1432 947 1485 inter
991 1434 1170 1502 epulas
1214 1436 1559 1490 cantantibus.

194 1515 438 1575 Clericum
473 1519 616 1577 inter
646 1523 845 1590 epulas
886 1530 1193 1577 cantantem
1230 1527 1498 1579 acerrime
1525 1527 1707 1597 objur-

138 1610 336 1678 gandum
361 1622 417 1674 ις
448 1613 494 1665 si
524 1612 832 1679 perstiterit
866 1612 919 1666 in
949 1612 1078 1667 vitio
1106 1617 1701 1675 excommunicandum.

184 1698 343 1754 LXIV.
385 1700 465 1755 De
490 1704 572 1756 his
607 1705 706 1772 qui
734 1705 965 1760 studiose
993 1706 1252 1763 dominico
1284 1710 1367 1764 die
1383 1712 1644 1781 jejunant.

190 1792 277 1857 Qui
303 1793 569 1850 dominico
612 1794 711 1852 die
758 1797 1005 1854 studiose
1050 1798 1265 1869 jejunat
1303 1816 1408 1854 non
1453 1803 1707 1858 credatur

134 1881 409 1939 catholicas.

280 1974 427 2029 LXV.
472 1975 554 2031 De
575 1977 777 2049 pascha
806 1994 909 2033 uno
931 1990 1158 2048 tempore
1188 1980 1517 2039 celebranda.

187 2066 386 2125 Pascha
408 2070 739 2127 solemnitas
766 2088 873 2126 uno
903 2072 993 2129 die
1013 2084 1068 2129 et
1095 2083 1337 2144 tempore
1358 2076 1697 2133 celebranda.

279 2162 451 2218 LXVI.
500 2164 571 2219 Ut
616 2167 841 2222 clericus
877 2177 1110 2221 recurrat
1146 2170 1216 2222 ad
1243 2171 1520 2240 synodum.

188 2255 421 2323 Clericus,
452 2259 542 2325 qui
574 2259 829 2327 episcopi
857 2260 1001 2313 circa
1025 2276 1085 2314 so
1126 2262 1524 2319 districtionem
1554 2264 1699 2335 inju-

133 2352 239 2399 stam
266 2356 425 2414 putat,
453 2356 713 2411 recurrat
739 2347 806 2400 ad
835 2346 1123 2417 synodum.

397 2436 610 2493 LXVII.
662 2438 743 2491 Ile
781 2440 1128 2495 seditionariis
1167 2443 1385 2500 clericis.

184 2526 549 2584 Seditionarios
583 2545 870 2598 nunquam
910 2532 1241 2588 ordinandus
1272 2536 1525 2605 clericos,
1557 2537 1698 2595 sicut

132 2630 209 2673 nec
228 2623 480 2675 usurarios
507 2622 594 2675 vel
631 2621 954 2689 iniuriarum
987 2637 1206 2678 suarum
1234 2625 1460 2681 ultores.

248 2712 392 2781 ιω
421 2710 668 2767 LXVIII.
703 2711 784 2766 De
813 2714 1172 2779 pcnitentibus
1221 2717 1471 2771 ordinatis
1503 2716 1551 2772 δ.

184 2798 248 2853 Es
277 2803 670 2870 penitentibus
702 2806 949 2872 quamvis
999 2804 1173 2859 bonus
1212 2806 1444 2861 clericus
1475 2823 1579 2865 non
1610 2824 1698 2865 orl-

130 2887 348 2946 dinetur:
388 2896 430 2949 si
463 2910 563 2963 per
612 2894 980 2966 ignorantiam
1031 2898 1274 2967 episcopi
1311 2900 1485 2955 lactus
1514 2903 1693 2972 fuerit,

130 2980 383 3049 deiciatur
407 3002 437 3041 a
457 2988 635 3052 clero,
654 2989 779 3058 quia
798 2988 1155 3045 ordinationis
1176 3000 1417 3061 tempore
1439 3009 1545 3051 non
1570 3011 1697 3066 pro-

130 3074 235 3132 didit
268 3092 321 3133 se
348 3080 510 3133 luisse
540 3080 901 3148 panitentem
933 3097 947 3135 :
982 3081 1028 3136 si
1071 3091 1251 3137 autem
1284 3085 1462 3142 sciens
1487 3088 1698 3158 episco—

130 3179 203 3232 pus
223 3168 560 3238 ordinaverit,
613 3169 783 3226 etiam
817 3169 937 3241 ipse
964 3173 1032 3227 ab
1064 3176 1404 3246 episcopatus
1431 3178 1517 3232 sui
1543 3177 1694 3234 ul'tII-

128 3256 253 3313 saudi
291 3259 546 3317 duntaxat
586 3272 866 3334 potestate
894 3267 1160 3334 privetur.

381 3354 580 3410 LXIX.
640 3355 726 3412 De
762 3359 1016 3428 episcopis
1068 3359 1328 3415 damnatis
1362 3375 1407 3415 ο.

180 3444 327 3501 Simili
350 3448 641 3504 sententiae
664 3449 971 3518 subjaccbit
990 3449 1275 3521 cpiscopus
1288 3451 1335 3507 si
1352 3452 1532 3509 sciens
1548 3454 1698 3510 ordi-

126 3538 298 3593 caverit
340 3541 603 3598 clericum
661 3559 787 3597 eum
820 3545 913 3613 qui
964 3544 1177 3601 viduam
1229 3555 1321 3601 aut
1361 3549 1696 3620 repudiatam

125 3642 309 3689 uxorem
338 3633 523 3691 habuit
555 3636 639 3691 vel
663 3636 979 3690 secundam.

388 3726 565 3783 LXX.
612 3727 692 3780 De
734 3728 1040 3784 clericorum
1088 3733 1331 3790 conviviis
1361 3733 1409 3791 ἀ.

176 3811 391 3873 Clericus
462 3818 854 3875 haereticorum
909 3821 993 3875 vel
1048 3821 1524 3883 scliismaticorum
1582 3837 1695 3887 tam

122 3908 323 3964 convivia
346 3927 506 3979 quam
539 3911 862 3968 sodalitates
890 3914 1172 3985 arqualiter
1210 3919 1361 3974 vitet.

298 4001 484 4059 LXXI.
534 4003 619 4059 De
664 4007 1030 4060 conventiculis
1080 4008 1456 4067 hereticorum.

174 4090 541 4151 Cauventicula
580 4088 964 4154 haereticorum
997 4115 1105 4156 non
1135 4102 1415 4170 ecclesias,
1447 4104 1542 4161 scd
1564 4121 1696 4163 con-

121 4185 330 4245 dliabula
351 4191 711 4261 appellanda.

234 4277 430 4338 LXXII.
470 4281 664 4353 Neque
712 4299 830 4337 cum
878 4283 1132 4340 luereticis
1167 4286 1519 4359 psallendum.

189 4371 305 4427 Cum
353 4375 631 4432 haereticis
686 4392 863 4449 neque
917 4379 1181 4435 orandum
1242 4384 1417 4453 neque
1458 4384 1692 4456 psallen-

121 4464 237 4521 dum.

124 4552 317 4616 LXXIII.
354 4563 434 4619 De
473 4567 563 4621 Itis
586 4568 679 4635 qui
707 4572 1201 4627 communicaverint
1238 4590 1357 4629 cunt
1393 4591 1689 4630 excommu-
1720 4580 1770 4640 D

772 4643 961 4696 nicato.

188 4723 272 4791 Qui
318 4730 803 4786 communicaverit
853 4733 941 4789 vel
990 4738 1232 4792 oraverit
1279 4752 1401 4793 cum
1465 4755 1689 4797 excom-

122 4818 354 4877 municato
376 4866 392 4889 ,
435 4823 558 4879 sive
584 4824 819 4882 clericus
842 4826 960 4884 sive
992 4830 1159 4886 laicus
1184 4873 1202 4898 ,
1248 4836 1690 4891 excommunice-

124 4918 202 4965 lll’.
706 4962 707 4965 η
1300 4961 1309 4969 .

406 5007 648 5064 LXXIV.
683 5007 760 5065 De
799 5013 1147 5083 paenitentiam
1195 5015 1327 5087 lege.

172 5091 231 5150 Ut
252 5101 505 5156 sacerdos
532 5103 904 5172 paenitentiam
958 5108 1267 5178 imploranti
1322 5112 1527 5182 absque
1563 5126 1686 5184 per-

120 5196 567 5265 sonsacceptione
614 5199 948 5267 poenitentiae
1001 5201 1148 5272 leges
1195 5204 1463 5275 injungat.

263 5284 477 5342 LXXV.
508 5288 587 5342 De
616 5292 1065 5362 negligentieribus
1103 5296 1485 5366 pwnitentibus.

174 5371 228 5429 Ut
254 5381 676 5453 negligentiores
707 5390 1034 5456 prenitentes
1086 5389 1295 5444 tardius
1325 5391 1680 5463 recipiantur.

159 5510 315 5590 .‘ﬂ‘L,
349 5515 411 5571 Β.
440 5518 527 5579 ιι..
562 5520 625 5575 Ε.
660 5519 713 5587 5,
758 5521 819 5576 T.
858 5522 912 5586 I,
941 5521 996 5589 2,
1030 5520 1122 5588 U.,
1147 5521 1238 5590 0.,
1278 5524 1522 5579 clericum
1556 5527 1683 5580 inter

118 5580 260 5705 epist/ias
294 5601 584 5646 cantantem
616 5580 925 5663 supradictis
957 5580 1512 5651 sententitc'severitatc
1542 5615 1684 5651 coer-

118 5665 184 5701 ten
220 5673 313 5705 nm-

118 5665 313 5713 tendum.

172 5724 191 5759 λδ
221 5726 266 5809 lo
284 5732 519 5807 reliquis,
550 5746 748 5800 praeter
768 5738 861 5806 A.,
897 5736 967 5794 Ut
997 5755 1062 5794 ea:
1085 5738 1446 5809 pauitantibus
1468 5742 1685 5796 ordina-

116 5800 178 5844 tas
209 5800 413 5871 clericus
443 5809 745 5871 deponatur.

170 5866 270 5924 ‘Iu
296 5866 538 5945 reliquis,
581 5888 779 5949 prater
803 5882 895 5952 A.,
948 5881 1021 5940 Ut
1072 5884 1341 5957 episCOpus
1391 5885 1560 5941 vidua:
1607 5886 1685 5941 vel

1723 3222 1771 3285 ϐ

3287 415 3390 471 Ξου

1732 522 1785 574 Λ
1812 512 2045 569 LXXVI.
2092 516 2166 568 De
2196 520 2514 582 poscentibus
2542 522 2887 590 paenitentiam
2927 522 2971 576 si
3011 532 3185 593 postea
3211 526 3387 583 obmu-

2496 600 2626 644 lt‘svtt
2636 602 2683 644 ttt
2696 633 2706 644 .

1883 676 1930 732 Is
1958 678 2046 747 qui
2097 680 2464 748 pmnitentiam
2498 682 2549 734 in
2596 684 2905 739 inﬁrmitate
2934 688 3136 755 positus
3164 688 3315 756 petit,
3346 690 3395 745 sl

1812 781 1941 824 casu
1965 770 2092 824 dum
2133 770 2201 825 ad
2243 788 2364 827 eum
2410 775 2661 827 sacerdos
2693 777 2943 832 invitatus
2971 780 3135 845 venit,
3167 795 3393 849 oppres-

1811 876 1903 916 sus
1930 861 2240 917 inﬁrmitate
2271 864 2603 921 obmutuerit
2634 866 2717 921 vel
2764 869 2817 921 in
2869 870 3173 936 phrenesin:
3207 886 3394 927 versus

1810 953 1993 1021 fuerit,
2021 957 2149 1011 dent
2190 959 2549 1011 testimonium
2583 960 2673 1027 qui
2704 975 2826 1013 eum
2871 960 3153 1014 audierunt
3179 971 3234 1016 et
3258 964 3392 1019 acci-

1814 1044 1921 1111 piat
1970 1048 2384 1115 ptenitcntiam;
2445 1049 2603 1121 150
2656 1063 2707 1104 et
2753 1053 2796 1106 si
2837 1053 3096 1106 continuo
3162 1054 3392 1107 creditur

1813 1135 2139 1205 moriturus,
2193 1139 2570 1194 reconcilietur
2626 1156 2720 1208 per
2760 1157 2950 1197 manus
3000 1142 3394 1209 impositionem

1811 1236 1865 1281 et
1911 1227 2227 1282 infundatur
2277 1231 2361 1284 ori
2404 1230 2524 1300 ejus
2574 1232 2942 1285 eucharistia:
2994 1234 3040 1286 si
3083 1235 3401 1299 supervixe-

1810 1317 1917 1384 rit,
1970 1318 2327 1395 admoneatur
2355 1335 2383 1374 a
2413 1321 2733 1390 supradictis
2767 1323 2993 1377 testibus
3023 1322 3262 1390 petitioni
3291 1338 3403 1380 sua

1810 1406 2190 1477 satisfactum,
2246 1423 2303 1467 et
2352 1413 2615 1468 subdatur
2664 1416 2878 1469 statutis
2937 1414 3263 1484 praenitentiai
3321 1417 3401 1474 le-

1809 1499 1986 1571 gibus,
2018 1502 2251 1570 quandiu
2292 1505 2546 1560 sacerdos
2575 1504 2665 1575 qui
2694 1507 3064 1573 paenitentiam
3097 1506 3244 1562 dedit
3271 1520 3403 1577 prov

1811 1592 2033 1649 baverit.

2204 1686 2469 1741 LXXVII.
2513 1686 2593 1740 De
2630 1688 3005 1756 penitentibus.

1881 1772 2217 1831 Pmnitentes
2247 1777 2343 1846 qui
2376 1778 2429 1832 in
2463 1777 2775 1834 inﬁrmitate
2804 1790 2929 1834 sunt
2967 1780 3221 1837 viaticum
3260 1782 3403 1839 acci-

1732 1868 1782 1931 B
1808 1864 1977 1934 piant.

2113 1954 2397 2013 LXXVIII.
2441 1958 2469 2011 Ι
2479 1967 2579 2011 tem
2611 1959 2676 2012 de
2702 1959 3083 2028 paenitentibus.

1877 2042 2214 2103 Pmnitentes
2238 2050 2329 2119 qui
2362 2050 2414 2103 in
2442 2046 2757 2105 inﬁrmitate
2786 2050 3035 2105 viaticum
3062 2050 3403 2107 eucharistiai

1801 2139 2234 2206 acceperintnon
2265 2155 2325 2196 se
2355 2140 2580 2196 credant
2627 2142 2907 2197 absolutos
2930 2142 3049 2197 sine
3080 2155 3270 2197 manus
3293 2144 3400 2198 im-

1804 2227 2091 2294 positione,
2126 2232 2172 2283 si
2203 2233 2623 2300 supervixerint.

1832 2317 2073 2373 LXXIX.
2119 2320 2196 2374 De
2231 2326 2589 2394 pwnitentibus
2617 2326 2662 2379 si
2697 2339 2823 2380 casu
2862 2326 3036 2396 aliqua
3075 2328 3384 2385 moriantur.

1874 2410 2244 2479 Poenitentes,
2299 2418 2387 2483 qui
2432 2424 2638 2473 attente
2687 2418 2836 2489 leges
2888 2419 3217 2488 ptenitenti-c
3268 2435 3396 2477 exe-

1802 2514 2061 2570 quuntur,
2094 2506 2139 2560 si
2176 2520 2305 2562 casu
2358 2509 2410 2562 in
2444 2511 2635 2565 itinere
2668 2514 2748 2567 vel
2781 2513 2833 2566 in
2867 2514 3001 2568 mari
3032 2514 3229 2567 mortui
3287 2514 3402 2570 lue-

1802 2591 1914 2646 rint
1948 2596 2038 2647 ubi
2067 2595 2144 2651 eis
2172 2599 2447 2655 subveniri
2480 2616 2586 2656 non
2615 2603 2809 2671 potuit,
2842 2605 3102 2659 memoria
3134 2619 3319 2661 eorum
3347 2615 3403 2661 et

1801 2687 2136 2742 orationibus
2166 2699 2220 2743 et
2249 2692 2613 2749 oblationibus
2636 2688 3043 2752 comrn'ttndetur

1802 2793 1804 2795 ‘
1858 2774 2076 2833 LXXX.
2124 2780 2205 2833 De
2242 2798 2429 2837 manus
2470 2784 2799 2857 impositions
2836 2804 2990 2857 super
3026 2793 3343 2859 praenitentes.

1872 2867 2032 2925 Omni
2078 2881 2322 2943 tempore
2367 2874 2559 2947 jejunii
2607 2894 2800 2935 manus
2829 2881 3215 2950 penitentibus
3242 2900 3274 2941 a
3318 2903 3404 2943 sa-

1800 2961 2111 3017 cerdotibus
2152 2965 2485 3035 imponatur.

1799 3048 2042 3107 LXXXI.
2090 3054 2158 3108 Ut
2209 3060 2505 3127 praenitentes
2540 3072 2771 3118 ntortuos
2799 3064 3012 3133 eﬂerant
3042 3080 3089 3122 et
3131 3074 3402 3142 sepeliant.

1873 3142 2111 3201 MortuOs
2137 3150 2383 3204 ecclesias
2408 3152 2729 3220 paenitenter.
2760 3155 2987 3211 ellerant
3028 3170 3082 3213 et
3111 3163 3400 3230 sepeliant.

1910 3234 2176 3291 LXXXII.
2207 3238 2275 3293 Ut
2306 3243 2603 3309 paenitentes
2632 3260 2831 3317 semper
2860 3262 3022 3318 genua
3045 3250 3278 3320 ﬂectant.

1875 3325 2209 3386 PIBIIIICDICS
2263 3332 2424 3387 etiam
2482 3334 2674 3390 diebus
2722 3340 3057 3395 remis~iunis
3096 3358 3269 3410 genus
3306 3342 3407 3401 ﬂe-

1802 3427 1969 3471 Clalll.

1946 3507 2235 3566 LXXXIII.
2269 3510 2348 3567 De
2393 3516 2598 3570 senibus
2646 3518 2875 3573 ecclesiae
2920 3524 3258 3581 honorandis.

1871 3600 2143 3672 Paupcres
2190 3613 2247 3661 et
2282 3621 2444 3663 senes
2498 3610 2742 3665 ecclesiae
2794 3611 2912 3680 plus
2966 3614 3174 3671 caneris
3203 3617 3404 3674 bono-

1801 3696 2020 3751 randus.

1870 3786 2161 3844 LXXXIV.
2196 3792 2273 3846 De
2300 3792 2595 3918 inﬁdelibus
2625 3813 2718 3875 pro
2746 3797 3006 3852 audienda
3034 3802 3250 3856 lectione
3274 3804 3329 3858 in

2484 3881 2571 3918 ecc
2593 3881 2719 3918 eam.

2484 3881 2719 3920 εεειεδδα.

1883 3951 1955 4009 Ut
2004 3954 2289 4024 episcopus
2350 3955 2552 4011 nullum
2625 3961 2905 4028 prohibeat
2960 3964 3169 4034 ingredi
3224 3969 3401 4024 eccleo

1799 4043 1933 4099 siam
1973 4054 2029 4100 et
2056 4047 2243 4101 audire
2273 4047 2497 4103 verbum
2532 4050 2649 4117 Dei,
2672 4054 2787 4108 sive
2812 4055 3101 4122 Gentilem,
3131 4060 3247 4116 sive
3285 4065 3397 4117 liae-

1799 4142 2051 4210 reticum,
2078 4144 2192 4200 εἰναι
2213 4144 2481 4215 Judaeum,
2510 4164 2682 4219 usque
2711 4152 2778 4206 ad
2810 4152 3029 4211 missam
3056 4162 3398 4215 catechume-

1798 4250 2013 4293 ηοτιιιιὶ.

1907 4326 2174 4382 LXXXV.
2211 4328 2279 4385 Ut
2314 4332 2403 4400 qui
2440 4332 2742 4403 baptizandi
2769 4350 2887 4392 sunt
2934 4356 3117 4395 nomen
3153 4344 3294 4399 dent.

1872 4420 2186 4490 Baptizandi
2227 4439 2422 4479 nomen
2458 4441 2612 4480 suum
2666 4430 2833 4496 dent,
2890 4440 2943 4484 ct
2987 4432 3114 4485 dum
3159 4434 3259 4489 sub
3303 4436 3402 4492 ab-

1800 4511 2055 4569 stinentia
2104 4514 2214 4569 vini
2267 4526 2321 4570 ct
2383 4520 2627 4572 carnium
2694 4538 2755 4575 ac
2812 4538 3001 4577 manus
3062 4526 3401 4594 impositionc

1804 4606 1957 4679 151
2004 4609 2197 4663 crebro
2251 4614 2667 4679 examinantur,
2711 4614 3036 4685 baptismum
3080 4619 3397 4691 percipiant.

1940 4706 2245 4782 LXXXVI:
2278 4728 2345 4784 Ut
2388 4747 2551 4801 nuper
2596 4729 2843 4801 baptizati
2882 4749 3015 4791 caste
3059 4737 3253 4792 vivant.

1864 4836 2133 4911 Neopliyti
2157 4840 2465 4909 aliquandiu
2494 4852 2549 4899 ct
2575 4844 2889 4902 lautioribus
2910 4849 3084 4919 epulis
3106 4860 3162 4906 et
3192 4863 3401 4922 specta-

1794 4933 1931 4987 culis
1961 4933 2040 4987 vel
2074 4932 2446 5003 conjugalibus
2476 4946 2500 4973 ε
2522 4938 2846 4993 abstineant.

1829 5044 2144 5103 LXXXVII.
2178 5046 2259 5102 De
2297 5048 2564 5104 catholicis
2604 5054 2913 5179 qui‘causas
2941 5059 3088 5127 apud
3130 5059 3363 5129 inﬁdeles

2427 5139 2695 5179 manorum
2726 5167 2738 5179 .

2426 5139 2738 5194 proponunt.

1861 5207 2171 5266 Catliolicus
2202 5213 2295 5283 qui
2319 5228 2535 5270 causam
2570 5213 2591 5252 ί
2633 5218 2745 5272 εἰνυ
2767 5218 2962 5287 justam
2997 5224 3110 5278 sive
3140 5224 3391 5293 injustam

1791 5301 1857 5355 ad
1898 5302 2165 5369 judicium
2199 5306 2421 5363 alterius
2455 5306 2579 5364 ﬁdei
2628 5310 2823 5378 iudicis
2855 5323 3132 5382 provocat,
3174 5329 3391 5369 cxcom~

1789 5392 2115 5450 municetur.

1789 5533 2079 5608 repudiata;
2110 5537 2355 5587 maritum
2386 5537 2454 5590 ad
2503 5538 2695 5592 clertun
2749 5556 3047 5607 promovens
3088 5544 3396 5608 deponatur.

1864 5604 1886 5641 ἀ
1907 5606 1960 5658 In
1988 5606 2229 5673 reliquis.
2252 5620 2443 5671 prater
2468 5610 2559 5673 A.,
2578 5609 2643 5662 δ’(
2666 5604 2879 5665 clericus
2902 5604 3257 5669 Ita’reticornm
3277 5630 3398 5665 ron~

1788 5675 1920 5731 triuia
1950 5679 2023 5729 vel
2057 5682 2314 5732 consortia
2356 5682 2538 5748 fugiat.

1865 5758 1889 5784 ο
1923 5750 2033 5802 ΑΞ..
2064 5755 2369 5817 spectantis
2402 5755 2786 5823 t‘HthllgtllibIlb'.

1868 5820 1886 5857 ί
1924 5822 2040 5887 .L.,
2078 5824 2133 5877 Β.
2156 5826 2246 5885 IL,
2278 5828 2335 5878 ‘l.
2374 5826 2415 5891 I,
2445 5820 2503 5894 ἐς
2534 5820 2623 5891 U.,
2657 5828 2750 5893 U.,
2779 5844 2987 5884 causam
3015 5846 3183 5884 suam.
