3870 6406
439 431 546 488 207

1129 422 1501 484 COLLEC‘I'IO
1537 423 1872 501 CANONUII
1917 422 1978 482 Β.
2026 419 2300 482 ISIDORO
2341 414 2613 476 IIISPAL.
2655 414 3016 475 ASCRIP'I'A.

3605 408 3711 468 9.08

439 541 769 606 LXXXVIII.
795 541 871 597 De
899 540 978 596 his
1005 543 1091 611 qui
1118 543 1331 596 ecclesia
1363 546 1698 611 prietemtissa
1723 544 1791 598 ad
1815 551 2017 614 specta-
2051 543 2104 605 Α
2125 540 2256 596 CIV.
2303 538 2378 593 De
2407 538 2572 592 viduis
2601 553 2714 606 qua?
2751 536 3030 605 professum
3069 533 3434 588 continentiam
3466 535 3712 603 proniori-

1036 615 1150 666 cula
1188 627 1422 685 pergunt.

513 713 610 781 Qui
635 711 723 765 die
752 707 973 762 solemni
1001 710 1359 776 praetermisso
1389 707 1630 762 ecclesia:
1658 716 1934 763 conventu
1962 705 2028 762 ad

440 805 740 871 spectacula
775 801 939 862 VJtIIl,
975 802 1496 856 excomtnunicetur.

605 891 893 947 LXXXIX.
939 891 1013 946 De
1050 893 1280 960 auguriis
1318 902 1367 944 st
1406 890 1858 945 incantationibus.

514 986 761 1054 Auguriis
780 986 859 1036 vel
889 983 1334 1038 incantationibus
1362 985 1683 1038 servientem
1707 1000 1735 1037 a
1760 989 2028 1038 conventu

440 1075 684 1130 ecclesiae
715 1075 1090 1140 separandum,
1117 1076 1363 1131 similiter
1393 1086 1445 1131 et
1489 1075 1726 1131 Judaicis
1769 1074 2031 1146 supersti-

445 1167 674 1222 tionibus
698 1170 777 1221 vel
805 1165 950 1222 feriis
982 1169 1354 1222 inluerentem.

920 1258 1030 1312 XC.
1065 1256 1141 1312 De
1186 1260 1541 1330 energumenis
1553 1297 1564 1305 κ

514 1348 670 1403 Omni
713 1349 799 1404 die
837 1351 1117 1404 exorcista:
1170 1347 1546 1420 energumenis
1605 1363 1798 1404 manus
1861 1348 2031 1417 impo-

841 1529 972 1586 XCI.
1006 1529 1138 1584 Item
1179 1532 1244 1586 de
1281 1533 1653 1604 energumenis.

513 1617 819 1673 Pavimenta
851 1622 1130 1675 domorum
1165 1621 1254 1676 Dei
1283 1621 1633 1690 energumeni
1664 1629 1899 1676 verrant.

750 1712 903 1766 XCII.
939 1714 1014 1767 De
1053 1715 1183 1767 rictu
1235 1726 1704 1783 energuutenorum.

531 1804 920 1872 Energumenis
977 1806 1028 1858 in
1081 1804 1242 1858 domo
1298 1806 1391 1859 Dei
1436 1804 1799 1859 assidentibus
1858 1805 2032 1858 victus

2781 616 3041 661 caverunt.

2197 702 2348 758 Sicut
2378 702 2573 756 bonum
2603 711 2687 756 est
2716 699 2976 754 castitatis
3004 700 3304 768 praemium,
3326 700 3400 753 ita
3426 707 3483 754 et
3510 698 3714 768 majore

2021 847 2037 862 ,
2131 794 2467 849 observantia
2515 803 2568 846 et
2596 791 2951 861 pmceptione
3000 791 3435 847 constituendum
3470 797 3496 825 ι
3525 801 3630 854 eat,
3665 798 3719 842 ut

2131 886 2176 940 si
2204 900 2322 956 qua:
2360 884 2556 950 viduas,
2609 884 2903 954 quamlibet
2934 882 3108 937 adhuc
3136 883 3189 937 in
3235 882 3535 937 minoribus
3566 880 3720 936 annis

2134 977 2325 1046 positae
2355 988 2408 1030 et
2442 976 2728 1029 immatura
2751 983 2908 1030 aetate
2950 989 2978 1028 a
3007 975 3126 1030 viro
3151 975 3368 1042 relictae,
3401 989 3461 1029 se
3491 975 3722 1028 devove-

2135 1068 2243 1122 rint
2273 1069 2380 1121 Deo
2410 1076 2464 1122 et
2485 1076 2635 1120 veste
2666 1066 2843 1120 laicali
2892 1066 3098 1134 abiecta
3131 1067 3232 1122 sub
3255 1066 3565 1121 testimonio
3613 1066 3722 1133 epi-

2135 1164 2286 1232 scopi
2312 1173 2366 1219 et
2392 1163 2648 1219 Ecclesia:
2673 1163 2926 1233 religioso
2943 1162 3126 1217 habitu
3152 1162 3521 1230 apparuerint,
3541 1169 3721 1228 postea

2137 1270 2267 1310 vero
2295 1256 2360 1308 ad
2421 1257 2635 1322 nuptias
2691 1255 2980 1308 saeculares
3024 1254 3370 1315 transierint,
3425 1252 3722 1306 secundum

2136 1348 2436 1417 apostolum
2471 1346 2692 1401 Paulum
2720 1344 3122 1400 damnationem
3151 1345 3441 1412 habebunt,
3471 1343 3721 1413 quoniam

2138 1441 2297 1496 tidem
2345 1439 2604 1495 castitatis
2664 1439 2818 1510 153
2857 1453 3016 1507 quam
3077 1437 3187 1494 Deo
3227 1444 3490 1492 voverunt
3520 1436 3724 1490 irritam

2137 1533 2314 1588 facere
2344 1548 2488 1587 ausa
2527 1540 2671 1587 sunt.
2704 1531 2858 1585 Tales
2889 1544 3016 1599 ergo
3059 1544 3302 1598 persona
3349 1529 3458 1583 sint
3498 1543 3526 1581 a
3572 1525 3729 1582 Chri-

2139 1626 2430 1679 stianorum
2481 1623 2857 1677 communione
2905 1622 3120 1687 alienae,
3153 1636 3272 1690 quae
3325 1620 3492 1676 etiam
3545 1634 3645 1674 nec.
3677 1619 3727 1673 in

2138 1716 2386 1771 convivio
2434 1731 2553 1770 cum
2614 1713 2932 1768 Christianis
2987 1713 3385 1766 communicent
3439 1728 3453 1764 :
3510 1726 3635 1766 nam
3686 1709 3727 1764 si

2138 1809 2396 1862 adulterae
2433 1806 2688 1876 coniuges
2745 1815 2892 1859 reatu
2947 1815 3072 1858 sunt
3111 1805 3223 1858 suis
3279 1804 3407 1857 viris
3449 1802 3727 1866 obnoxiae,

441 1897 780 1965 quotidianus
831 1912 925 1967 per
975 1897 1271 1953 exorcistas
1318 1906 1622 1966 opportuno
1661 1908 1904 1966 tempore
1930 1896 2033 1950 mi-
2062 1904 2112 1965 Β
2139 1912 2339 1972 quanto
2383 1901 2554 1970 magis
2599 1899 2772 1950 vidum
2803 1911 2920 1964 qua:
2971 1895 3080 1950 Deo
3119 1893 3520 1964 religiositatetn
3569 1909 3730 1948 vove-

442 1989 719 2043 nistretur.

669 2077 850 2133 XCIII.
888 2077 962 2132 De
992 2078 1398 2132 discordantium
1443 2079 1799 2133 oblationibus.

512 2171 823 2225 Oblationes
855 2171 1225 2225 dissidentium
1251 2170 1471 2225 fratrum
1505 2187 1677 2241 neque
1709 2174 1761 2226 in
1786 2173 2026 2232 sacrario

439 2277 609 2332 neque
651 2266 702 2317 in
743 2263 1124 2334 gazOpIiylacio
1157 2265 1502 2331 recipiantur.

716 2352 898 2408 XCIV.
924 2353 1000 2406 De
1040 2371 1320 2423 pauperum
1361 2354 1765 2423 oppressoribus.

511 2445 710 2499 Eorum
743 2449 828 2516 qui
855 2462 1113 2518 pauperes
1143 2448 1453 2516 opprimunt
1480 2449 1619 2502 dona
1651 2465 1680 2502 a
1723 2446 2028 2503 sacerdoti-

438 2540 535 2596 bus
569 2542 866 2595 refutanda.

472 2648 629 2706 XCV.
672 2651 745 2704 De
777 2651 857 2704 his
894 2654 981 2722 qui
1029 2652 1310 2706 oblationes
1361 2654 1720 2723 defunctorum
1763 2654 1991 2709 ecclesiis

994 2725 1027 2766 ο
1089 2729 1352 2792 fraudant.

507 2814 607 2879 Qui
634 2815 936 2868 oblationes
987 2815 1356 2870 defunctovum
1393 2825 1486 2869 aut
1531 2826 1723 2883 negant
1753 2817 2021 2878 ecclesiis,

433 2912 669 2957 autcum
709 2905 1022 2959 dil‘ticnltate
1069 2907 1319 2966 reddunt,
1347 2915 1597 2976 tanquam
1629 2908 1894 2977 egentium
1931 2922 2026 2962 ne-

431 3003 640 3048 catorcs
685 2996 1241 3050 excttmtnttltit'enltlr.

624 3112 779 3181 152
811 3111 992 3165 XCVI.
1031 3111 1107 3164 De
1136 3122 1432 3166 accusatore
1468 3113 1544 3167 vel
1579 3124 1838 3170 accusata.

505 3203 859 3268 Quaerendum
891 3204 942 3255 in
992 3205 1192 3270 indicio
1222 3209 1370 3271 cujus
1398 3207 1468 3258 sit
1495 3206 1917 3260 conversationis
1969 3215 2025 3260 et

437 3295 560 3349 ﬁdei
588 3295 633 3348 is
657 3297 745 3364 qui
774 3305 989 3350 accusat
1014 3307 1067 3350 et
1096 3298 1139 3349 is
1167 3297 1258 3363 qni
1285 3307 1587 3352 accusatur.

794 3387 1001 3442 XCVII.
1035 3389 1109 3442 De
1150 3390 1402 3460 religiosis
1437 3390 1664 3460 feminis.

512 3480 607 3534 "Vir
646 3481 737 3548 qui
788 3480 1054 3548 religiosis
1105 3481 1318 3536 feminis
1369 3481 1761 3551 praeponendus
1818 3490 1902 3539 est
1959 3482 2030 3538 ab

429 3573 686 3642 episcopo
726 3572 823 3627 loci
857 3574 1130 3642 probetur.

798 3665 1024 3720 XCVIII.
1061 3665 1138 3720 De
1179 3666 1326 3721 laicis
1357 3667 1671 3721 doctoribus.

501 3758 690 3812 Laicus
732 3758 1084 3826 praesentibus
1131 3758 1364 3822 clericis,
1399 3758 1503 3813 nisi
1553 3759 1684 3829 ipsis
1743 3758 2024 3828 probanti-

431 3850 548 3916 bus,
578 3849 777 3904 docere
811 3865 914 3902 non
940 3851 1152 3902 audeat.

792 3940 978 3995 XCIX.
1014 3939 1089 3994 De
1129 3940 1426 3995 mulieribus
1468 3943 1651 3997 doctis.

508 4033 708 4088 Mulier
747 4035 990 4101 quamvis
1021 4035 1174 4088 docta
1206 4043 1257 4088 et
1287 4043 1468 4089 sancta
1501 4036 1642 4088 viros
1671 4034 1726 4089 in
1756 4041 2026 4090 conventu

433 4126 628 4182 docere
660 4143 763 4180 non
793 4128 1007 4181 audeat.

596 4219 654 4271 C.
695 4216 761 4269 Ut
790 4217 1024 4268 mulieres
1074 4216 1332 4282 baptizare
1372 4233 1475 4270 non
1522 4227 1856 4284 presumant.

503 4309 689 4363 Mulier
718 4309 992 4376 baptizare
1034 4325 1135 4360 non
1176 4318 1480 4373 praesumat.

812 4403 896 4455 Cl.
938 4403 1009 4454 De
1039 4402 1202 4455 viduis
1240 4402 1656 4455 adolescentulis.

509 4499 688 4551 Vidua:
725 4498 1123 4557 adulescentes,
1163 4512 1279 4562 «pne
1330 4512 1557 4562 corpore
1609 4495 1814 4550 debiles
1872 4503 2020 4561 sunt,

435 4604 644 4661 sumptu
687 4592 871 4646 Eccles
897 4607 942 4643 ξιξ
972 4589 1124 4657 cujus
1169 4591 1336 4641 vidum
1372 4598 1493 4641 sunt
1533 4599 1920 4643 sustententur.

830 4705 932 4757 Cll.
977 4703 1053 4757 De
1092 4703 1288 4756 clericis
1329 4713 1374 4755 et
1418 4703 1605 4756 viduis.

508 4816 583 4870 Ad
618 4826 818 4870 reatum
868 4815 1103 4882 episcotii
1165 4814 1396 4880 pertinet
1443 4814 1526 4867 vel
1581 4812 1879 4882 presbyteri
1932 4809 2023 4876 qui

438 4913 704 4977 ιιιιινοοιιίευ
756 4917 993 4978 βτίρεςῑ,
1039 4910 1079 4960 si
1139 4907 1500 4959 sustentandae
1561 4906 1684 4960 vita)
1740 4905 2023 4974 praesentis

440 5016 597 5053 causa
626 5001 1078 5054 adolesrentinres
1115 4997 1286 5050 vidua:
1320 4998 1397 5049 vel
1444 4997 1884 5051 sanctimoniales
1909 4995 2019 5050 cle-

442 5090 678 5144 ricorum
707 5090 1150 5145 familiaritatibus
1181 5089 1554 5155 subjiciantur.

985 5201 1115 5254 CIII.
1155 5203 1225 5253 De
1264 5202 1450 5257 viduis.

508 5315 691 5368 Vidua:
723 5329 838 5382 quire
871 5314 1141 5382 stipendio
1173 5314 1430 5369 Ecclesia:
1483 5324 1859 5371 sustentantur
1917 5326 2025 5370 tam-

436 5405 665 5459 assidua:
711 5406 759 5458 in
792 5406 883 5460 Dei
916 5420 1080 5474 Opere
1131 5421 1249 5461 esse
1277 5407 1493 5473 debent,
1538 5418 1596 5464 ut
1626 5419 1680 5464 et
1734 5409 1942 5466 meritis
1971 5422 2017 5464 et

435 5496 766 5551 orationibus
792 5497 900 5552 suis
931 5499 1229 5554 Ecclesiam
1260 5498 1536 5568 adjuvent.

507 5659 531 5723 ξι
560 5651 767 5723 ,Εηλὶ
793 5653 886 5723 IL,
916 5655 976 5708 E.
1016 5655 1072 5723 5,
1116 5655 1203 5723 U.,
1235 5657 1641 5712 custodiendum.

438 5790 451 5802 '
507 5717 536 5756 δ
774 5731 833 5802 ει
861 5717 1267 5802 C._desinmplus
1295 5737 1375 5782 est
1401 5727 1485 5783 hic
1505 5741 1708 5797 canon,
1745 5729 1838 5800 qui
1869 5727 2026 5785 deest

436 5791 490 5845 in
521 5791 738 5860 reliquis
768 5792 1075 5852 Codicihus.

2050 4612 2102 4670 D

2139 2003 2261 2048 rant
2298 1990 2524 2046 crimine
2579 1988 2828 2042 adulterii
2878 1987 3228 2052 notabuntur,
3282 1989 3327 2041 si
3378 1988 3728 2042 devotionem

2139 2101 2300 2155 quam
2326 2094 2618 2152 spontanee
2643 2081 2751 2135 Deo
2790 2081 3102 2135 obtulerunt
3131 2081 3423 2136 libidinosa
3457 2080 3731 2150 voluptate

2137 2175 2477 2244 corruperint
2504 2187 2665 2244 atque
2696 2174 2760 2227 ad
2791 2171 3059 2226 secundas
3091 2175 3305 2241 nuptias
3340 2175 3626 2227 transitum
3660 2173 3732 2228 le-

2140 2271 2344 2326 cerint?
2383 2285 2504 2339 qua:
2536 2271 2637 2324 etsi
2688 2269 2944 2324 violentia
2992 2268 3230 2322 irruente
3259 2267 3324 2320 ab
3371 2268 3553 2336 aliquo
3595 2282 3731 2335 prte-

2141 2374 2306 2432 repta:
2362 2368 2579 2426 t'uertnt,
2610 2378 2672 2416 ac
2699 2376 2885 2431 posma
2937 2361 3291 2428 delectatione
3342 2359 3585 2415 libidinis
3616 2375 3732 2430 per-

2138 2471 2355 2510 manere
2386 2457 2435 2508 in
2468 2454 2772 2523 coniugium
2821 2454 3022 2522 raptori
3049 2454 3130 2507 vel
3187 2452 3424 2506 violento
3456 2452 3577 2508 viro
3606 2467 3735 2507 con-

2138 2548 2427 2609 senserint,
2453 2545 2780 2598 damnationi
2805 2544 3053 2611 superius
3075 2545 3482 2612 comprehenste
3511 2557 3732 2599 tenean-

2138 2647 2225 2692 tur
2277 2639 2522 2692 obnoxite
2559 2656 2568 2688 :
2603 2637 2670 2690 de
2725 2636 2914 2690 talibus
2959 2637 3098 2690 enim
3151 2639 3228 2690 sic
3282 2638 3351 2690 ait
3389 2637 3733 2706 Apostolus:

2139 2729 2266 2782 Cum
2295 2732 2426 2780 enim
2455 2728 2730 2781 luxuriata:
2779 2730 2964 2795 fuerint
3011 2726 3196 2780 nubere
3244 2727 3439 2792 volunt,
3494 2728 3733 2781 habentes

2138 2821 2512 2873 damnationem
2539 2820 2660 2889 quia
2689 2819 2904 2881 primam
2932 2818 3082 2885 ﬁdem
3105 2818 3301 2870 irritant
3331 2821 3586 2884 fecertutt.

2409 2912 2516 2966 CV.
2555 2911 2576 2948 δ
2621 2911 2695 2963 De
2727 2911 3155 2976 contemptoribus
3189 2910 3449 2964 b'cclesia’.

2207 3001 2410 3056 Ravera
2457 3003 2729 3054 invenitur
2769 3016 2833 3054 ex
2861 2999 3180 3054 Christianis
3209 2999 3324 3055 ﬁeri
3352 3001 3737 3058 schismaticos

2136 3097 2452 3165 plerumque
2481 3094 2877 3150 irrationabiles
2899 3133 2914 3156 ,
2944 3093 3139 3163 quibus
3183 3110 3247 3147 ex
3281 3093 3366 3147 his
3394 3094 3524 3149 dum
3557 3106 3618 3150 ut
3648 3111 3737 3150 ca-

2137 3188 2316 3241 tholici
2347 3186 2613 3241 aediﬁcant
2644 3187 2716 3240 illi
2750 3195 2808 3239 ut
2846 3183 3082 3240 haeretici
3126 3185 3402 3239 destruere
3442 3184 3738 3256 insistunt,

2056 3255 2104 3318 θ
2137 3292 2188 3334 et
2214 3279 2298 3332 alii
2328 3281 2582 3333 ecclesias
2619 3279 2828 3332 Domini
2861 3277 3004 3332 ﬁdeli
3035 3275 3323 3333 devotione
3351 3293 3415 3333 ac
3459 3294 3741 3348 compun-

2134 3371 2314 3425 ctione
2347 3369 2747 3439 promptissima
2781 3368 2938 3441 154
2964 3370 3280 3435 subornare,
3305 3370 3395 3423 alii
3426 3369 3497 3425 de
3532 3371 3622 3426 his
3653 3387 3746 3426 se-

2133 3459 2395 3513 ditionum
2431 3459 2764 3513 institutione
2791 3458 3049 3512 decresci.
3096 3459 3170 3512 De
3211 3460 3291 3513 his
3320 3470 3462 3514 recte
3491 3460 3743 3530 loquitur

2132 3567 2227 3622 per
2257 3555 2514 3621 Spiritum
2546 3564 2788 3607 sanctum
2816 3553 3071 3622 propheta
3097 3571 3110 3605 :
3141 3551 3406 3607 Benedicti
3439 3556 3533 3624 qui
3561 3555 3740 3624 αιάὲρο

2133 3655 2249 3697 cant
2294 3657 2337 3697 te
2363 3648 2414 3697 in
2455 3655 2702 3698 aternum
2729 3687 2743 3712 ,
2794 3654 2840 3697 et
2885 3646 3138 3698 maledicti
3191 3657 3308 3700 sunt
3345 3649 3429 3714 qui
3457 3650 3744 3702 destruunt

2132 3753 2307 3790 muros
2333 3747 2449 3790 tuos
2472 3737 2548 3789 vel
2574 3747 2706 3789 certe
2727 3737 2814 3805 qui
2833 3737 3123 3790 subvertant
3146 3739 3482 3792 habitationes
3515 3755 3641 3793 tuas
3666 3746 3742 3793 vel

2130 3846 2268 3882 nunc
2316 3835 2485 3886 conati
2535 3845 2652 3885 sunt
2695 3834 2857 3887 minui
2898 3846 3074 3888 sancta
3105 3851 3231 3889 tua:
3265 3847 3320 3888 tu
3346 3846 3521 3891 autem
3549 3839 3746 3892 domus

2133 3920 2230 3975 Dei
2260 3924 2433 3977 lwtare
2461 3942 2576 3977 cum
2606 3926 2729 3992 ﬁliis
2746 3929 3027 3996 justorum.
3073 3929 3140 3981 Et
3167 3929 3235 3981 ab
3262 3927 3362 3983 hac
3391 3928 3748 3987 institutione

2137 4012 2346 4065 Domini
2398 4014 2598 4081 placuit
2653 4016 2902 4069 omnibus
2951 4016 3199 4072 Patribus
3254 4034 3347 4086 per
3394 4023 3746 4088 provinciam

2133 4102 2471 4171 Carthaginis
2515 4103 2931 4160 consismntibus
2959 4146 2972 4170 ,
3027 4117 3082 4159 ut
3130 4106 3175 4160 si
3223 4108 3342 4176 quis
3383 4108 3632 4166 clericus
3662 4113 3750 4167 vel

2133 4193 2304 4247 laicus
2331 4210 2390 4248 se
2419 4196 2710 4250 elevaverit
2740 4206 2927 4251 contra
2960 4197 3252 4253 Ecclesiam
3279 4197 3372 4253 Dei
3399 4201 3750 4258 seditionum

2134 4290 2407 4341 seminans
2433 4290 2728 4344 schismata
2757 4299 2813 4343 et
2841 4305 2946 4344 non
2977 4290 3042 4343 ad
3070 4291 3281 4345 culmen
3298 4292 3594 4349 charitatis
3627 4297 3754 4367 ejus

2135 4380 2411 4433 conavcrit
2455 4382 2655 4435 attendi
2686 4421 2698 4441 ,
2745 4381 2836 4434 sed
2881 4381 3221 4435 fundamenta
3263 4383 3380 4450 ejus
3416 4386 3624 4442 volens
3656 4404 3752 4444 su-

2134 4473 2285 4537 brui,
2332 4488 2448 4541 qua:
2501 4483 2583 4526 est
2619 4472 2886 4527 stabilitas
2926 4473 3162 4527 omnium
3192 4474 3668 4546 Christianorum,
3706 4482 3750 4535 si

2135 4564 2359 4617 clericus
2411 4563 2567 4618 fuerit
2592 4606 2606 4629 ,
2654 4567 2810 4618 cadat
2861 4565 2926 4618 de
2959 4567 3176 4635 proprio
3219 4567 3383 4638 gradu
3417 4585 3428 4635 ;
3466 4571 3515 4624 si
3548 4573 3754 4641 laicus,

2137 4673 2450 4730 segregatus
2490 4661 2557 4712 ab
2612 4660 2846 4714 Ecclesia
2897 4659 2993 4713 Dei
3036 4677 3196 4730 quam
3246 4663 3452 4730 spernit
3482 4673 3600 4721 eta
3630 4684 3760 4723 con-

2139 4766 2298 4808 ventu
2332 4755 2494 4807 totius
2525 4752 2845 4807 Christiana:
2871 4753 3171 4825 religiOnis,
3215 4769 3242 4808 a
3271 4764 3460 4814 sancta
3491 4774 3758 4818 commu-

2141 4850 2304 4904 nione
2335 4859 2544 4903 maneat
2571 4849 2842 4904 exclusus.

2212 4940 2460 4994 Aurelius
2504 4941 2792 5011 cpiscopus
2844 4941 3110 5018 Ecclesiae.
3137 4941 3597 5014 Carthagiuensis
3630 4953 3766 5007 sub-

2141 5032 2353 5100 scripsi.

2217 5131 2544 5184 Douatianus
2597 5128 2929 5198 Teleptensis
2992 5132 3179 5201 primae
3247 5131 3394 5188 sedis
3445 5134 3762 5208 episcopus

2143 5221 2459 5290 subscripsi.

2217 5316 2542 5385 Augustinus
2601 5315 2859 5386 Hippona:
2910 5319 3142 5387 regionis
3190 5329 3212 5359 ε
3267 5320 3573 5391 episcopus
3633 5325 3770 5380 sub-

2147 5420 2357 5476 εει-ψει.

2216 5500 2476 5556 Similiter
2507 5517 2698 5560 omnes
2725 5504 2963 5575 episcopi
2993 5505 3432 5577 subscripserunt
3463 5510 3524 5568 ά.

2224 5673 2247 5744 ξ
2381 5660 2461 5724 2.,
2482 5659 2760 5744 .Hippom
2788 5664 3050 5744 regicnsis.
3089 5663 3152 5720 U.
3177 5665 3456 5744 ﬂippant:
3484 5671 3686 5744 regite.

2221 5729 2250 5768 ἀ
2291 5732 2382 5797 U.,
2411 5729 2814 5804 subscripserunt
2839 5729 2996 5792 Simul
3028 5753 3143 5792 cum
3168 5729 3540 5797 Itis'occcnv.
