3870 6336
2040 305 3457 345 m

588 594 1259 691 CONCILIUM
1314 591 1457 675 CA
1480 577 2327 672 RTHAGINENSE
2376 570 2966 686 QUINTUM

192 767 461 818 ΗΔΒΓῙὋΜ
505 764 586 806 ΑΒ
631 753 953 802 EPISCOPII
1002 747 1272 793 NUMEBO
1314 744 1730 789 SEPTUAGINTl

1884 738 2063 791 .IBUS,
2108 737 2249 778 ΕΒΔ
2297 734 2741 779 ροοειιινιιι.
2792 729 2948 773 1⁵08⁸1⁸
2992 726 3417 774 εοκδυωτωι

653 836 868 881 FLAVI!
915 827 1268 875 BTILICONIS
1315 827 1445 868 VIRI
1494 824 1730 868 οιΑιιιΒη

1884 848 1891 874 ,
1949 818 2061 859 DIE
2112 817 2251 861 ινιι
2304 814 2643 859 KALENDAS
2700 810 2942 855 JULIAS.

212 994 517 1061 Carthagine
569 988 622 1042 in
670 983 965 1040 secretario
1009 978 1243 1036 basilica:
1290 978 1551 1033 restituta:
1597 990 1721 1030 cum
1754 976 1809 1039 Α
1836 970 1924 1026 γι.
1969 968 2048 1023 De
2077 968 2156 1023 his
2178 968 2269 1037 qui
2299 966 2850 1061 nullo-testimonia?
2882 962 3168 1034 baptizatos
3208 976 3460 1023 noverunt

160 1088 378 1147 Aurelius
406 1083 695 1151 episcOpus
734 1090 837 1131 una
868 1090 990 1131 cum
1029 1071 1366 1142 coepiscopis
1394 1070 1505 1125 suis
1534 1083 1731 1123 consev

158 1188 301 1239 uisset
325 1226 333 1237 .
379 1176 684 1232 astantibus
715 1176 875 1227 etiam
901 1167 1221 1223 diaconibus
1241 1207 1256 1231 ,
1290 1164 1583 1220 constituta
1609 1173 1734 1218 sunt

161 1279 255 1329 hac
280 1288 389 1341 qua:
420 1272 472 1325 in
500 1266 850 1337 subsequenti
879 1262 1108 1319 concilio
1130 1260 1347 1315 definita
1378 1268 1503 1313 sunt
1536 1267 1584 1309 ι.

205 1386 344 1459 155
375 1385 411 1438 I.
452 1383 526 1436 De
552 1382 755 1435 clericis
782 1378 851 1431 ad
883 1375 1229 1431 testimonium
1251 1389 1353 1427 non
1382 1372 1675 1441 pulsandis.

218 1502 265 1553 In
292 1496 545 1565 principio
572 1491 916 1549 statuendum
941 1532 954 1553 .
991 1498 1049 1544 ut
1078 1490 1123 1543 si
1165 1488 1283 1557 quis
1308 1486 1443 1540 forte
1471 1484 1522 1539 in
1552 1484 1734 1540 eccle-

156 1595 221 1647 sia
241 1591 524 1662 quamlibet
575 1602 793 1642 causam
842 1585 963 1653 jure
1009 1581 1306 1651 apostolico
1352 1578 1598 1635 ecclesiis
1634 1580 1734 1631 im-

158 1686 309 1754 posito
337 1697 496 1752 agere
524 1679 759 1733 voluerit
782 1722 797 1742 ,
832 1688 888 1733 et
919 1677 1150 1731 fortasse
1178 1674 1381 1728 decisio
1411 1674 1733 1727 clericorum

158 1776 231 1827 uni
260 1774 387 1840 parti
441 1769 819 1839 displicuerit,
871 1782 977 1821 non
1028 1765 1180 1819 liceat
1229 1762 1484 1818 clericum
1514 1765 1565 1817 in
1594 1763 1737 1829 judi-

156 1866 276 1920 cium
314 1867 378 1919 ad
410 1864 781 1919 testimonium
808 1860 1057 1914 devocari
1089 1874 1236 1922 eum,
1273 1858 1359 1926 qui
1384 1857 1631 1925 cognitor
1652 1854 1736 1911 vel

157 1970 369 2025 praesens
408 1954 505 2008 fuit
550 1952 670 2027 [U.,
704 1952 924 2022 fuerit],
978 1959 1033 2002 ut
1076 1949 1225 2003 nulla
1272 1949 1338 2002 ad
1372 1949 1735 2003 testimonium

160 2046 412 2101 dicendum
450 2043 806 2101 ecclesiastici
841 2042 1129 2111 cujuslibet
1159 2056 1388 2110 persona
1424 2042 1688 2109 pulsetur.

334 2138 394 2192 Il.
437 2136 515 2191 De
542 2136 747 2190 clericis
775 2152 866 2206 pro
894 2134 1109 2188 crimine
1136 2150 1232 2188 suo
1256 2136 1534 2187 damnatis.

218 2228 277 2283 Et
306 2230 425 2284 illud
458 2228 807 2283 statuendum
836 2267 851 2292 ,
892 2235 951 2280 ut
978 2228 1025 2280 si
1054 2227 1177 2295 quis
1204 2224 1494 2295 cujuslibet
1518 2226 1739 2280 honoris

2430 1048 2487 1091 ut
2510 1037 2854 1109 baptisentur.

1913 1135 2042 1189 Item
2073 1132 2278 1202 placuit
2314 1130 2383 1186 de
2426 1130 2758 1194 infantibus,
2792 1128 3007 1198 quaties
3034 1145 3141 1184 non
3168 1129 3459 1185 inveniun-

1843 1240 1930 1283 tur
1952 1227 2245 1284 certissimi
2289 1235 2456 1281 testes
2484 1225 2576 1294 qui
2609 1239 2703 1278 eos
2732 1224 3032 1290 baptizatos
3060 1239 3183 1279 esse
3212 1226 3328 1279 sine
3359 1223 3460 1278 du-

1840 1322 2102 1377 bitatione
2153 1330 2438 1385 testentur,
2485 1332 2660 1386 neque
2706 1317 2812 1386 ipsi
2851 1328 2974 1371 sunt
3028 1326 3050 1353 ο
3108 1332 3203 1386 per
3246 1324 3459 1372 aetatem

1842 1414 2021 1468 idonei
2048 1414 2115 1469 de
2140 1414 2351 1467 traditis
2376 1412 2477 1465 sibi
2503 1411 2857 1466 sacramentis
2880 1410 3232 1478 respondere,
3256 1412 3463 1479 absque

1843 1506 1954 1560 ullo
1983 1508 2223 1575 scripulo
2254 1521 2349 1560 eos
2383 1520 2505 1559 esse
2537 1506 2910 1573 baptizandos,
2944 1520 3009 1559 ne
3039 1506 3136 1557 ista
3170 1504 3458 1571 trepidatio

1842 1616 1939 1655 eos
1973 1601 2135 1655 faciat
2185 1607 2648 1655 sacramentorum
2697 1597 3016 1668 purgatione
3065 1597 3304 1664 privari:
3340 1596 3464 1650 hinc

1844 1694 1990 1747 enim
2039 1692 2200 1759 legati
2252 1692 2558 1744 Maurorum
2611 1687 2803 1743 fratres
2851 1686 3021 1741 nostri
3051 1686 3461 1751 consuluerunt,

1847 1788 1975 1857 quia
2006 1787 2205 1840 multos
2239 1785 2371 1838 tales
2402 1798 2430 1836 a
2465 1782 2708 1835 barbaris
2740 1781 3036 1835 redimunt.

2095 1876 2207 1930 νυ.
2254 1875 2331 1927 De
2355 1886 2582 1943 tempore
2607 1874 2836 1944 paschali
2867 1889 2956 1927 seu
2981 1873 3209 1927 concilii.

1922 1970 2050 2024 Item
2082 1969 2280 2039 placuit
2314 1978 2368 2020 ut
2414 1968 2530 2021 dies
2578 1967 2902 2019 venerabilis
2935 1967 3152 2033 paschze
3204 1966 3465 2022 formata-

1845 2076 1965 2116 rum
1990 2060 2387 2126 subscriptione
2413 2057 2662 2110 omnibus
2700 2056 2998 2121 intimetur,
3033 2057 3150 2111 dics
3179 2074 3311 2113 vero
3341 2074 3463 2115 cou-

1846 2155 1957 2210 cilii
2008 2170 2040 2209 ι
2089 2152 2345 2206 calendas
2373 2148 2693 2204 Novembris
2717 2158 2991 2213 servetur,
3031 2157 3085 2203 et
3107 2149 3462 2207 scribendum

1847 2244 1913 2299 ad
1959 2244 2293 2314 singularum
2354 2255 2695 2310 quarumque
2745 2238 3147 2309 provinciarum
3182 2242 3462 2311 primates,

159 2321 360 2376 clericus
419 2321 631 2390 judicio
703 2320 1080 2390 episcoporum
1137 2333 1460 2389 quocunque
1510 2316 1730 2374 crimine

1887 2347 1907 2392 t
1946 2340 2162 2409 quando
2191 2337 2332 2405 apud
2363 2352 2422 2392 se
2449 2335 2739 2391 concilium
2771 2346 3097 2405 congregat,
3124 2335 3286 2391 istum
3310 2336 3457 2394 diem

159 2412 295 2469 fuerit
342 2414 627 2467 damnatus
651 2454 666 2478 ,
703 2428 810 2467 non
854 2413 1011 2467 liceat
1049 2427 1171 2466 eum
1222 2412 1337 2467 sive
1389 2412 1458 2466 ab
1492 2413 1735 2468 ecclesiis

161 2507 324 2577 quibus
356 2508 591 2576 praefuit,
625 2506 740 2561 sive
767 2521 795 2559 a
823 2505 1063 2573 quolibet
1094 2505 1313 2560 homine
1340 2505 1631 2571 defensari,
1654 2508 1734 2561 in-

166 2600 387 2669 terposita
420 2614 585 2670 paena
614 2599 819 2666 damni,
855 2598 1097 2668 pecuniae
1118 2608 1279 2667 atque
1298 2599 1538 2667 honoris,
1571 2614 1601 2652 a
1629 2614 1734 2669 quo

162 2710 243 2750 nec
270 2707 475 2753 atatem
509 2714 609 2752 nec
640 2712 829 2751 sexum
860 2695 1226 2753 excusandum
1252 2710 1372 2751 esse
1397 2694 1731 2764 praecipiant.

219 2810 294 2865 III.
334 2810 409 2864 De
433 2811 787 2864 sacerdotibus
831 2819 876 2862 et
908 2808 1080 2890 ⁸ιιῖυίιῷ
1127 2815 1180 2859 ut
1226 2807 1291 2861 ab
1337 2806 1581 2861 uxoribus
1610 2822 1665 2859 se

781 2888 1094 2933 contineant.

221 2972 475 3027 Praeterea
508 2987 631 3026 cum
665 2970 733 3025 de
761 2971 1116 3039 quorumdam
1147 2969 1466 3025 clericorum
1490 2967 1736 3037 quamvis

163 3077 264 3133 erga
300 3079 489 3118 uxores
521 3063 768 3132 proprias
809 3062 1197 3117 incontinentia
1240 3060 1569 3124 referretur,
1622 3063 1736 3128 pla-

161 3152 250 3206 cuit
291 3154 609 3223 episcopos,
664 3154 1009 3225 presbyteros
1060 3164 1114 3206 et
1153 3151 1409 3205 diaconos
1438 3150 1734 3205 secundum

163 3248 367 3315 priorum
424 3256 624 3301 statuta
667 3246 829 3300 etiam
869 3246 935 3299 ab
963 3244 1223 3300 uxoribus
1252 3245 1559 3307 continere;
1593 3242 1735 3310 quod

160 3339 245 3394 nisi
288 3340 545 3403 fecerint,
590 3343 659 3393 ab
703 3338 1077 3394 ecclesiastico
1107 3344 1488 3392 removeantur
1517 3334 1733 3389 ofﬁcio:

162 3438 361 3485 ceteros
387 3442 573 3486 autem
602 3431 828 3485 clericos
859 3430 925 3483 ad
954 3430 1058 3483 hoc
1088 3444 1194 3483 non
1227 3427 1381 3497 cogi,
1417 3427 1511 3481 sed
1543 3441 1737 3481 secun-

161 3520 266 3576 dum
313 3523 741 3592 uniuscujusque
791 3520 1238 3577 consuetudinem
1308 3517 1583 3574 observari
1638 3518 1728 3572 de-

160 3609 282 3668 bere.

1845 2445 1952 2484 non
1977 2430 2291 2497 impediant.

1882 2520 2017 2575 VIII.
2064 2521 2140 2574 De
2161 2519 2583 2593 intercessoribus
2614 2534 2677 2573 ne
2696 2520 3000 2593 cathedram
3027 2522 3293 2577 morientis
3315 2525 3424 2593 epi-

2363 2594 2505 2659 scopi
2536 2592 2627 2645 diu
2651 2592 2924 2646 retineant.

1919 2685 2053 2740 Item
2085 2685 2437 2741 constitutum
2491 2694 2576 2739 est
2624 2694 2679 2737 ut
2707 2685 2836 2739 nulli
2868 2684 3217 2741 intercessori
3252 2686 3459 2743 licitum

1843 2781 1913 2834 sit
1941 2778 2294 2846 cathedram,
2339 2778 2423 2832 cui
2448 2778 2777 2832 intercessor
2804 2776 2963 2833 datus
2995 2788 3099 2843 est,
3128 2779 3463 2847 quibuslibet

1845 2872 2170 2939 populorum
2204 2870 2398 2925 studiis
2434 2871 2514 2924 vel
2556 2870 2911 2925 seditionibus
2942 2873 3201 2937 retinere,
3236 2875 3330 2928 sed
3362 2875 3459 2928 da-

1842 2978 1905 3017 re
1938 2978 2163 3031 operam
2197 2970 2255 3016 ut
2286 2963 2427 3016 intra
2467 2977 2665 3015 annum
2699 2962 2907 3017 eisdem
2939 2964 3250 3035 episcOpum
3278 2966 3460 3034 provi-

1843 3055 1995 3121 deat;
2025 3054 2169 3124 quod
2200 3056 2245 3107 si
2297 3054 2636 3123 neglexerit,
2663 3069 2807 3108 anno
2844 3065 3100 3127 exempto
3125 3059 3459 3116 interventor

1842 3149 1983 3202 alius
2005 3147 2293 3201 tribuatur.

1843 3240 1935 3296 IX.
1979 3239 2059 3293 De
2101 3240 2371 3309 defensore
2412 3238 2749 3292 ecclesiarum
2796 3255 2829 3292 a
2855 3241 3088 3312 principe
3117 3243 3454 3313 postulando.

1913 3332 1997 3386 Ab
2048 3332 2382 3401 imperatore
2429 3342 2610 3385 autem
2658 3333 2922 3388 universis
2954 3335 3128 3390 visum
3163 3347 3248 3391 est
3274 3348 3459 3407 postu-

1844 3424 2063 3479 Iandum
2089 3434 2311 3494 propter
2360 3424 2709 3479 alﬂictionem
2740 3441 3036 3497 pauperum
3079 3443 3311 3497 quorum
3341 3446 3457 3487 mo-

1845 3519 2017 3575 lestiis
2042 3518 2162 3573 sine
2190 3518 2595 3573 intermissione
2621 3518 2856 3589 agitatur
2883 3520 3148 3586 Ecclesia,
3182 3532 3240 3576 ut
3262 3522 3454 3579 defen-

1843 3627 2000 3667 sores
2052 3612 2130 3667 eis
2171 3612 2433 3667 adversus
2474 3614 2739 3679 potentias
2768 3613 2993 3670 divitum
3017 3630 3141 3671 cum
3169 3616 3457 3688 episcopo~

160 3721 234 3779 IV.
270 3724 343 3779 De
370 3726 521 3779 rebus
571 3724 825 3777 Ecclesia:
861 3722 1155 3777 inconsulto
1204 3720 1596 3790 metropolitano
1630 3722 1730 3791 epi-

1884 3719 1967 3758 um
1999 3704 2314 3774 provisione
2343 3703 2671 3774 deligantur.

624 3810 780 3865 scapo
809 3810 909 3846 non
930 3792 1245 3845 alienandis.

218 3909 409 3963 Placuit
436 3910 602 3964 etiam
632 3919 691 3964 ut
718 3924 832 3965 rem
862 3902 1115 3963 Ecclesia:
1140 3922 1301 3964 nemo
1328 3908 1524 3963 vendat
1550 3924 1561 3961 :
1591 3906 1735 3978 quod

160 4003 195 4056 si
237 4005 401 4073 aliqua
446 4003 745 4059 necessitas
791 4004 972 4072 cogit,
1032 4002 1169 4056 hanc
1208 4002 1581 4057 insinuandam
1615 4016 1735 4057 esse

162 4096 349 4163 primati
377 4097 709 4167 provinciae,
744 4104 802 4149 nt
825 4110 949 4150 cum
978 4104 1179 4150 statuto
1211 4110 1436 4151 numero
1456 4096 1734 4166 episc0po-

158 4198 255 4238 rum
291 4198 466 4241 utrum
517 4185 824 4242 faciendum
870 4186 944 4241 sit
988 4187 1311 4253 arbitretur;
1341 4190 1480 4256 quod
1515 4192 1557 4244 si
1588 4199 1732 4244 tanta

161 4291 289 4344 urget
315 4280 616 4335 necessitas
663 4278 918 4334 Ecclesiae
951 4287 1006 4332 ut
1051 4294 1158 4334 non
1197 4281 1368 4349 possit
1392 4291 1516 4337 ante
1546 4298 1735 4338 consu-

159 4370 271 4438 lere,
297 4374 486 4428 saltem
524 4383 645 4442 post
695 4373 890 4426 factum
932 4382 1084 4428 curet
1125 4374 1227 4428 hoc
1254 4376 1434 4429 statim
1465 4391 1625 4447 agere
1647 4378 1733 4433 vel

160 4464 320 4519 vicinis
359 4464 634 4535 episcopis
663 4463 764 4519 hoc
805 4475 961 4519 antea
992 4466 1232 4521 indicare
1264 4475 1318 4522 et
1343 4469 1408 4521 ad
1440 4471 1729 4525 concilium

159 4553 338 4611 referre
375 4556 599 4611 easdem
650 4554 909 4610 Ecclesiae
958 4557 1342 4622 necessitates;
1375 4559 1517 4626 quod
1546 4563 1589 4614 si
1626 4577 1730 4617 non

159 4643 353 4713 fecerit,
406 4662 534 4703 reus
577 4645 790 4701 concilii
836 4647 1079 4701 venditor
1125 4656 1373 4703 teneatur
1424 4649 1627 4706 honore
1673 4668 1736 4707 a-

156 4735 293 4791 misso
318 4737 370 4793 ι).

212 4825 269 4883 Y.
312 4827 380 4885 Ut
402 4828 587 4884 nullus
611 4830 877 4901 episcOpus
902 4832 1082 4887 relicta
1110 4832 1356 4889 cathedra
1376 4836 1427 4889 in
1456 4836 1661 4892 diacesi

804 4904 1044 4957 resideat.

209 4985 428 5046 Rursum
462 4991 668 5062 placuit
687 5003 746 5050 ut
773 4994 973 5048 nemini
998 4996 1068 5050 sit
1088 4996 1334 5063 facultas,
1359 4999 1541 5055 relicta
1578 5000 1731 5070 prin-

156 5080 292 5149 cipali
335 5086 596 5141 cathedra
625 5128 641 5153 ,
688 5087 757 5141 ad
805 5087 1037 5157 aliquam
1081 5090 1366 5146 ecclesiam
1410 5092 1462 5147 in
1509 5069 1729 5150 ditecesi
1758 5069 1810 5132 Ῑ)

158 5172 473 5231 constitutam
526 5189 586 5231 se
644 5177 927 5245 conferre,
962 5180 1043 5234 vel
1095 5182 1145 5233 in
1188 5196 1247 5236 rc
1289 5183 1501 5252 propria
1530 5184 1729 5240 diutius

156 5277 290 5328 quam
315 5275 535 5335 oportet
563 5270 919 5325 constitutum
955 5272 1114 5343 156
1138 5287 1323 5329 curam
1362 5275 1447 5330 vel
1478 5274 1727 5346 frequen-

159 5353 384 5412 tatioaem
415 5360 652 5427 proprias
681 5359 951 5417 cathedrae
978 5364 1269 5435 negligere.

211 5493 235 5560 ξ
269 5486 447 5560 Il.,_in
466 5490 884 5560 subsequentibus
907 5493 1119 5560 deﬁnita
1139 5508 1278 5554 sunt.

154 5551 463 5681 "2:25.,
495 5551 665 5630 B.R.',
687 5561 754 5618 Τ.
788 5566 840 5631 t,
866 5564 923 5632 2,
956 5551 1048 5635 ὑ..
1080 5551 1275 5626 desunt
1301 5569 1499 5628 verba:
1534 5572 1727 5630 honore

214 5704 234 5735 '
270 5697 343 5757 Et
371 5702 590 5760 ceteris
618 5700 909 5764 Codicibus
942 5707 1223 5784 desumpta
1266 5720 1393 5771 sunt
1418 5716 1581 5773 verba
1608 5734 1620 5771 :
1654 5727 1723 5775 te-

2014 3818 2084 3873 Χ.
2131 3816 2198 3874 Ut
2228 3821 2454 3890 episwpi
2491 3820 2561 3873 ad
2588 3820 2726 3873 diem
2754 3822 2961 3875 concilii
2986 3832 3276 3879 recurrant.

1922 3907 2055 3963 Item
2088 3909 2291 3979 placuit
2341 3921 2400 3965 ut
2444 3911 2875 3982 quotiescunque
2903 3914 3192 3969 concilium
3222 3929 3453 3987 congre-

1842 4000 2077 4071 gandum
2122 4010 2243 4069 est,
2294 4002 2537 4073 episcopi
2585 4003 2676 4072 qui
2720 4019 2896 4074 neque
2929 4006 3249 4075 aegritudine
3281 4026 3456 4080 neque

1840 4091 1941 4144 alia
1988 4094 2240 4162 graviore
2291 4097 2616 4150 necessitate
2664 4096 3032 4166 impediuntur
3074 4112 3451 4172 competenter

1842 4194 2130 4238 occurrant
2169 4181 2196 4221 ἀ
2227 4228 2241 4253 ,
2296 4187 2726 4257 primatibusque
2772 4204 2990 4247 suarum
3045 4197 3444 4263 provinciarum

1840 4283 2148 4347 intimetur,
2180 4292 2243 4338 ut
2272 4284 2341 4339 de
2375 4287 2640 4341 universis
2669 4287 2938 4357 episcopis
2962 4291 3046 4346 vel
3077 4292 3196 4348 dote
3226 4296 3309 4349 vel
3343 4307 3451 4354 tres

1841 4383 2035 4429 turmae
2064 4376 2215 4440 Iiant,
2250 4388 2314 4428 ac
2344 4375 2413 4429 de
2438 4375 2662 4444 singulis
2694 4378 2886 4431 turmis
2916 4378 3155 4435 vicissim
3188 4396 3451 4456 quotquot

1839 4464 1998 4521 electi
2048 4464 2249 4521 fuerint
2289 4466 2359 4523 ad
2410 4468 2551 4521 diem
2583 4470 2796 4524 concilii
2823 4473 3211 4529 instantissime
3258 4493 3451 4534 occur-

1840 4567 1993 4622 rant;
2028 4557 2172 4628 quod
2218 4559 2264 4612 si
2308 4574 2413 4614 non
2447 4562 2723 4630 potuerint
2758 4562 2912 4633 157
2938 4579 3242 4635 occurrere,
3275 4586 3444 4626 excu-

1838 4652 2078 4707 sationes
2107 4666 2235 4706 suas
2263 4652 2315 4706 in
2346 4654 2655 4707 tractatoria
2684 4663 2706 4691 °
2738 4658 3108 4723 censeribant,
3144 4660 3228 4714 vel
3256 4663 3301 4715 si
3328 4675 3448 4730 post

1839 4745 2131 4800 adventum
2195 4746 2521 4801 tractatoriai
2565 4748 2762 4814 aliquae
2825 4753 3179 4808 necessitates
3222 4771 3445 4824 repente

1837 4837 2064 4893 forsitan
2097 4848 2232 4892 ortae
2256 4837 2457 4894 fuerint
2480 4880 2497 4906 ,
2530 4840 2633 4893 nisi
2663 4842 2923 4896 rationem
2954 4843 3326 4914 impedimenti
3355 4853 3441 4905 sui

1838 4934 1978 5005 apud
2031 4950 2188 4989 suum
2234 4934 2515 5002 primatem
2567 4935 2954 5003 reddiderint,
3029 4940 3279 4995 ecclesia:
3332 4956 3444 4998 suae

1837 5024 2219 5080 communione
2249 5024 2448 5081 debere
2475 5040 2596 5081 esse
2625 5035 2927 5081 contentos.

1838 5117 1930 5174 XI.
1974 5116 2043 5174 Ut
2069 5120 2229 5190 lapsis
2258 5120 2608 5175 sacerdotibus
2635 5137 2817 5174 manus
2856 5122 2929 5177 eis
2974 5123 3108 5178 sicut
3149 5125 3299 5180 laicis
3336 5144 3438 5183 non

2488 5205 2768 5263 ponantur.

1904 5278 1980 5334 Ita
2029 5280 2407 5336 confirmatum
2449 5292 2533 5338 est
2586 5294 2644 5337 ut
2692 5285 2736 5339 si
2765 5286 2981 5354 quando
3009 5288 3311 5356 presbyteri
3348 5290 3433 5345 vel

1833 5369 2049 5426 diaconi
2075 5373 2128 5427 in
2160 5372 2339 5443 aliqua
2360 5375 2595 5445 graviori
2627 5377 2782 5445 culpa
2805 5380 3037 5434 convicti
3063 5379 3291 5449 fuerint,
3324 5396 3430 5452 qua

1832 5514 2050 5581 stentur,
2080 5524 2240 5579 neque
2264 5511 2362 5577 ipsi
2389 5522 2527 5578 sunt,
2559 5526 2677 5581 quae
2706 5514 2901 5568 desunt
2928 5516 2979 5570 iu
3014 5514 3079 5572 Α.

1908 5580 1930 5616 ά
1991 5580 2070 5634 Ex
2125 5582 2334 5636 caeteris
2376 5580 2665 5638 Codicibus
2712 5586 2993 5653 desumpta
3042 5594 3168 5641 sunt
3217 5586 3421 5645 verba:

1834 5659 2175 5723 competenter
2204 5664 2493 5719 occurrant,
2529 5670 2648 5723 quae
2673 5656 2869 5709 desunt
2894 5660 2945 5708 in
2975 5658 3040 5712 A.

1912 5729 1936 5760 ⁶
1977 5719 2095 5790 Ε..
2126 5722 2187 5780 Β.
2219 5725 2307 5790 IL,
2344 5723 2405 5781 Τ.
2442 5726 2494 5795 1,
2526 5719 2584 5793 Ξ,
2619 5725 2706 5794 U.,
2737 5729 3124 5787 tractoria......
3152 5732 3428 5792 tractoria.
