3870 6338
184 332 265 390 215

182 442 499 519 superioribus
526 435 899 497 meminimus,
939 432 1039 487 hoc
1052 439 1136 486 est
1164 430 1231 483 de
1259 428 1491 484 Nicaenis
1514 425 1732 482 canoni'
1762 428 1815 487 Α

185 546 291 607 bus,
326 546 381 592 ut
421 537 811 588 conserventur
849 536 904 580 et
948 522 1261 577 constitutio
1310 534 1500 575 eorum
1531 528 1587 572 et
1614 532 1745 572 con-

182 633 407 695 suetudo,
439 625 557 697 quia
608 633 665 678 et
712 620 888 690 aliqua
928 617 1118 671 ordine
1161 624 1215 667 et
1246 615 1399 686 161
1430 627 1638 669 canone
1664 621 1742 667 ιο-

182 736 376 787 nentur,
425 719 599 789 aliqua
642 711 1041 770 consuetudine
1083 709 1295 763 ﬁrmata
1346 715 1496 761 sunt.
1553 705 1630 759 De
1661 704 1744 758 bis

183 834 284 889 ergo
303 816 342 870 si
362 812 528 883 placet
557 805 873 863 beatitudini
901 813 1095 858 vestrae
1124 810 1419 854 tractemus
1446 840 1461 864 ,
1508 808 1566 852 ut
1590 805 1647 853 et
1677 795 1744 851 ad

186 914 339 967 sedem
367 900 721 960 venerandam
756 898 1033 965 rescriptis
1058 894 1254 948 vestris
1289 892 1539 947 intimare
1563 890 1746 959 possi-

186 1004 238 1059 tis
268 1010 410 1069 atque
453 1009 553 1050 nos
600 990 950 1047 admonuisse
996 987 1135 1057 apud
1161 984 1523 1040 venerabilem
1552 996 1743 1051 papam

177 1096 417 1151 evidenter
445 1089 648 1145 clareat
675 1127 693 1153 ,
725 1087 850 1140 licet
877 1093 932 1137 et
961 1081 1195 1151 capitula
1229 1080 1499 1134 actionum
1522 1077 1632 1147 jam
1666 1076 1748 1130 in-

178 1197 296 1241 serta
330 1184 431 1237 sint
470 1180 677 1249 gestis:
729 1178 795 1230 de
846 1178 978 1244 ipsis
1025 1188 1155 1243 ergo
1181 1213 1196 1236 ,
1227 1181 1287 1225 ut
1329 1171 1581 1240 superius
1609 1168 1742 1232 dixi,

179 1275 283 1345 quid
312 1282 494 1328 vestra!
522 1268 841 1326 beatitudini
876 1266 1083 1335 placeat
1112 1278 1270 1334 agere
1299 1263 1584 1318 debemus.
1641 1260 1747 1315 Ve-

177 1368 271 1421 niat
296 1378 415 1435 ergo
438 1359 911 1417 commonitorium
937 1358 989 1411 in
1018 1357 1254 1411 medium
1274 1396 1290 1422 ,
1330 1364 1391 1408 ut
1417 1354 1557 1409 scire
1576 1352 1750 1423 possit

178 1470 323 1514 vestra
366 1455 637 1512 beatitudo
689 1453 816 1524 quid
858 1453 910 1506 in
961 1465 1030 1507 eo
1057 1450 1421 1517 contineatur,
1448 1456 1509 1503 ut
1539 1446 1605 1502 ad
1634 1448 1749 1501 sin-

176 1552 275 1620 gula
298 1546 697 1617 respondeatur.

293 1640 370 1694 lll.
405 1638 479 1692 De
497 1636 885 1691 commonitorio
911 1635 1136 1689 Romani
1175 1650 1329 1705 papas
1353 1634 1588 1689 recitato.

232 1731 460 1788 Aurelius
484 1732 776 1801 episcopus
804 1728 942 1783 dixit
966 1745 979 1781 :
1008 1728 1320 1782 Proferatur
1372 1724 1749 1782 commonito-

173 1830 287 1882 rium
308 1826 440 1897 quod
467 1826 660 1879 fratres
687 1832 742 1878 et
771 1821 1193 1878 consacerdotes
1221 1819 1392 1874 nostri
1416 1820 1554 1873 ιιι-πε
1573 1832 1742 1887 nuper

174 1921 520 1990 allegavernnt,
553 1928 606 1973 et
634 1928 835 1973 caetera
859 1932 978 1988 qua:
1001 1926 1122 1970 acta
1151 1924 1279 1969 sunt
1309 1914 1395 1969 vel
1425 1929 1545 1984 qua:
1573 1928 1748 1982 agen-

172 2014 224 2067 da
258 2023 389 2067 sunt.
432 2011 839 2081 Snbsequenter
900 2008 1087 2063 Daniel
1124 2015 1152 2044 ι
1195 2005 1442 2062 notarius
1495 2005 1748 2061 recitavit

175 2106 627 2162 commonitorium.
664 2104 841 2159 Fratri
875 2101 1132 2157 Faustino
1166 2109 1221 2155 ct
1254 2101 1383 2154 filiis
1412 2099 1662 2168 Philippo
1691 2108 1749 2153 et

174 2196 329 2253 Asello
365 2196 697 2267 presbyteris
748 2195 1002 2249 Zosimns
1053 2193 1365 2263 episcopus.
1393 2192 1563 2247 Vobis
1594 2206 1745 2247 com-

176 2291 311 2342 missa
339 2288 545 2359 negotia
593 2302 703 2342 non
764 2288 955 2349 latent,
984 2301 1081 2340 vos
1113 2286 1207 2350 ita,
1237 2301 1298 2338 ac
1326 2287 1370 2339 si
1429 2294 1613 2339 nostra
1673 2284 1746 2339 ibi

176 2373 265 2428 uno
290 2376 402 2444 quia
447 2383 634 2428 nostra
676 2374 749 2427 ibi
795 2376 849 2427 in
890 2373 1045 2427 vobis
1073 2371 1363 2442 praesentia
1420 2380 1525 2439 est,
1553 2380 1745 2426 cuncta

175 2468 398 2537 peragite.
417 2468 655 2522 maxime
674 2480 798 2521 cum
822 2474 876 2520 et
902 2466 1004 2521 hoc
1026 2475 1269 2519 nostrum
1300 2464 1517 2533 possitis
1545 2463 1748 2517 habere

174 2560 469 2626 mandatum,
502 2570 557 2614 et
580 2559 748 2613 verba
776 2572 1043 2613 canonum
1075 2571 1196 2626 qua:
1228 2556 1279 2609 in
1314 2555 1615 2625 pleniorem
1654 2556 1749 2610 lir-

180 2653 387 2706 mitatem
438 2652 563 2706 huic
618 2648 1041 2706 commonitorio
1094 2649 1423 2702 inseruimus
1456 2666 1469 2700 :
1501 2648 1572 2701 ita
1602 2646 1745 2701 enim

176 2742 391 2798 dixerunt
418 2742 761 2799 dilectissimi
785 2741 980 2797 fratres
1011 2739 1065 2794 in
1096 2740 1327 2795 concilio
1351 2740 1593 2806 Nicano,
1624 2755 1745 2794 cum

175 2834 229 2889 de
265 2836 633 2905 episcOporum
689 2835 1054 2903 appellatione
1099 2832 1479 2887 decernerent.
1540 2832 1748 2886 Placuit

174 2935 325 2983 autem
353 2938 406 2981 ut
433 2928 477 2982 si
501 2927 792 2997 episcopus
841 2934 1126 2980 accusatus
1180 2922 1364 2983 fuerit.
1392 2935 1446 2977 et
1470 2922 1748 2993 judicave-

176 3018 262 3073 rint
286 3020 588 3091 congregati
619 3018 865 3089 episcopi
914 3018 1153 3086 regionis
1194 3017 1369 3087 ipsius
1396 3027 1450 3071 et
1479 3017 1549 3072 de
1576 3016 1745 3087 gradu

176 3124 255 3167 suo
276 3114 562 3184 dejecerint
593 3129 741 3181 eum,
774 3119 829 3167 et
888 3110 1193 3180 appellasse
1235 3111 1451 3165 videtur
1481 3118 1536 3165 et
1562 3110 1749 3165 confu-

174 3208 288 3276 gerit
311 3208 372 3262 ad
401 3209 787 3264 beatissimum
816 3205 1075 3261 Ecclesiat
1106 3206 1372 3260 Romanae
1402 3206 1742 3275 episcopum,

176 3310 221 3354 et
244 3300 455 3357 voluerit
478 3300 659 3355 audiri
690 3308 745 3353 et
796 3299 1005 3367 justum
1048 3300 1316 3367 putaverit
1348 3305 1408 3352 ut
1457 3310 1748 3353 renovetur

176 3406 390 3459 examen,
426 3396 670 3449 scribere
722 3393 806 3448 bis
834 3391 1110 3463 episcopis
1138 3390 1389 3461 dignetur
1418 3391 1506 3460 qui
1538 3391 1590 3445 in
1625 3392 1746 3446 lini-

177 3492 282 3537 tuna
306 3496 356 3538 et
396 3491 700 3555 propinqua
732 3486 1009 3555 provincia
1058 3492 1205 3551 sunt,
1238 3492 1298 3538 ut
1326 3484 1427 3552 ipsi
1456 3484 1749 3553 diligenter

177 3576 330 3629 omnia
354 3578 635 3647 requirant
657 3584 711 3630 et
750 3576 898 3644 juxta
926 3575 1087 3630 fidem
1146 3576 1397 3630 veritatis
1428 3574 1693 3629 deliniant
1729 3592 1741 3627 :

176 3666 293 3735 quod
313 3666 354 3721 si
382 3669 504 3737 quis
560 3676 717 3737 rogat
748 3682 963 3724 causam
1031 3682 1185 3722 suam
1243 3668 1438 3721 iterum
1467 3667 1666 3733 audiri,
1694 3677 1748 3723 et

176 3757 527 3828 deprecatione
549 3774 647 3814 sua
680 3760 912 3813 moverit
930 3760 1247 3828 episcopum
1294 3759 1599 3813 Romanum
1630 3768 1688 3814 ut
1715 3775 1747 3815 e

175 3848 321 3907 latere
345 3866 441 3907 suo
490 3852 869 3923 presbyterem
900 3853 1095 3918 mittat,
1119 3852 1227 3905 erit
1254 3852 1307 3906 in
1343 3860 1609 3921 potestate
1634 3854 1749 3921 epi-

175 3943 301 4011 scopi
322 3943 441 4010 quid
476 3942 611 3996 velit
665 3952 720 3996 et
750 3942 876 4011 quid
927 3941 1235 4007 existimet;
1268 3951 1321 3998 et
1370 3945 1414 3997 si
1447 3944 1748 3999 decreverit

174 4032 431 4088 mittendos
462 4048 586 4089 esse
608 4034 703 4102 qui
731 4042 1026 4101 praesentes
1053 4046 1175 4087 cum
1200 4033 1474 4101 episcopis
1499 4032 1747 4102 judicent

175 4122 407 4182 habentes
432 4127 816 4182 auctoritatem
844 4126 960 4193 ejus
990 4140 1020 4178 a
1048 4139 1157 4194 quo
1182 4125 1442 4179 destinati
1472 4134 1619 4192 sunt,
1645 4127 1747 4182 erit

176 4217 222 4272 in
246 4219 353 4287 ejus
379 4221 640 4285 arbitrio;
694 4222 740 4274 si
787 4234 913 4275 vero
942 4218 1233 4274 crediderit
1262 4219 1509 4273 sufficere
1537 4221 1747 4288 episco-

174 4323 326 4379 posut
354 4313 574 4383 negotio
618 4311 905 4365 terminum
958 4310 1262 4380 imponant.
1295 4310 1459 4366 faciet
1485 4312 1629 4379 quod
1663 4326 1747 4365 sa-

173 4402 480 4470 pientissimo
502 4405 735 4460 consilio
762 4419 861 4459 suo
883 4404 1230 4473 judicaverit.

175 4492 246 4550 IV.
272 4498 424 4566 Alipii
446 4497 975 4585 episcOpifesponsio
1003 4514 1097 4585 pro
1124 4497 1613 4585 aerisvexemrdariis
1634 4496 1747 4551 Ni-
1770 4523 1826 4585 D

566 4570 696 4621 αεηὶ
725 4569 930 4621 concilii
957 4569 1330 4639 perquirendis.

236 4660 430 4717 Etcum
457 4664 739 4723 recitaret.
770 4661 956 4730 Alpius
971 4661 1259 4730 episcopus
1282 4661 1525 4717 ecclesiae
1545 4660 1747 4731 Tagas-

176 4753 319 4809 tensis
346 4755 553 4825 legatus
577 4754 871 4823 provinciae
896 4752 1158 4808 Numidia:
1189 4754 1326 4809 dixit
1352 4772 1367 4808 :
1402 4753 1477 4810 De
1506 4754 1611 4809 hoc
1631 4754 1743 4825 jam

174 4846 519 4912 superioribus
542 4847 707 4901 etiam
754 4844 948 4899 litteris
987 4844 1205 4899 concilii
1238 4847 1410 4900 nostri
1454 4846 1745 4915 rescripsi-

176 4950 293 4999 mus,
319 4947 372 4991 et
401 4939 453 4993 id
480 4951 581 4991 nos
596 4945 910 4991 servaturos
932 4936 1250 5002 profitemur
1271 4935 1414 5001 quod
1444 4936 1498 4990 in
1526 4935 1746 4991 Nicteno

174 5028 377 5083 concilio
411 5030 572 5100 162
602 5029 952 5083 constitutum
986 5037 1069 5083 est
1102 5044 1116 5081 :
1149 5027 1325 5083 adhuc
1353 5037 1532 5083 tamen
1563 5037 1747 5083 movet

172 5115 448 5187 x'qooniam
476 5138 600 5176 cum
630 5122 1022 5191 inspiceremus
1069 5120 1258 5177 Graeca
1288 5122 1622 5193 exemplaria
1644 5124 1745 5179 bu-

171 5207 243 5275 jut
267 5214 451 5281 synodi
480 5213 733 5279 Nicaeum,
770 5214 868 5267 ista
894 5213 965 5268 ibi
989 5215 1171 5268 nescio
1198 5229 1299 5284 qua
1346 5216 1555 5270 ratione
1588 5216 1744 5269 mini-

174 5304 585 5360 tneinvenimus.
630 5304 785 5361 Unde
842 5308 1072 5375 petimus
1124 5310 1525 5362 venerationem
1570 5318 1736 5377 tuam,

174 5407 331 5453 sancte
362 5414 494 5468 papa
521 5398 731 5465 Aureli,
762 5407 824 5453 ut
850 5401 972 5469 quia
1007 5399 1116 5456 hoc
1156 5400 1522 5457 authenticum
1562 5405 1742 5460 conci-

172 5486 279 5543 lium
301 5490 572 5546 Nicaanum
619 5491 671 5544 in
705 5491 839 5546 urbe
865 5491 1061 5547 dicitur
1110 5507 1232 5548 esse
1256 5492 1744 5566 Constantinopoli-

175 5588 296 5650 una,
320 5583 530 5654 aliquos
548 5596 672 5638 cum
698 5583 915 5653 scriptis
945 5592 1053 5640 tute
1082 5588 1388 5643 sanctitatis
1420 5596 1637 5645 mittere
1660 5589 1745 5645 di-

233 5739 383 5805 ιᾸί..
418 5742 479 5795 Β.
514 5742 832 5816 R.._agenda
846 5752 963 5799 sunt
983 5745 1374 5813 subsequmttur.
1409 5746 1612 5804 Daniel.
1643 5748 1740 5816 U.,

178 5816 349 5879 agenda
372 5824 515 5878 sunt,
546 5813 929 5884 subsequentur.
956 5816 1165 5872 Daniel.

1009 311 1285 370 ΑΡΜοΕ
1326 308 1674 367 CONCILIA.
1716 336 1786 349 --
1825 306 2418 364 (ἱζιΒἸἸΙΑΟΙΝΕΝΞΕ
2462 308 2552 364 VI.

3348 306 3459 362 ΞΗ

1842 426 2046 496 gnrris,
2076 433 2259 478 etnon
2284 425 2458 477 solum
2497 423 2561 475 ad
2591 422 2765 489 ipsum
2817 427 3066 475 sanetum
3099 418 3322 473 fratrem
3356 436 3453 475 no.

1848 532 2019 574 strum
2073 516 2732 585 Constantinopolitanum
2790 515 3102 584 episcopum
3127 553 3142 576 ,
3172 514 3268 568 sed
3298 516 3457 569 etiam

1850 616 1916 669 ad
1951 614 2373 669 Alexandrinum
2407 620 2462 666 et
2483 611 2883 667 Antiochennm
2918 609 3254 664 venerabiles
3284 622 3461 661 sacer-

1850 707 2028 770 dotes,
2059 706 2149 774 qui
2184 706 2287 757 hoc
2334 704 2492 759 nobis
2541 704 2833 756 concilium
2885 701 2985 755 sub
3042 700 3462 767 adstipulatione

1849 800 2155 855 litterarum
2214 814 2434 854 suarum
2488 797 2748 864 dirigant,
2795 805 2852 849 ut
2896 796 3073 849 omnis
3116 797 3462 863 postmodum

1850 892 2177 961 ambiguitas
2206 888 2503 953 auferatur,
2534 889 2659 957 quia
2676 902 2772 941 nos
2801 888 2871 941 ita
2904 896 2959 940 ut
2986 885 3148 939 frater
3171 885 3463 939 Faustinus

1850 985 2028 1039 attulit
2058 983 2281 1037 minime
2313 982 2619 1035 invenimus
2653 995 2666 1034 :
2701 982 2800 1033 ista
2834 993 2935 1032 nos
2984 987 3163 1031 tamen
3191 978 3465 1046 paulisper

1852 1091 2185 1145 servaturos,
2210 1088 2271 1133 ut
2308 1088 2463 1133 antea
2510 1076 2647 1143 dixi,
2674 1077 2847 1130 donec
2896 1074 3105 1141 integra
3130 1072 3463 1141 exemplaria

1852 1176 2071 1231 veniant
2099 1174 2437 1243 profitemur.
2469 1169 2741 1225 Petendus
2768 1179 2852 1222 est
2901 1174 3081 1220 autem
3139 1165 3334 1219 litteris
3363 1180 3464 1219 no-

1853 1274 1983 1327 stris
2010 1270 2171 1325 etiam
2218 1267 2552 1323 venerabilis
2598 1265 2857 1321 Ecclesiae
2892 1262 3149 1318 Romana:
3180 1262 3465 1332 episcopus

1857 1366 2182 1427 Bonifacius,
2216 1373 2274 1418 ut
2324 1363 2441 1433 ipse
2488 1376 2703 1431 quoque
2744 1360 2995 1429 dignetur
3022 1358 3089 1412 ad
3141 1368 3467 1413 memoratas

1853 1457 2114 1513 ecclesias
2135 1456 2349 1526 aliquos
2374 1455 2614 1515 mittere,
2640 1453 2729 1523 qui
2756 1452 2949 1507 eadem
2965 1449 3296 1519 exemplaria
3328 1464 3466 1519 prae-

1854 1551 1981 1606 dicti
2007 1550 2211 1605 Nicasni
2240 1548 2455 1605 concilii
2508 1546 2808 1603 secundum
2862 1545 2981 1614 ejus
3031 1544 3239 1614 possint
3267 1544 3466 1610 scripta

1852 1646 2093 1715 perferre
2118 1644 2203 1717 [T.
2238 1643 2295 1697 ‘2.
2326 1628 2632 1711 praeferre].
2666 1640 2816 1695 Nunc
2844 1648 3024 1695 autem
3049 1634 3335 1691 memorati
3362 1636 3464 1690 Ni-

1855 1740 1991 1795 caeni
2014 1739 2227 1795 concilii
2255 1738 2435 1809 qualia
2482 1736 2813 1806 exemplaria
2871 1734 3136 1790 habemus
3165 1732 3251 1787 his
3302 1732 3468 1800 gestis

1856 1836 2152 1891 sociamns.

1850 1924 1917 1978 V.
1956 1927 2059 1981 Ubi
2100 1923 2386 1980 Faustinus
2427 1924 2697 1994 episcopus
2747 1921 2894 1985 dicit,
2922 1928 2980 1975 att
3025 1919 3261 1994 Romano
3319 1930 3469 1985 papa

1922 1999 2152 2068 synodus
2178 2013 2271 2067 pro
2302 1991 2612 2064 inquirendo
2637 1992 2872 2047 Nicazna:
2901 1992 3088 2062 synodi
3126 1991 3343 2041 veritate
3372 2004 3466 2040 no-

1922 2077 2098 2122 tescat.

1925 2162 2216 2216 Faustinus
2268 2161 2557 2230 episcopus
2610 2160 2817 2229 legatus
2888 2156 3147 2213 Ecclesiae
3204 2156 3465 2211 Romana

1852 2254 2026 2309 dixit:
2060 2252 2171 2307 Nec
2208 2260 2390 2307 vestra
2421 2253 2681 2305 sanctitas
2723 2248 3042 2320 prtejudicat
3071 2247 3328 2303 Ecciesite
3357 2245 3467 2299 Ro-
3539 2308 3547 2313 _

1853 2361 2027 2401 manas
2058 2346 2174 2400 sive
2196 2344 2264 2399 de
2295 2344 2397 2398 hoc
2438 2344 2672 2413 capitulo
2701 2344 2815 2397 sive
2865 2340 2932 2395 de
2974 2340 3118 2405 aliis,
3143 2343 3264 2411 quia
3285 2338 3468 2393 dicere

1850 2440 2104 2509 dignatus
2126 2449 2212 2494 est
2240 2438 2406 2494 frater
2436 2448 2624 2493 noster
2644 2445 2702 2491 et
2744 2437 3101 2505 coepiscopus
3131 2434 3342 2505 Alipius
3367 2433 3471 2487 duo

1852 2532 1971 2587 bios
2000 2547 2121 2587 esse
2152 2545 2414 2599 canones,
2449 2530 2543 2584 sed
2578 2530 2693 2583 hace
2724 2529 2835 2598 ipsa
2861 2528 2927 2581 ad
2959 2536 3207 2582 sanctum
3261 2542 3325 2581 ac
3348 2525 3467 2580 bea-

1854 2628 2119 2683 tissimum
2171 2639 2362 2695 papam
2411 2632 2658 2679 nostrum
2700 2622 2941 2676 scribere
2970 2619 3287 2690 dignemini,
3314 2627 3375 2674 ut
3415 2625 3471 2674 et

1852 2719 1971 2789 ipse
1993 2718 2236 2788 integros
2263 2731 2502 2781 canonw
2519 2714 2798 2786 inquirens
2819 2728 2943 2771 cum
2965 2726 3144 2769 veStra
3176 2712 3466 2768 sanctitate

1851 2814 1923 2869 de
1945 2813 2196 2867 omnibus
2223 2809 2528 2865 constitutis
2560 2819 2790 2862 tractare
2812 2807 3005 2879 possit.
3023 2807 3463 2862 Sufficiatautem

1852 2914 1990 2961 utet
2020 2908 2135 2976 ipse
2157 2905 2504 2960 beatissimus
2553 2904 2840 2971 episcopus
2882 2902 3031 2955 urbis
3080 2900 3296 2963 Romae,
3331 2899 3473 2952 sicut

1852 3006 1908 3052 et
1932 3006 2108 3053 vestra
2144 2997 2402 3052 sanctitas
2425 2992 2563 3062 apud
2595 3007 2653 3045 se
2696 2999 2913 3057 tractat,
2956 2991 3031 3045 ita
3059 3000 3111 3044 et
3153 2990 3270 3059 ipse
3291 2986 3473 3058 inqui-

1853 3098 1958 3153 rat,
1996 3103 2064 3141 ne
2105 3087 2384 3141 contentio
2418 3085 2558 3138 inter
2602 3083 2861 3139 ecclesias
2888 3082 3041 3136 nasci
3071 3081 3341 3147 videatur,
3373 3080 3470 3135 sed

1776 3166 1823 3230 C
1856 3179 2030 3249 magis
2060 3177 2327 3232 charitate
2358 3174 2595 3228 fraterna
2617 3174 2925 3228 deliberare
2956 3174 3175 3242 possitis
3207 3173 3326 3242 ipso
3356 3189 3473 3228 res-

1852 3275 2098 3329 cribente
2148 3271 2275 3339 quid
2322 3269 2516 3323 melius
2570 3268 2852 3324 observari
2886 3278 2908 3306 ⁸
2940 3268 3155 3321 debeat.
3219 3267 3472 3322 Aurelius

1853 3365 2143 3433 episcopus
2174 3362 2349 3415 dixit:
2385 3360 2592 3415 Prater
2637 3361 2739 3413 ista
2772 3375 2891 3429 quin
2923 3360 3359 3429 deprompsimus
3384 3374 3476 3413 ac-

1854 3458 1922 3511 tis
1947 3469 2172 3510 necesse
2198 3460 2284 3507 est
2313 3464 2369 3505 ut
2404 3452 2567 3507 etiam
2597 3462 2795 3506 nostrzt-
2822 3452 3100 3520 parvitatis
3124 3452 3321 3506 litteris
3346 3466 3475 3507 san-

1851 3555 1941 3603 eto
1970 3545 2120 3601 fratri
2140 3556 2194 3600 et
2219 3544 2596 3599 consacertloti
2614 3554 2797 3600 nostro
2823 3543 3095 3599 Bonifacio
3117 3543 3328 3613 singula
3349 3559 3471 3613 quae

1856 3648 2149 3693 tractamus
2174 3638 2497 3708 plenissime
2549 3636 2863 3691 intimemus
2896 3654 2909 3691 :
2943 3650 3075 3707 ergo
3124 3638 3167 3689 si
3219 3635 3470 3691 omnibus

1854 3730 2030 3799 placet
2055 3732 2365 3799 prosecutio
2398 3739 2617 3795 nostra,
2650 3744 2747 3784 ore
2777 3728 3022 3785 omnium
3065 3729 3468 3785 condiscamus.

1854 3822 2182 3877 Universum
2207 3822 2502 3876 concilium
2534 3821 2675 3875 dixit
2705 3840 2718 3875 :
2751 3822 2958 3877 Placet.

1853 3936 1942 3992 Vl.
1977 3936 2055 3992 De
2080 3939 2331 3992 sententia
2360 3937 2688 3993 Sardicensis
2705 3934 2911 3992 concilii
2936 3938 3146 3995 recitata
3176 3937 3473 4008 postulatio

2412 4011 2618 4062 Novato
2646 4011 2909 4081 episropo.

1924 4097 2163 4153 Novatus
2186 4099 2479 4168 episcOpus
2508 4101 2718 4169 legatus
2750 4102 3091 4155 Mauritaniae
3140 4101 3471 4171 Sitipliensis

1850 4191 1987 4245 dixit
2018 4209 2029 4244 :
2066 4190 2220 4245 Nunc
2249 4191 2600 4245 meminimus
2633 4194 2685 4245 in
2710 4193 2813 4247 hoc
2848 4195 3003 4265 163
3036 4196 3289 4263 prmsenti
3313 4211 3466 4249 com-

1852 4284 2145 4337 monitorio
2169 4283 2371 4337 lectum
2403 4285 2567 4337 etiam
2597 4285 2667 4339 de
2724 4288 3062 4357 presbyteris
3112 4290 3195 4343 vel
3225 4288 3467 4343 diaconi-

1852 4378 1951 4430 bus
1974 4378 2261 4439 contineri,
2290 4376 2523 4445 qualiter
2544 4378 2717 4431 audiri
2769 4379 2837 4433 ab
2882 4380 3153 4447 episcopis
3184 4382 3295 4435 suis
3322 4382 3407 4436 vel
3436 4396 3466 4436 ιι

1852 4467 2093 4523 finitimis
2120 4469 2375 4534 debeant,
2416 4468 2561 4536 quod
2612 4471 2663 4522 in
2696 4469 2915 4524 Nicreno
2980 4472 3209 4525 concilio
3240 4472 3465 4528 minimc

1854 4562 2078 4631 legimus
2110 4578 2122 4613 :
2158 4561 2301 4615 unde
2336 4560 2438 4616 hoc
2464 4562 2638 4630 ipsum
2662 4561 2853 4631 jubeat
2886 4565 3145 4619 sanctitas
3165 4576 3345 4620 vestra
3377 4581 3471 4622 no-

1850 4655 1935 4711 bis
1959 4655 2205 4711 recitari.
2241 4656 2498 4711 Aurelius
2524 4657 2819 4726 episcopus
2871 4658 3009 4712 dixit
3040 4677 3052 4710 :
3086 4658 3371 4717 Recitetur
3400 4664 3467 4718 ad

1851 4749 2027 4803 locum
2057 4750 2219 4803 etiam
2248 4749 2354 4805 hoc
2402 4747 2548 4821 quod
2600 4749 2933 4818 deposcitur.
2982 4751 3165 4809 Daniel
3220 4758 3465 4814 notarius

1850 4839 2102 4894 recitavit
2133 4856 2145 4892 :
2180 4838 2260 4894 De
2311 4839 2766 4910 appellationibus
2816 4850 2999 4897 autem
3026 4844 3375 4913 clericorum,
3407 4848 3463 4904 id

1849 4942 1935 4987 est
1960 4933 2187 4987 minoris
2216 4933 2342 4999 loci,
2374 4944 2429 4988 et
2459 4933 2628 5003 ipsius
2658 4934 2854 5006 synodi
2878 4949 3025 4993 certa
3056 4944 3363 5009 responsio,
3394 4943 3464 4997 de

1849 5038 1953 5095 qua
1982 5038 2043 5079 re
2072 5022 2201 5095 quid
2224 5024 2396 5078 acturi
2427 5025 2546 5079 sitis
2592 5026 2864 5083 credimus
2906 5030 3279 5097 inserendum,
3315 5034 3459 5101 quod

1850 5118 2029 5171 taliter
2055 5117 2262 5173 dictum
2285 5125 2370 5173 est
2390 5132 2455 5173 ex
2496 5117 2806 5173 Sardlcensi
2849 5120 3085 5176 concilio
3109 5121 3308 5193 (Titqu
3342 5125 3453 5195 t7).

1848 5216 2010 5272 Osius
2038 5218 2328 5287 episcopus
2360 5216 2495 5271 dixit
2527 5232 2542 5271 :
2575 5216 2714 5284 Quid
2746 5232 2832 5273 me
2864 5218 3040 5274 adhuc
3070 5230 3289 5276 moveat
3316 5221 3454 5277 reti-

1849 5322 1973 5365 cere
2004 5325 2110 5365 non
2142 5310 2315 5365 debeo
2351 5327 2363 5363 :
2397 5309 2457 5365 Si
2499 5309 2784 5379 episcopus
2812 5312 2929 5375 quis
2974 5311 3110 5366 forte
3140 5313 3449 5383 iracundus,

1848 5403 1993 5473 quod
2017 5418 2140 5458 esse
2170 5419 2280 5458 non
2309 5404 2493 5469 debet,
2526 5404 2637 5459 cito
2688 5413 2782 5457 aut
2828 5417 3020 5474 aspere
3049 5418 3452 5463 commoveatur

1848 5498 2112 5552 adversus
2142 5498 2522 5568 presbyterum
2555 5498 2669 5552 sive
2693 5498 2975 5553 diaconem
3004 5512 3159 5554 suum
3194 5510 3248 5555 et
3274 5512 3453 5557 exter-

1848 5594 2059 5649 minare
2089 5606 2213 5647 eum
2265 5592 2334 5647 de
2360 5592 2592 5649 ecclesia
2642 5592 2897 5661 voluerit,
2926 5594 3316 5663 providendum
3368 5604 3452 5654 est

1917 5746 1944 5784 δ
1978 5749 2095 5812 ΑΞ..
2127 5746 2190 5804 Β.
2218 5747 2309 5816 IL,
2344 5748 2407 5803 Τ.
2440 5748 2571 5813 LQ,
2597 5751 2765 5803 adhuc
2792 5758 2962 5804 tamen
2988 5766 3068 5804 mc
3090 5762 3275 5809 movet.

1923 5829 1944 5858 ο
1984 5823 2060 5875 Ex
2094 5820 2315 5890 reliquis
2347 5831 2541 5887 pra-ter
2564 5823 2654 5886 A.,
2680 5825 2730 5875 in
2759 5836 2885 5888 quo,
2917 5824 3169 5877 renovari.
