3870 6370
417 387 525 447 215

1097 366 1479 429 COLLECTIO
1514 363 1843 423 CANONUM
1884 361 1942 417 S.
1985 355 2259 415 lSlDORO
2300 354 2566 415 IIISPAL.
2609 350 2972 413 ASCRIPTA.

3577 354 3685 411 216

416 518 485 561 ne
517 503 771 557 innocens
789 493 1073 551 damnetur
1091 498 1181 545 aut
1209 486 1398 558 perdat
1415 482 1873 547 communionem,
1900 478 1996 533 ha-
2028 482 2079 545 Α
2105 475 2255 537 ritas,
2278 488 2340 528 ea
2362 471 2593 543 capitula
2616 484 2737 540 qua
2759 469 2811 524 iu
2835 464 3247 523 commonitorio
3262 479 3503 536 praesens
3525 465 3692 525 frater

415 600 543 656 beat
570 602 893 667 potestatem
924 588 1127 661 ejectus
1176 595 1233 639 ut
1268 585 1525 639 finitimos
1558 575 1863 646 interpellet
1887 574 2002 644 epi-

416 705 631 759 scopos,
663 697 720 742 ut
742 700 903 741 causa
931 684 1047 748 ejus
1068 680 1317 735 audiatur
1343 686 1398 732 et
1445 673 1754 741 diligentius
1809 679 2003 723 tracte-

417 796 523 851 tur,
560 782 682 852 quia
714 795 819 834 non
850 784 1067 846 oportet
1104 773 1153 828 ei
1178 770 1359 839 negari
1418 767 1740 822 audientiam
1770 761 1999 835 roganti,

418 888 474 933 et
496 877 580 929 ille
606 873 890 940 episcopus
913 868 1007 937 qui
1036 875 1127 919 aut
1147 865 1288 933 juste
1317 871 1407 915 aut
1456 859 1656 929 injuste
1686 855 1873 924 rejecit
1902 867 2002 923 pa-

420 969 613 1023 tienter
642 962 869 1032 accipiat
891 969 948 1013 nt
1000 955 1268 1025 negotium
1297 952 1634 1015 discutiatur,
1666 957 1723 1002 ut
1759 954 1851 1001 aut
1880 957 2002 1013 pro.

416 1060 572 1113 betur
592 1056 708 1123 ejus
735 1061 826 1106 aut
851 1049 1164 1104 emendetur
1182 1044 1447 1100 sententia
1478 1050 1579 1097 :et
1606 1051 1819 1094 caetera.

417 1149 532 1204 VII.
567 1148 664 1202 Ubi
694 1144 1003 1215 Augustinus
1038 1140 1301 1206 cpiscopus
1322 1152 1439 1190 cum
1481 1133 1673 1215 synodo
1728 1128 2000 1183 Nicetium

690 1274 691 1277 η
761 1203 1034 1267 concilium
1061 1203 1361 1264 conservare
1384 1203 1654 1277 promittit.

492 1309 733 1377 Cumque
780 1307 1118 1367 recitaretur,
1151 1300 1478 1370 Augustinus
1508 1295 1790 1365 episcopus
1831 1288 2004 1346 eccle-

420 1402 513 1456 sia
573 1396 1067 1467 Hipponiregiensis
1133 1394 1337 1462 legatus
1407 1388 1695 1458 provincia
1743 1380 2003 1438 Numidia

417 1493 593 1547 dixit:
632 1494 693 1545 Et
719 1491 819 1544 hoc
844 1504 944 1544 nos
972 1494 1284 1543 servaturos
1334 1481 1647 1551 proﬁtemur
1700 1478 1844 1533 salva
1876 1474 2003 1529 dili-

419 1583 645 1653 gentiori
697 1582 1039 1650 inquisitione
1081 1574 1297 1633 concilii
1336 1572 1555 1629 Nicani.
1590 1570 1836 1625 Aurelius
1886 1564 2002 1633 epi-

424 1690 617 1742 scopus
644 1674 818 1728 dixit:
853 1673 909 1727 Si
959 1671 1063 1725 hoc
1110 1670 1268 1724 etiam
1311 1666 1552 1721 omnium
1576 1660 1735 1716 vestri
1759 1658 2004 1715 charitati

421 1768 615 1834 placet,
668 1764 1018 1833 responsione
1076 1764 1305 1815 ﬁrmate.
1353 1759 1667 1814 Universum
1719 1752 2003 1808 concilium

2106 578 2159 623 et
2187 568 2537 635 coepiscopus
2570 574 2753 620 noster
2773 561 3061 617 Faustinus
3091 560 3188 617 sed
3237 569 3292 616 et
3342 562 3693 633 conpresby-

2105 661 2200 717 teri
2233 658 2509 727 Philippus
2532 668 2583 713 et
2611 657 2817 712 Asellus
2847 670 3028 711 secum
3044 654 3354 719 attulerunt,
3380 665 3471 708 aut
3489 652 3693 712 ibidem

2104 761 2314 825 reperta
2344 767 2373 805 a
2403 750 2559 805 nobis
2588 750 2962 812 ﬁrmabuntur,
2993 756 3087 802 aut
3116 749 3160 802 si
3189 762 3294 801 non
3324 746 3691 815 inveniuntur,

2104 847 2326 903 collecta
2348 843 2556 917 synodo
2583 843 2652 899 de
2684 843 2785 897 hoc
2815 842 2865 895 in
2891 839 3138 910 sequenti
3187 839 3557 894 tractabimus.
3588 838 3695 892 Da-

2106 940 2210 994 niel
2241 939 2483 992 notarius
2508 934 2709 989 Nicani
2755 932 2966 988 concilii
3018 932 3403 1000 professionem
3454 930 3578 985 ﬁdei
3607 929 3693 985 vel

2103 1030 2221 1100 ejus
2249 1037 2444 1084 statuta
2467 1027 2712 1082 recitavit
2736 1025 2788 1079 in
2813 1022 3039 1079 concilio
3063 1021 3337 1077 Africano.

2389 1124 2459 1179 Χ.
2490 1123 2752 1193 Professio
2791 1122 2915 1192 fidei
2954 1119 3157 1175 Νίσιτηὶ
3184 1119 3409 1174 concilii.

2177 1217 2457 1272 Credimus
2488 1216 2540 1270 in
2594 1229 2756 1268 unum
2789 1212 2955 1267 Deum
3004 1210 3220 1266 Patrem
3274 1208 3699 1277 omnipotentem

2107 1309 2343 1364 omnium
2366 1304 2653 1361 visibilium
2680 1315 2734 1360 et
2760 1301 3111 1357 invisibilium
3141 1300 3473 1356 conditorem
3511 1318 3523 1350 :
3557 1309 3610 1353 et
3644 1300 3700 1355 in

2108 1416 2274 1455 unum
2310 1398 2594 1453 Dominum
2635 1396 2819 1452 .Iesum
2853 1393 3123 1449 Christum
3150 1393 3316 1448 filium
3366 1393 3483 1457 Dei,
3513 1404 3702 1447 natum

2111 1491 2176 1547 de
2207 1491 2360 1545 Patre
2394 1489 2746 1560 unigenitum,
2782 1488 2882 1541 hoc
2932 1494 3016 1541 est
3050 1485 3120 1540 de
3165 1485 3463 1541 substantia
3500 1486 3702 1553 Patris,

2112 1583 2279 1638 Deum
2304 1582 2370 1638 de
2398 1582 2526 1647 Deo,
2577 1581 2755 1634 lumen
2810 1579 2878 1633 de
2933 1575 3158 1643 lumine,
3204 1576 3369 1631 Deum
3394 1590 3581 1630 verum
3636 1576 3707 1632 de

2111 1678 2222 1733 Deo
2249 1692 2401 1744 vero,
2432 1684 2637 1741 natum,
2673 1688 2775 1727 non
2806 1673 3021 1737 factum,
3057 1670 3211 1725 unius
3239 1668 3552 1723 substantia
3578 1683 3707 1723 cum

2113 1767 2291 1831 Patre,
2324 1767 2465 1836 quod
2492 1764 2662 1820 Graci
2694 1764 2880 1819 dicunt
2909 1763 3251 1829 homousion,
3276 1776 3371 1831 per
3400 1777 3556 1832 quem
3586 1777 3710 1814 om-

417 1860 549 1913 dixit
581 1876 595 1913 :
629 1857 818 1913 Omnia
841 1872 959 1925 qua
990 1856 1044 1909 in
1093 1853 1311 1907 Nicano
1337 1849 1566 1905 concilio
1629 1854 1825 1901 statuta
1884 1852 2006 1899 sunt
2035 1838 2087 1899 B
2115 1858 2199 1912 nia
2230 1858 2363 1911 [πω
2395 1867 2538 1921 sum,
2572 1857 2683 1909 sive
2711 1871 2829 1925 qua,
2854 1854 2905 1909 ίη
2935 1855 3095 1919 (mlo,
3129 1856 3245 1909 sive
3299 1869 3420 1921 qua.
3452 1855 3505 1908 in
3534 1860 3706 1919 terra.

421 1951 572 2003 nobis
602 1940 851 2004 omnibus
875 1948 1105 2017 placent.
1138 1942 1412 1999 Jucundus
1436 1942 1722 2008 cpisc0pus
1764 1936 2007 1992 ecclesia

421 2042 728 2111 Suphetula
756 2044 960 2111 legatus
1000 2038 1292 2109 provincia
1317 2036 1607 2107 Byzacena
1647 2032 1820 2087 dixit:
1850 2028 2007 2097 Quod

427 2144 685 2189 statutum
716 2144 799 2189 est
828 2135 878 2187 in
929 2132 1147 2187 Nicano
1174 2128 1404 2184 concilio
1426 2124 1614 2181 violari
1658 2139 1688 2179 a
1738 2136 2004 2194 quoquam

422 2228 729 2301 nullatenus
758 2233 957 2295 potest.

423 2317 555 2373 VIII.
591 2318 689 2372 Ubi
724 2316 1000 2370 Faustinus
1042 2314 1311 2382 episcopus
1361 2325 1451 2382 pro
1501 2308 1754 2382 dubietate
1807 2302 2008 2358 recitals'

590 2388 802 2458 capituli
835 2376 1241 2452 Romano'papa:
1272 2376 1461 2450 reperit
1486 2376 1835 2433 scribendum.

494 2481 778 2535 Faustinus
832 2475 1116 2547 episcopus
1186 2475 1391 2542 legatus
1447 2470 1699 2524 Ecclesia
1755 2468 2008 2521 Romana

418 2576 548 2628 dixit
606 2590 619 2626 :
670 2569 857 2626 Adhuc
901 2567 1191 2623 secundum
1250 2563 1638 2634 professionem
1712 2558 2008 2613 sanctitatis

416 2673 607 2720 vestra
630 2673 737 2717 tam
759 2660 929 2717 sancti
961 2658 1120 2729 Alipii
1150 2671 1308 2726 quam
1340 2656 1500 2710 etiam
1527 2652 1703 2707 fratris
1726 2650 1894 2705 nostri
1915 2650 2009 2703 .Iu-

417 2757 574 2813 cnndi
605 2756 778 2825 aliqua
840 2752 1042 2805 ﬁrmari
1090 2750 1272 2813 credo,
1332 2747 1505 2815 aliqua
1551 2742 1836 2806 infirmari,
1866 2741 2007 2808 quod

420 2863 524 2901 non
554 2846 736 2909 debet,
764 2858 885 2898 cum
913 2843 1021 2910 jam
1079 2841 1133 2895 in
1181 2838 1401 2893 dubium
1455 2836 1555 2905 ipsi
1586 2848 1820 2889 canones
1849 2845 2010 2887 vene-

420 2939 571 2991 rint:
605 2950 732 3003 ergo
758 2942 816 2987 ut
838 2933 1011 3001 placet
1039 2940 1092 2985 et
1134 2930 1288 2984 nobis
1316 2936 1372 2982 et
1422 2925 1737 2981 beatitudini
1791 2935 2005 2990 vestra,

419 3030 485 3083 ad
514 3036 754 3081 sanctum
780 3034 835 3080 et
872 3020 1231 3078 venerabilem
1278 3016 1535 3072 Ecclesia
1586 3015 1841 3069 Romana
1890 3012 2006 3083 epi-

419 3137 643 3191 sc0pum
673 3126 847 3175 vestra
870 3116 1108 3172 scribere
1128 3114 1375 3183 dignetur
1403 3110 1680 3174 sanctitas.
1713 3116 1772 3162 ut
1812 3116 1865 3163 et
1893 3108 2009 3175 ipse

2110 1952 2201 2021 qui
2237 1960 2460 2019 propter
2490 1965 2588 2005 uos
2615 1949 2861 2001 homines
2883 1958 2934 2001 et
2961 1958 3178 2015 propter
3201 1955 3442 2000 nostram
3475 1946 3709 2000 salutem

2111 2043 2411 2110 descendit,
2443 2050 2497 2098 et
2521 2043 2830 2098 incarnatus
2855 2049 2957 2102 est,
2986 2039 3146 2093 homo
3178 2037 3352 2092 factus
3376 2050 3566 2106 passus
3595 2043 3709 2102 est,

2110 2145 2166 2191 et
2195 2135 2497 2190 resurrexit
2525 2134 2679 2189 tertia
2709 2134 2817 2197 die,
2846 2130 3089 2186 ascendit
3120 2130 3174 2184 in
3226 2129 3420 2194 caelos,
3451 2128 3605 2182 sedet
3633 2127 3707 2181 ad

2111 2231 2387 2287 dexteram
2429 2230 2625 2297 Patris,
2667 2228 2820 2300 135
2848 2227 2971 2281 inde
3002 2232 3256 2280 venturus
3281 2223 3526 2292 judicare
3554 2222 3714 2276 vivos

2112 2337 2167 2381 et
2195 2335 2433 2381 mortuos
2459 2342 2474 2380 :
2497 2334 2552 2380 et
2575 2325 2626 2378 in
2657 2322 2914 2392 Spiritum
2965 2328 3231 2377 sanctum.
3259 2317 3367 2372 Eos
3393 2326 3570 2371 autem
3609 2314 3711 2381 qui

2112 2418 2296 2473 dicunt
2326 2435 2339 2471 :
2375 2419 2500 2471 Erat
2530 2417 2745 2486 quando
2770 2429 2875 2470 non
2902 2421 3036 2477 erat,
3072 2421 3124 2466 et
3174 2411 3480 2479 priusquam
3512 2420 3711 2462 nasce-

2112 2518 2260 2565 retur
2288 2522 2395 2562 non
2430 2516 2567 2570 erat.
2600 2515 2655 2561 et
2682 2508 2804 2573 quia
2859 2519 2924 2558 ex
2957 2502 3119 2557 nullis
3168 2500 3501 2556 exstantibus
3531 2497 3710 2551 iactus

2111 2610 2216 2668 est,
2248 2608 2340 2653 aut
2367 2615 2432 2655 ex
2464 2599 2640 2667 aliqua
2664 2598 2958 2653 substantia
2979 2595 3065 2650 vel
3086 2603 3295 2657 natura,
3320 2592 3559 2647 dicentes
3589 2605 3714 2644 mu-

2114 2691 2333 2745 tabilem
2362 2699 2415 2746 et
2442 2688 2851 2744 convertibilem
2883 2687 3075 2742 Filium
3106 2688 3200 2742 Dei
3228 2703 3243 2753 ;
3267 2685 3365 2742 hos
3392 2683 3713 2739 anathema-

2117 2779 2243 2836 tizat
2262 2781 2522 2836 catholica
2551 2790 2605 2835 et
2634 2780 2928 2849 apostolica
2956 2778 3217 2835 Ecclesia.

2113 2895 2205 2951 XI.
2240 2894 2475 2963 Epistula
2499 2897 2563 2948 ad
2588 2894 2913 2964 Bonifacium
2944 2893 3083 2947 urbis
3108 2893 3286 2947 Roma:
3312 2891 3608 2964 episcopum
3633 2888 3704 2943 ab

2186 2961 2394 3021 Aurelio
2424 2978 2469 3019 et
2509 2961 3005 3035 reliquis‘Africanw
3032 2961 3579 3035 proginciegepisropis
3617 2976 3717 3024 per

2183 3039 2417 3105 superius
2451 3032 2803 3089 denominatos
2839 3033 3087 3088 Romana
3120 3032 3365 3087 Ecclesia
3384 3033 3577 3101 legatos
3613 3046 3713 3100 pro

2186 3125 2244 3163 eo
2264 3110 2375 3179 ipso
2396 3108 2612 3162 concilio
2642 3109 2666 3144 δ
2691 3109 2901 3160 directa.

418 3189 560 3282 quod
589 3222 645 3268 et
670 3218 885 3265 sanctus
916 3207 1247 3275 Augustinus
1272 3214 1509 3257 statuere
1533 3200 1783 3268 dignatus
1811 3208 1894 3252 est
1919 3196 2010 3252 de-
2036 3189 2086 3252 C
2192 3199 2420 3253 Domino
2460 3198 2775 3252 beatissimo
2805 3206 2857 3251 et
2889 3192 3187 3249 honorabili
3231 3192 3383 3248 fratri
3429 3190 3715 3250 Bonifacio

424 3308 656 3364 liberare
692 3305 862 3376 possit
898 3301 1054 3375 165.
1081 3310 1388 3355 utrumnam
1438 3303 1494 3352 et
1542 3295 1645 3349 hoc
1674 3292 2011 3349 constituen-

421 3398 549 3453 dum
580 3396 649 3450 sit
671 3410 734 3450 ac
782 3390 1146 3456 retinendum,
1178 3388 1281 3442 hoc
1328 3395 1413 3440 est
1459 3386 1528 3440 de
1571 3382 2013 3452 appellationibus

423 3487 693 3544 inferioris
717 3486 935 3556 gradus.
958 3482 1016 3536 Si
1044 3495 1172 3551 ergo
1220 3478 1397 3534 adhuc
1449 3462 1501 3532 in
1524 3476 1748 3531 dubium
1774 3473 1923 3529 venit
1946 3475 2014 3528 de

425 3587 529 3641 hoc
552 3581 803 3654 capitulo,
831 3580 1033 3651 justum
1066 3584 1151 3632 est
1176 3584 1235 3630 ut
1272 3572 1593 3631 beatissima
1643 3570 1899 3624 Romana
1927 3584 2015 3623 se-

427 3678 512 3734 dis
536 3677 819 3745 episcopus
845 3668 1124 3727 informari
1150 3667 1367 3730 debeat,
1392 3665 1437 3720 si
1483 3671 1658 3717 tamen
1707 3660 2016 3731 approbatis

425 3766 720 3824 canonibus
750 3765 851 3817 hoc
873 3771 900 3799 ιι
928 3758 1167 3816 invenire
1199 3756 1462 3825 poteritis.

422 3880 516 3937 IX.
549 3879 645 3935 Ubi
670 3878 896 3949 synodus
925 3872 1243 3949 exemplaria
1297 3868 1503 3949 Nicami
1529 3865 1733 3949 concilii
1953 3863 2015 3917 ab

600 3936 933 4003 orientalibus
963 3936 1215 4015 episcopis
1254 3939 1540 4009 expetenda
1592 3936 1829 3991 decrevit.

501 4061 755 4116 Aurelius
783 4058 1065 4127 episcopus
1087 4052 1219 4108 dixit
1252 4071 1265 4106 :
1297 4053 1471 4107 Etiam
1520 4066 1643 4121 qua
1671 4048 1871 4104 dudum
1925 4062 2017 4104 ve-

424 4163 552 4211 stra
581 4151 828 4205 charitati
853 4147 1232 4210 intimavimus,
1257 4159 1399 4199 nunc
1420 4141 1658 4212 patimini
1693 4137 2016 4209 exemplaria

421 4256 744 4303 statutorum
776 4239 977 4296 Nicani
1009 4239 1245 4301 concilii,
1274 4236 1370 4290 sed
1399 4245 1454 4289 et
1478 4249 1600 4303 qua
1628 4234 1713 4286 hic
1734 4232 2019 4286 salubriter

425 4341 679 4397 anostris
733 4334 1111 4393 decessoribus
1168 4332 1459 4388 secundum
1516 4328 1756 4397 ejusdem
1803 4324 2015 4380 concilii

428 4430 655 4485 formam
688 4426 772 4481 vel
804 4439 923 4495 qua
955 4436 1097 4476 nunc
1120 4436 1149 4474 a
1173 4420 1330 4475 nobis
1350 4417 1591 4473 ordinata
1624 4422 1753 4471 sunt
1800 4412 2015 4470 recitari

430 4530 483 4575 et
513 4520 674 4589 gestis
701 4514 884 4571 inseri.
916 4514 1089 4567 Omne
1140 4510 1423 4566 concilium
1472 4506 1646 4563 dixit:
1681 4504 2015 4574 Exemplaria
2042 4546 2095 4605 Ι)

430 4612 557 4666 iidei
587 4621 640 4663 et
662 4618 859 4663 statuta
888 4605 1118 4660 Nicana
1148 4602 1358 4674 synodi,
1387 4614 1506 4669 qua
1529 4599 1595 4653 ad
1626 4606 1867 4652 nostrum
1889 4612 2017 4652 con-

426 4702 609 4758 cilium
640 4714 734 4769 per
756 4699 927 4752 beata
966 4691 1358 4749 recordationis
1411 4688 1537 4743 olim
1566 4689 2014 4758 pradecessorem

433 4809 537 4854 tua
559 4793 860 4851 sanctitatis
884 4790 973 4860 qui
1027 4786 1269 4843 interfuit
1324 4784 1651 4841 Cecilianum
1701 4781 2013 4851 episcopum

426 4891 586 4946 allata
610 4894 755 4953 sunt,
788 4884 883 4938 aod
928 4890 981 4936 et
1004 4895 1122 4947 qua
1174 4888 1353 4944 patres
1400 4891 1462 4930 ea
1509 4874 1833 4941 exemplaria
1867 4868 2012 4941 [Ᾰέη

430 4982 492 5037 B.
531 4982 620 5047 R.,
658 4978 749 5045 U.,
781 4970 1051 5043 exempla]
1084 4980 1367 5041 sequentes
1412 4968 1499 5022 hic
1526 4966 1915 5021 constituerunt
1936 4960 2020 5015 vel

432 5088 574 5130 nunc
601 5069 870 5126 communi
916 5073 1143 5120 tractatu
1195 5061 1496 5124 statuimus,
1522 5057 1604 5110 bis
1647 5056 1812 5125 gestis
1852 5052 2022 5108 eccle-

429 5162 666 5223 siasticis
693 5162 890 5214 inserta
918 5157 1225 5215 manebunt.
1251 5153 1322 5207 ita
1348 5160 1399 5205 ut
1434 5148 1682 5220 superius
1710 5148 1909 5201 dictum
1936 5153 2019 5199 est

429 5251 829 5312 venerabilibus
859 5247 988 5302 viris
1018 5244 1367 5299 Antiochense
1420 5250 1475 5296 et
1519 5238 1898 5294 Alexandrina
1920 5233 2018 5290 sed

430 5357 488 5404 et
532 5338 1135 5407 Constantitmpolitana
1182 5334 1533 5388 Ecclesiarum
1566 5328 1682 5403 [U.,
1707 5326 1796 5395 ϐ..
1834 5325 2019 5381 Eccle-

431 5435 548 5508 sia]
574 5434 839 5502 episcopis
868 5428 1107 5486 scribere
1136 5436 1317 5481 vestra
1369 5422 1639 5477 beatitudo
1665 5421 1938 5491 dignetur,
1963 5425 2021 5473 ut

436 5523 773 5595 exemplaria
800 5521 1075 5576 verissima
1103 5516 1320 5572 concilii
1350 5513 1549 5569 Nicaul
1596 5512 1697 5569 sub
1722 5509 2019 5580 adstipula-

435 5618 578 5672 tione
603 5616 900 5671 Iitterarum
931 5623 1146 5665 suarum
1194 5606 1449 5677 dirigant,
1479 5617 1583 5675 quo
1628 5602 1897 5659 declarata
1926 5614 2020 5656 ve-

504 5780 531 5808 ι
559 5769 669 5835 AL,
701 5768 761 5823 Β.
796 5766 887 5835 Β..
911 5764 972 5822 Τ.
1007 5766 1059 5832 I,
1083 5761 1177 5831 IL,
1210 5762 1305 5818 hoc
1346 5757 1561 5817 inveniri
1609 5758 1788 5828 possit.
1837 5754 1905 5813 τ.
1960 5753 2017 5823 3,

433 5841 646 5898 inveniri
671 5839 871 5910 poterit.

2114 3290 2388 3357 Aurelius,
2422 3288 2733 3343 Valentinus
2779 3288 2970 3357 prima
3005 3285 3149 3340 sedis
3188 3284 3479 3354 provincia
3514 3283 3707 3339 Numi—

2114 3384 2218 3439 dia
2248 3390 2304 3438 et
2349 3381 2530 3437 cateri
2567 3379 2655 3450 qui
2686 3386 2980 3449 prasentes
3024 3375 3293 3430 adluimus
3335 3390 3561 3429 numero
3613 3374 3715 3430 du-

2116 3474 2261 3530 centi
2287 3472 2473 3528 decem
2500 3480 2555 3527 et
2581 3479 2786 3539 septem
2810 3484 2880 3523 ex
2905 3468 3051 3522 omni
3082 3466 3313 3522 concilio
3343 3464 3559 3520 Africa.

2187 3566 2450 3634 Quoniam
2480 3562 2709 3618 Domino
2738 3559 2960 3630 placuit,
2993 3568 3049 3614 ut
3076 3544 3249 3613 dehis
3280 3572 3399 3627 qua
3431 3558 3718 3613 nobiscum

2119 3666 2344 3729 egerunt
2379 3657 2549 3712 sancti
2592 3657 2785 3709 fratres
2818 3653 2989 3709 nostri
3032 3651 3388 3722 coepiscopus
3418 3649 3716 3705 Faustinus

2119 3764 2177 3810 et
2215 3748 2643 3821 compreshyteri
2683 3747 2963 3817 Philippus
3004 3755 3059 3800 et
3108 3745 3341 3810 Asellus,
3384 3758 3487 3798 non
3537 3744 3718 3799 beata

2102 3846 2395 3936 ~memoriae
2415 3844 2673 3913 episcopo
2697 3841 2915 3896 Zosimo
2937 3854 2967 3894 a
2998 3853 3107 3909 quo
3148 3838 3215 3893 ad
3246 3852 3344 3892 nos
3374 3834 3629 3891 mandata
3661 3844 3719 3891 et

2119 3926 2326 3992 litteras
2365 3936 2678 3999 attulerunt,
2711 3932 2806 3986 sed
2838 3942 2943 3985 tua
2975 3929 3310 3985 venerationi
3357 3928 3447 3999 qui
3495 3929 3548 3980 in
3594 3926 3717 3995 ejus

2120 4029 2262 4085 loco-
2286 4043 2345 4083 es
2394 4027 2653 4082 divinitus
2694 4025 3039 4089 constitutus,
3072 4021 3349 4078 humilitas
3398 4029 3584 4075 nostra
3630 4034 3718 4075 re-

2120 4120 2413 4185 scriberet;
2448 4132 2511 4173 ea
2550 4117 2786 4173 breviter
2817 4116 3096 4170 insinuare
3128 4112 3389 4167 debemus
3420 4125 3541 4180 qua
3567 4121 3722 4166 utro-

2122 4224 2348 4280 rumque
2372 4207 2657 4263 concordia
2688 4208 2975 4261 terminata
3016 4213 3172 4269 sunt,
3199 4217 3307 4257 non
3334 4216 3400 4258 ea
3430 4216 3550 4271 qua
3584 4216 3719 4270 pro-

2122 4300 2246 4355 lixis
2287 4308 2556 4368 gestorum
2583 4297 2951 4352 voluminibus
3001 4288 3370 4357 continentur,
3406 4292 3462 4347 in
3519 4293 3720 4358 quibus

2121 4394 2262 4447 salva
2295 4392 2513 4463 quidem
2545 4390 2807 4446 charitate
2832 4403 2941 4443 non
2987 4396 3167 4441 tamen
3197 4385 3317 4440 sine
3346 4396 3512 4454 parvo
3550 4382 3721 4438 alter-

2121 4485 2347 4540 cationis
2392 4483 2576 4539 labore
2627 4481 2897 4537 demorati
2941 4493 3157 4542 sumus,
3188 4492 3252 4534 ea
3300 4478 3467 4547 gestis
3511 4475 3721 4531 delibe-

2122 4588 2303 4634 rantes
2323 4591 2443 4646 qua
2474 4590 2614 4630 nunc
2640 4574 2707 4628 ad
2737 4586 2953 4628 causam
2987 4571 3294 4640 pertinent;
3326 4582 3637 4638 quanquam
3665 4575 3723 4623 et

2122 4674 2236 4739 ille,
2260 4673 2303 4725 si
2333 4670 2507 4725 adhuc
2535 4676 2683 4724 esset
2705 4668 2757 4722 in
2792 4679 3055 4735 corpore,
3080 4662 3183 4718 hoc
3212 4663 3483 4733 acciperet
3510 4661 3721 4731 gratius

2121 4764 2263 4835 quod
2297 4761 2503 4816 videret
2549 4759 2789 4829 pacatius
2833 4756 3215 4823 terminatum,
3257 4752 3477 4808 domine
3524 4754 3717 4807 frater.

2122 4854 2368 4924 Apiarius
2398 4852 2702 4923 presbyter,
2752 4850 2822 4906 de
2848 4848 3003 4920 cujus
3049 4856 3106 4903 et
3146 4846 3491 4903 ordinatione
3536 4855 3593 4901 et
3621 4860 3719 4903 ex-

2123 4942 2611 5000 communicatione
2632 4950 2689 4995 et
2724 4939 3104 5009 provocatione
3132 4937 3308 4993 fuerat
3327 4945 3575 4991 exortum
3605 4951 3718 4992 non

2122 5038 2295 5095 solum
2324 5034 2565 5093 Siccensi
2596 5048 2781 5088 verum
2822 5032 2983 5086 etiam
3014 5030 3181 5086 totius
3210 5028 3409 5086 Africa
3452 5027 3717 5084 Ecclesia

2121 5144 2224 5185 non
2258 5130 2375 5184 leve
2402 5125 2739 5189 scandalum,
2768 5123 2837 5179 de
2862 5122 3115 5179 omnibus
3155 5119 3436 5177 erroribus
3478 5118 3593 5174 suis
3620 5131 3715 5173 ve-

2122 5225 2263 5280 niam
2284 5230 2473 5294 petens
2500 5216 2868 5275 communioni
2893 5224 2977 5271 est
2997 5214 3280 5270 restitutus
3305 5230 3317 5265 :
3351 5211 3502 5282 prior
3530 5219 3716 5266 autem

2121 5319 2469 5389 coepiscopus
2506 5322 2691 5371 noster
2736 5310 3010 5368 Siccensis
3057 5308 3308 5363 Urbanus
3351 5305 3495 5375 quod
3538 5305 3593 5359 in
3645 5318 3714 5360 eo

2120 5411 2488 5482 corrigendum
2534 5409 2707 5464 visum
2753 5413 2837 5460 est
2884 5402 3001 5458 sine
3053 5400 3156 5454 ulla
3208 5399 3545 5454 dubitatione
3586 5412 3717 5453 cor-

2119 5510 2293 5564 rexit:
2323 5508 2447 5575 quia
2466 5518 2597 5560 vero
2628 5500 2745 5569 paci
2773 5508 2828 5554 et
2854 5495 3019 5567 quieti
3064 5493 3321 5549 Ecclesia
3361 5506 3467 5545 non
3500 5499 3712 5544 tantum

2116 5600 2185 5657 ad
2217 5610 2457 5672 prasens
2500 5594 2595 5651 sed
2639 5593 2801 5650 etiam
2852 5591 2907 5645 in
2953 5596 3228 5659 posterum
3268 5582 3712 5655 prospiciendum

2190 5759 2219 5803 δ
2249 5758 2310 5817 ln
2340 5753 2589 5814 omnibus
2616 5731 2903 5809 Codicibus
2932 5764 2944 5803 :
2974 5760 3066 5818 pro
3101 5743 3156 5800 id
3186 5743 3355 5815 ipsum
3400 5736 3707 5794 conciliatu.
