3870 6338
152 368 227 423 ili

147 481 239 546 ΐιῖι,
268 476 500 549 quoniam
522 474 648 532 talia
676 473 849 531 multa
881 480 1274 546 pmcesserunt
1294 480 1351 526 ut
1381 471 1469 527 vel
1498 468 1696 526 similia
1724 471 1777 533 Α

151 579 211 632 vel
246 576 387 631 etiam
438 570 690 646 graviora
743 570 997 639 deinceps
1043 566 1339 639 precareri
1387 572 1704 637 oporteret:

148 668 309 739 placuit
334 664 480 720 nobis
505 672 566 716 ut
588 662 659 719 de
692 662 935 718 Siccensi
969 658 1231 724 Ecclesia,
1262 664 1473 713 retento
1503 656 1711 713 scilicet

151 762 319 815 honore
344 754 535 827 gradus
556 755 675 822 sui,
713 756 996 825 presbyter
1026 757 1401 807 removeretur
1430 748 1705 818 Apiarius,

146 866 183 907 et
204 859 397 917 accepto
418 848 673 917 epistolio
699 849 1004 917 ubicunque
1036 844 1163 901 alibi
1207 844 1375 899 vellet
1416 851 1472 899 et
1521 848 1711 913 posset

147 943 415 1014 presbyterii
444 955 673 997 munere
704 940 1051 1006 fungeretur;
1086 934 1232 1007 quod
1265 933 1441 991 eidem
1484 933 1585 1004 ipsi
1611 946 1710 1003 per

146 1040 310 1093 litteras
342 1034 577 1106 proprias
598 1031 893 1103 postulanti
930 1029 1053 1086 sine
1082 1027 1400 1083 difﬁcultate
1428 1026 1708 1083 concessi-

147 1149 255 1187 mus.
288 1130 420 1186 Sane
448 1128 767 1198 priusquam
817 1124 933 1178 haec
972 1135 1133 1177 causa
1164 1122 1271 1176 isto
1294 1118 1528 1175 termino
1559 1118 1709 1173 cltu-

144 1228 343 1288 seretur,
368 1220 503 1275 inter
526 1218 633 1272 alia
659 1232 779 1288 qua:
804 1213 1076 1271 diuturnis
1106 1210 1235 1285 [U.,
1264 1208 1510 1282 diutinis]
1532 1209 1709 1265 disce-

146 1314 422 1385 ptationibus
452 1312 614 1385 ιω
636 1309 1008 1373 versabamur,
1041 1306 1169 1377 quia
1200 1305 1342 1361 ratio
1372 1306 1487 1376 ipsa
1513 1318 1707 1374 posce-

143 1408 213 1461 bat
256 1416 306 1461 ut
331 1404 463 1472 apud
512 1412 634 1457 acta
685 1400 1050 1457 ecclesiastica
1104 1414 1135 1452 a
1192 1396 1455 1453 fratribus
1505 1397 1708 1450 nostris

145 1499 361 1556 Faustino
374 1496 698 1566 coepiscopo
715 1504 769 1549 et
791 1492 1037 1561 Philippo
1049 1500 1211 1563 atque
1232 1490 1417 1544 Asello
1429 1502 1709 1559 «impres-

146 1593 315 1663 byteris
353 1602 739 1661 quereremus,
769 1595 829 1640 ut
867 1595 1184 1656 promerent
1211 1581 1474 1654 quidquid
1505 1584 1584 1636 eis
1613 1594 1709 1634 no-

143 1686 315 1741 biscum
334 1682 599 1753 agendum
634 1680 828 1733 fuisset
850 1676 1174 1747 injunctum,
1207 1674 1466 1729 nonnulla
1492 1672 1709 1743 quidem

143 1780 236 1833 sine
257 1778 355 1831 ullo
382 1776 583 1843 scripto
637 1772 910 1841 prosecuti
942 1779 1071 1825 sunt
1110 1769 1289 1824 verbis
1318 1786 1331 1823 :
1368 1766 1468 1823 sed
1499 1781 1621 1821 cum
1656 1764 1710 1819 id

967 354 1245 415 ΑΡΜοᾶ
1280 350 1629 414 CONClLlA.
1667 377 1744 399 -
1782 350 2375 414 CARTRAGINENSE
2414 353 2509 413 Vl.

3314 355 3424 413 218

1802 479 2212 528 commoveatur
2247 472 2508 529 adversus
2536 473 2920 547 presbyterum
2962 474 3087 532 sive
3125 475 3422 537 diaconum

1810 580 1966 621 suum
1993 577 2047 622 et
2075 568 2437 624 exterminare
2482 582 2604 625 eum
2636 569 2706 625 de
2736 568 2980 627 Ecclesia
3011 569 3266 639 voluerit,
3298 588 3426 644 pro-

1811 659 2099 714 videndum
2145 660 2301 731 167
2329 670 2413 716 est
2443 676 2512 716 ne
2543 662 2803 717 innocens
2834 662 3125 719 damnetur
3153 674 3245 719 aut
3298 680 3424 734 per-

1810 752 1903 807 dat
1921 754 2381 821 communionem,
2406 754 2600 809 babeat
2631 764 2954 825 potestatem
2982 756 3187 826 ejectus
3216 765 3275 811 ut
3302 757 3426 815 tini-

1812 844 1973 897 timos
2006 844 2312 914 interpellet
2341 845 2628 916 episcopos
2665 856 2720 901 et
2749 862 2912 902 causa
2944 848 3066 915 ejus
3094 848 3346 903 audiatur
3374 857 3431 906 et

1810 935 2125 1007 diligentius
2159 947 2452 1003 tractetur,
2483 939 2607 1007 quia
2638 953 2744 994 non
2773 950 2994 1009 oportet
3022 941 3071 996 ei
3114 943 3301 1011 negari
3332 958 3428 997 au-

1811 1030 2067 1085 dientiam
2098 1031 2351 1101 roganti;
2383 1042 2435 1087 et
2467 1032 2559 1088 ille
2590 1034 2883 1104 episcopus
2911 1035 3004 1103 qui
3036 1044 3126 1089 aut
3150 1033 3297 1103 juste
3336 1042 3430 1091 aut

1811 1120 2007 1189 injuste
2034 1122 2225 1193 rejecit
2270 1123 2535 1191 patienter
2571 1125 2806 1195 accipiat
2837 1135 2895 1179 ut
2926 1127 3202 1196 negotium
3230 1127 3428 1181 discu-

1814 1216 1994 1279 tiatur,
2024 1224 2080 1268 ut
2110 1225 2202 1270 aut
2232 1216 2488 1285 probetur
2516 1216 2633 1287 ejus
2666 1226 2755 1271 aut
2782 1219 3102 1273 emendetur
3132 1220 3422 1275 sententia.

1813 1306 1939 1363 Haec
1960 1309 2147 1377 utique
2177 1324 2349 1378 usque
2380 1310 2444 1363 ad
2477 1309 2767 1364 adventum
2798 1312 3208 1368 verissimorum
3241 1330 3426 1369 exem-

1814 1400 2105 1469 plariorum
2139 1401 2339 1456 Nicmni
2370 1401 2583 1458 concilii
2617 1404 2818 1459 inserta
2854 1404 3023 1473 gestis
3052 1416 3200 1471 sunt,
3234 1422 3355 1475 quae
3378 1408 3427 1463 si

1812 1493 1884 1548 ibi
1918 1493 2370 1565 quemadmodum
2403 1496 2695 1550 constituta
2716 1506 2844 1552 sunt
2873 1506 2927 1552 et
2965 1497 3428 1567 quemadmodum

1812 1588 1949 1658 ipso.
1979 1590 2121 1659 quod
2152 1591 2293 1659 apud
2322 1604 2421 1645 nos
2444 1592 2634 1647 fratres
2658 1607 2724 1647 ex
2746 1592 3050 1660 apostolica
3074 1594 3205 1649 sede
3235 1593 3430 1650 directi

1812 1681 2205 1752 allegaverunt,
2234 1685 2654 1739 commonitorio
2699 1686 3071 1749 continentur,
3121 1702 3187 1743 eo
3236 1688 3430 1745 ordine

1814 1776 1896 1831 vel
1931 1778 2070 1847 apud
2117 1794 2216 1833 vos
2248 1780 2299 1833 in
2334 1778 2480 1833 italia
2524 1780 2950 1845 custodirentur,
2983 1780 3297 1837 nullomodo
3330 1798 3429 1839 nos

145 1871 286 1940 potius
312 1870 669 1939 ﬂagitaremus
699 1865 825 1936 quid
870 1866 924 1918 in
954 1864 1147 1918 litteris
1189 1863 1431 1925 ferrent.
1463 1872 1709 1915 οοωωο·
1738 1842 1789 1904 Β
1818 1868 1941 1923 talia
1969 1869 2147 1939 qualia
2177 1884 2612 1925 commemorare
2637 1870 2751 1940 jam
2785 1872 3042 1926 nolumus
3070 1871 3151 1927 vel
3195 1874 3432 1929 tolerare

143 1962 353 2019 nitorinm
403 1961 774 2030 protulerunt.
817 1956 959 2027 quod
1011 1956 1292 2011 recitatum
1338 1954 1494 2008 nobis
1544 1952 1709 2007 etiam

144 2054 275 2125 gestis
301 2067 413 2123 qua:
455 2065 642 2106 secum
676 2048 745 2102 ad
775 2063 873 2102 vos
900 2047 1153 2103 deferunt
1178 2053 1260 2099 est
1301 2042 1573 2115 alligatum
1610 2058 1622 2093 :
1654 2041 1708 2095 in

144 2162 226 2215 quo
248 2148 318 2202 eis
346 2152 574 2215 quatuor
595 2141 847 2211 quaedam
874 2140 1157 2194 uobiscum
1184 2136 1423 2208 gerenda
1456 2133 1708 2190 mandata

142 2246 239 2292 sunt
266 2254 278 2289 :
308 2252 461 2291 unum
505 2235 578 2291 de
607 2231 1063 2304 appellationibus
1090 2231 1470 2301 episcoporum
1511 2226 1576 2282 ad
1602 2225 1710 2281 Ro-

144 2345 284 2386 manae
312 2328 562 2384 Ecclesiae
593 2326 939 2383 sacerdotem
970 2342 986 2379 :
1019 2324 1251 2379 alterum
1284 2340 1351 2381 ne
1381 2322 1448 2376 ad
1479 2320 1708 2375 comita-

149 2432 235 2476 tum
262 2421 486 2492 episcopi
527 2422 842 2487 importune
871 2416 1127 2486 navigent
1158 2432 1171 2468 :
1201 2414 1417 2471 tertium
1441 2413 1508 2469 de
1537 2422 1709 2468 retra-

148 2516 319 2572 ctandis
357 2514 798 2584 presbyterorum
832 2520 889 2566 et
936 2510 1285 2565 diaconornm
1337 2506 1520 2563 causis
1566 2505 1708 2576 apud

148 2606 358 2661 ﬁnitimos
383 2606 692 2677 episcOpos,
726 2605 773 2659 si
802 2618 831 2657 a
874 2604 991 2658 suis
1020 2599 1481 2659 excommunicati
1520 2613 1711 2669 perpe-

145 2716 232 2756 ram
258 2699 364 2773 [U.,
396 2699 654 2772 propere]
692 2699 894 2755 fuerint
922 2716 935 2753 :
975 2706 1226 2767 quartum
1258 2696 1327 2750 de
1355 2695 1573 2753 Urbano
1595 2696 1710 2765 epi-

146 2789 815 2860 scopoexcommuoicando
847 2792 928 2843 vel
958 2790 1120 2843 etiam
1145 2788 1371 2842 Romam
1404 2787 1705 2856 evocanda,

149 2887 225 2942 nisi
248 2902 301 2941 ea
326 2904 438 2957 qua
466 2887 795 2942 videbantur
824 2884 1145 2954 corrigenda
1188 2883 1508 2951 corrigeret.
1556 2880 1708 2947 Quo-

151 2995 240 3033 rum
265 2979 485 3034 omnium
519 2979 591 3033 de
624 2979 801 3047 primo
840 2986 897 3032 et
927 2976 1088 3031 tertio
1118 2975 1171 3030 id
1197 2984 1277 3030 est
1305 2984 1361 3029 ut
1389 2974 1615 3028 Romam
1642 2973 1706 3026 li-

147 3080 236 3123 ceat
269 3071 504 3139 episcopo
551 3080 890 3136 provocare,
938 3075 992 3120 et
1050 3074 1106 3119 ut
1159 3064 1481 3119 clericorum
1529 3076 1711 3117 causae

149 3164 254 3230 apud
276 3163 664 3232 provinciarum
714 3174 935 3214 suarum
966 3158 1249 3227 episcopos
1282 3156 1570 3221 finiantur,
1598 3156 1707 3223 jam

150 3215 435 3322 piloritanno
459 3252 628 3308 etiam
668 3250 868 3305 litteris
919 3215 1121 3305 nostris
1154 3215 1222 3303 ad
1256 3249 1504 3304 eumdem
1539 3261 1705 3303 vene-
1738 3215 1784 3279 Ο

150 3348 293 3402 rabilis
320 3348 590 3403 memoria:
622 3346 897 3401 Zosimum
922 3346 1239 3416 episc0pum
1264 3345 1407 3399 datis
1430 3344 1711 3401 insinuare

149 3437 426 3506 curavimus,
458 3447 520 3493 ut
563 3452 633 3493 ea
663 3451 887 3494 servare
910 3437 1029 3493 sine
1059 3436 1167 3491 ulla
1204 3435 1324 3497 eius
1356 3436 1552 3506 injuria
1580 3451 1711 3507 pau-

152 3530 277 3600 lisper
300 3533 597 3587 sineremus
627 3544 801 3601 usque
849 3531 917 3585 ad
946 3530 1352 3600 inquisitionem
1384 3538 1707 3584 str-tutorum

152 3622 318 3677 concilii
344 3622 563 3678 Nicaeni.
597 3622 664 3676 Et
693 3636 834 3677 nunc
860 3621 929 3677 de
961 3630 1053 3676 tua
1083 3622 1357 3691 poscimus
1389 3622 1707 3689 sanctitate,

154 3725 194 3767 ut
214 3716 641 3784 quemadmodum
671 3730 737 3771 ea
769 3714 911 3785 apud
952 3713 1189 3770 Nicaeam
1239 3727 1269 3767 a
1319 3712 1562 3783 patribus
1590 3721 1708 3769 acta

151 3808 212 3862 vel
237 3810 503 3865 constituta
554 3819 684 3864 sunt
714 3809 795 3863 sic
824 3822 884 3862 ea
936 3808 1091 3862 nobis
1135 3807 1302 3862 iacias
1349 3808 1630 3876 custodiri,
1657 3818 1710 3864 et

150 3900 202 3955 ibi
227 3905 343 3973 apud
367 3920 460 3960 vos
490 3905 595 3959 ista
627 3917 747 3973 qum
775 3902 828 3956 in
851 3901 1271 3957 commonitorio
1299 3900 1600 3957 attulerunt
1625 3901 1708 3956 fa-

146 3992 230 4047 cias
269 3996 511 4052 exerceri.
567 3994 699 4049 item
730 3992 866 4048 istud
896 4002 960 4046 ιε
1008 3992 1065 4049 Si
1096 3994 1389 4062 episcopus
1421 4000 1711 4048 accusatus

149 4085 304 4156 fuerit,
328 4097 382 4143 et
418 4087 790 4158 iudicaverint
836 4086 1144 4158 congregati
1176 4086 1423 4156 episcopi
1467 4086 1709 4157 regionis

148 4180 277 4249 ipsius
302 4191 351 4237 et
375 4182 442 4239 de
469 4182 641 4253 gradu
684 4196 786 4237 suo
813 4179 1112 4251 dejecerint
1140 4194 1287 4246 eum,
1320 4189 1375 4235 et
1405 4178 1709 4248 appellasse

150 4276 320 4332 videtur
346 4288 396 4332 et
422 4274 733 4345 confugerit
777 4274 843 4330 ad
876 4274 1247 4330 beatissimum
1298 4272 1560 4327 Romanae
1603 4272 1707 4326 Ec-

148 4368 286 4423 clesia
309 4369 639 4439 episcopum,
667 4376 726 4423 et
752 4366 985 4422 voluerit
1012 4364 1185 4419 audiri
1233 4372 1287 4419 et
1310 4363 1517 4433 justum
1551 4372 1705 4431 puta-

150 4459 257 4514 verit
291 4469 343 4515 ut
386 4468 677 4516 renovetur
719 4472 968 4524 examen,
1027 4457 1268 4514 scribere
1310 4456 1396 4510 his
1439 4456 1708 4525 episcOpis

148 4550 347 4617 dignetur
368 4553 455 4622 qui
486 4551 540 4607 in
573 4550 803 4642 ﬁnitima
832 4558 890 4606 et
918 4549 1235 4642 propinqua]
1247 4546 1523 4642 provincia
1553 4556 1699 4642 sunt,
1729 4581 1784 4642 Ι)

149 4652 192 4696 ut
211 4642 292 4713 ipsi
318 4644 597 4714 diligenter
623 4641 903 4711 requirant
932 4640 1113 4698 omnia
1139 4649 1194 4695 et
1216 4639 1373 4711 juxta
1406 4638 1566 4693 (idem
1599 4638 1705 4692 've-

150 4734 283 4791 ritatis
308 4736 561 4791 deliniant
593 4751 610 4787 :
650 4733 797 4805 quod
823 4732 870 4787 si
901 4732 967 4797 is,
998 4732 1089 4803 qui
1119 4738 1273 4802 rogat
1302 4744 1520 4785 causam
1548 4744 1703 4785 suam

148 4826 299 4882 iterum
335 4830 528 4899 audiri,
560 4826 946 4897 deprecatione
973 4840 1071 4882 sua
1114 4823 1349 4880 moverit
1383 4822 1702 4893 episcopum

149 4917 398 4977 Romanum
424 4932 486 4979 ut
512 4937 546 4979 e
592 4922 764 4977 latere
788 4934 890 4976 suo
927 4919 1272 4991 presbyteres
1299 4916 1329 4956 δ
1369 4918 1567 4985 mittat,
1598 4919 1707 4974 erit

148 5008 186 5064 in
206 5020 442 5080 potestate
466 5011 709 5084 episcOpi
732 5012 859 5083 quid
887 5012 1017 5067 velit
1043 5022 1098 5067 et
1127 5011 1256 5083 quid
1283 5010 1519 5065 aestimet
1540 5027 1555 5075 ;
1583 5018 1639 5065 et
1657 5011 1703 5065 si

150 5098 401 5160 decreverit
430 5103 727 5160 mittendos
754 5116 878 5159 esse
902 5103 993 5174 qui
1021 5109 1319 5173 praesentes
1344 5116 1468 5157 cum
1491 5100 1703 5171 episco-

148 5191 443 5262 Piilodicent
470 5197 735 5253 habentes
761 5196 1134 5251 auctoritatem
1164 5191 1287 5264 ejus
1315 5207 1345 5248 a
1386 5207 1496 5265 quo
1526 5192 1702 5248 desti-

148 5284 230 5337 nati
254 5296 385 5353 sunt,
409 5288 512 5343 erit
534 5288 589 5343 in
614 5301 716 5344 suo
738 5285 999 5342 arbitrio:
1034 5285 1079 5340 si
1109 5298 1239 5341 vero
1268 5283 1561 5340 crediderit
1588 5281 1702 5339 suf-

149 5371 279 5432 ﬁcere
302 5378 583 5450 episcopos
616 5386 675 5433 ut
705 5378 920 5448 negotio
949 5376 1238 5433 terminum
1276 5376 1576 5445 imponant,
1618 5374 1699 5430 fa-

148 5465 367 5541 cietquod
394 5470 799 5544 sapientissimo
828 5485 929 5526 suo
956 5468 1536 5542 mnsiliojudicaverit.
1566 5468 1698 5525 item

149 5554 198 5612 de
234 5562 540 5633 presbyteris
582 5573 638 5619 et
678 5562 1037 5620 diaconibus:
1079 5563 1137 5619 Si
1170 5573 1192 5602 ο
1243 5564 1530 5634 episcOpus
1577 5562 1699 5633 quis

150 5646 413 5725 iucundus,
442 5655 585 5728 quod
634 5670 759 5713 esse
796 5670 906 5713 non
955 5655 1157 5726 debet,
1206 5655 1319 5714 cito
1366 5665 1461 5711 aut
1504 5669 1698 5729 aspere

205 5786 314 5861 35}
348 5790 575 5850 concilio
605 5792 939 5861 Sardicensi,
970 5791 1131 5852 titulo
1150 5794 1206 5852 7.

200 5854 223 5894 δ
247 5858 344 5931 ιε..
362 5863 419 5920 Β.
445 5863 535 5933 ιι..
565 5854 949 5939 prauum}

1813 1973 2131 2031 c0geremur
2154 1962 2234 2015 vel
2262 1962 2620 2017 intolerabilia
2638 1970 2975 2030 pateremur.
3006 1962 3112 2019 Sed
3133 1964 3429 2032 credimus,

1813 2051 2100 2121 adjuvante
2149 2054 2523 2109 misericordia
2558 2054 2655 2107 Dei
2699 2054 2894 2119 nostri,
2928 2052 3071 2122 quod
3110 2062 3199 2108 tua
3232 2058 3433 2111 sancti-

1815 2152 1924 2197 tate
1956 2143 2214 2197 Romana:
2264 2143 2525 2199 Ecclesiae
2565 2143 2896 2213 praesidente
2940 2160 3050 2199 non
3096 2158 3285 2199 sumus
3321 2142 3435 2214 jam

1812 2237 1975 2293 istum
2010 2238 2235 2313 typhum
2265 2238 2509 2305 passuri,
2542 2246 2598 2293 et
2646 2238 3011 2293 servabuntur
3058 2252 3187 2307 erga
3232 2252 3329 2292 nos
3367 2252 3433 2295 ea

1812 2346 1933 2402 quae
1963 2331 2121 2387 nobis
2143 2331 2307 2387 etiam
2338 2346 2444 2387 non
2475 2330 2867 2388 dissidentibus
2899 2331 3160 2387 custodiri
3192 2330 3428 2387 debeant

1812 2438 1935 2479 cum
1985 2423 2222 2480 fraterna
2269 2424 2536 2480 charitate
2564 2424 2863 2480 secundum
2912 2424 3233 2495 sapientiam
3267 2434 3431 2496 atque

1809 2515 2073 2587 justitiam
2095 2560 2107 2581 ,
2137 2534 2298 2589 quam
2335 2520 2429 2574 tibi
2473 2520 2694 2574 donavit
2743 2519 3079 2583 Altissimus,
3114 2520 3276 2575 etiam
3311 2518 3430 2589 ipse

1816 2616 2077 2686 perspicis
2100 2615 2219 2689 [U.,
2254 2614 2351 2683 G.,
2376 2616 2666 2686 prospicis]
2692 2630 2813 2671 esse
2839 2614 3107 2671 servanda
3125 2657 3140 2682 ,
3171 2614 3271 2670 nisi
3295 2614 3434 2671 forte

1814 2705 1971 2759 aliter
1992 2720 2050 2760 se
2084 2706 2316 2760 habeant
2362 2721 2602 2762 canones
2652 2705 2869 2762 concilii
2911 2706 3137 2762 Nicaeni.
3170 2707 3429 2771 Quamvis

1812 2796 1955 2851 enim
1996 2796 2257 2866 plurimos
2307 2797 2535 2854 Codices
2579 2798 2907 2869 legerimus,
2944 2798 3041 2854 sed
3080 2813 3347 2868 nusquam
3377 2798 3433 2855 in

1813 2888 2029 2944 Niceno
2057 2890 2290 2945 concilio
2326 2890 2380 2945 in
2413 2890 2619 2946 Latinis
2646 2890 2939 2946 Codicibus
2980 2892 3209 2963 legimus
3236 2906 3432 2962 quem-

1813 2979 2105 3036 admodum
2148 2982 2202 3037 in
2252 2984 2565 3053 supradicto
2608 2986 3025 3040 commonitorio
3067 2984 3194 3039 inde
3226 2985 3429 3040 directa

1813 3080 1940 3127 sunt
1972 3090 1983 3125 :
2010 3075 2130 3143 quia
2156 3074 2243 3129 hic
2264 3075 2318 3127 in
2352 3075 2504 3130 nullo
2535 3075 2734 3130 Codice
2764 3091 2829 3131 ea
2864 3076 3135 3143 potuimus
3162 3076 3429 3144 invenire,

1814 3180 1881 3220 ex
1905 3166 2269 3221 Orientalibus
2300 3167 2573 3230 Ecclesiis,
2605 3168 2692 3224 ubi
2726 3168 3084 3239 perhibentur
3114 3168 3304 3223 eadem
3330 3169 3429 3224 de-

1813 3272 1959 3317 creta
1994 3276 2151 3331 posse
2195 3263 2361 3317 etiam
2405 3261 2713 3318 authentica
2756 3263 3015 3331 reperiri,
3059 3265 3232 3335 magis
3278 3265 3436 3321 nobis

1816 3355 2191 3411 desideramus
2234 3354 2436 3410 aﬂerri.
2473 3355 2577 3411 Pro
2604 3370 2703 3425 qua
2747 3371 2810 3410 re
2837 3365 2982 3411 tuam
3022 3371 3237 3426 quoque
3266 3373 3432 3413 vene-

1812 3448 2078 3502 rationem
2110 3447 2461 3502 obsecramus
2484 3489 2498 3513 ,
2545 3457 2603 3502 ut
2631 3447 2877 3504 scribere
2903 3449 3071 3505 etiam
3101 3450 3218 3519 ipse
3245 3450 3434 3521 dignes

1814 3540 1891 3595 ris
1920 3538 1987 3594 ad
2018 3540 2230 3594 illarum
2266 3540 2494 3609 partium
2522 3540 2859 3608 sacerdotes,
2895 3539 3001 3598 hoc
3045 3552 3129 3598 est
3174 3542 3431 3598 Ecclesia!

1814 3632 2169 3689 Antiochense
2196 3630 2574 3687 Alexandrinae
2614 3641 2669 3687 et
2708 3632 3345 3703 Constantinopolitanae.
3376 3639 3437 3689 et

1813 3725 1859 3781 si
1890 3725 2011 3779 aliis
2050 3726 2347 3780 etiamtum
2402 3724 2666 3795 placuerit
2705 3725 3057 3781 sanctitudini
3106 3723 3251 3797 [/E.,
3284 3723 3429 3792 BIL,

1818 3819 1913 3885 U.,
1942 3818 2261 3890 sanctitati],
2307 3827 2364 3872 ut
2393 3818 2519 3874 inde
2560 3819 2627 3873 ad
2660 3832 2761 3873 nos
2811 3818 2954 3873 idem
3004 3833 3241 3873 canones
3283 3817 3427 3888 apud

1812 3902 2052 3969 Nicaeam
2098 3913 2371 3968 civitatem
2422 3927 2451 3965 a
2493 3911 2734 3981 patribus
2771 3910 3051 3967 constituti
3093 3912 3347 3977 veniant,
3378 3920 3433 3969 te

1815 4003 2158 4076 potissimum
2216 4003 2321 4059 hoc
2375 4003 2695 4059 beneﬁcium
2744 4005 2957 4059 cunctis
3003 4004 3432 4061 occidentalibus

1813 4097 2065 4156 ecclesiis
2088 4098 2142 4153 in
2176 4096 2392 4152 Domini
2416 4097 2689 4166 adjutorio
2717 4099 3053 4154 conferente.
3106 4099 3238 4167 Quis
3280 4100 3429 4157 enim

1813 4192 2026 4248 dubitet
2050 4193 2382 4261 exemplaria
2414 4206 2539 4247 esse
2580 4192 2866 4247 verissima
2893 4192 3107 4247 concilii
3137 4192 3192 4247 in
3221 4193 3431 4251 Graecia

1813 4285 2015 4341 Nicmni
2045 4284 2385 4355 congregati,
2415 4298 2535 4354 qua:
2564 4290 2674 4338 tam
2714 4283 2946 4340 diversis
2983 4284 3119 4341 locis
3149 4292 3203 4341 et
3231 4285 3299 4341 de
3333 4300 3433 4343 no-

1813 4378 2014 4434 bilibus
2063 4376 2271 4433 Graecis
2331 4376 2575 4433 ecclesiis
2621 4376 2785 4432 allata
2838 4387 2965 4432 sunt
3013 4388 3069 4433 et
3116 4388 3432 4449 comparata

1812 4472 2184 4530 concordant?
2211 4471 2390 4541 Quod,
2421 4471 2595 4526 donec
2634 4470 2766 4525 ﬁant
2802 4471 2919 4528 haec
2944 4486 3064 4542 qua!
3095 4473 3148 4528 in
3180 4489 3428 4530 commo-

1813 4564 2013 4621 nitorio
2042 4563 2358 4634 supradicto
2396 4576 2428 4617 a
2458 4561 2612 4617 nobis
2650 4562 2882 4633 allegata
2927 4572 3055 4619 sunt
3083 4564 3151 4620 de
3190 4567 3432 4635 appella-

1809 4655 2045 4712 tionibus
2070 4654 2450 4721 episcOporum
2479 4651 2547 4707 ad
2572 4650 2833 4708 Romanae
2866 4651 3130 4709 Ecclesia
3170 4656 3429 4711 sacerdo-

1807 4761 1916 4807 tem
1949 4748 2094 4805 etde
2116 4746 2441 4803 clericorum
2481 4746 2661 4801 causis
2688 4744 2835 4816 apud
2867 4747 3268 4815 provinciarum
3300 4763 3426 4805 sua-

1806 4856 1925 4898 rum
1944 4841 2230 4910 episcopos
2254 4837 2631 4905 terminandis,
2646 4853 2749 4895 nos
2773 4853 2944 4908 usque
2956 4838 3023 4894 ad
3044 4840 3423 4910 probationem

1804 4944 2123 4991 servaturos
2144 4947 2268 4989 esse
2295 4931 2636 5003 profitemur,
2663 4942 2721 4987 et
2752 4931 3141 4989 beatitudinem
3174 4942 3321 4989 tuam
3352 4933 3424 4993 ad

1806 5025 1909 5081 hoc
1963 5039 2066 5080 nos
2120 5023 2424 5093 adjuturam
2474 5023 2529 5077 in
2582 5020 2679 5077 Dei
2733 5023 3015 5079 voluntate
3070 5024 3421 5083 confidimus.

1803 5113 2015 5171 Caetera
2038 5129 2172 5171 vero
2198 5129 2321 5185 qua:
2363 5113 2418 5168 in
2451 5120 2636 5169 nostra
2672 5113 2886 5184 synodo
2911 5124 3065 5184 gesta
3094 5114 3176 5170 vel
3211 5114 3425 5174 ﬁrmata

1804 5216 1949 5274 sunt,
1978 5208 2233 5278 quoniam
2260 5205 2553 5277 supradicti
2578 5205 2774 5261 fratres
2798 5209 2969 5261 nostri
2996 5205 3287 5263 Faustinus
3308 5207 3424 5278 epi-

1808 5318 2025 5374 scopus,
2062 5301 2347 5373 Philippus
2379 5302 2543 5373 168
2569 5310 2625 5357 et
2654 5300 2873 5357 Asellus
2902 5299 3205 5372 presbyteri
3236 5316 3419 5357 secum

1802 5395 2137 5461 detulerunt,
2173 5394 2221 5449 si
2253 5394 2506 5465 dignatus
2537 5393 2736 5459 fueris,
2768 5403 2875 5450 tum
2904 5402 3031 5449 nota
3064 5394 3266 5450 facient
3293 5410 3421 5453 san-

1802 5488 1996 5545 cu'tati.
2032 5487 2097 5543 Et
2145 5487 2452 5557 subscripta
2480 5488 2588 5543 alia
2619 5502 2783 5545 manu
2810 5507 2822 5543 :
2858 5489 3119 5545 Dominus
3150 5499 3333 5545 noster
3364 5498 3419 5547 te

1802 5583 1958 5640 nobis
2004 5584 2162 5639 annis
2191 5582 2443 5655 plurimis
2480 5581 2774 5648 custodiat,
2805 5583 3119 5639 beatissime
3167 5584 3334 5639 frater
3363 5582 3411 5638 ά.

1802 5678 2052 5735 Aurelius
2109 5676 2454 5749 Carthaginis
2502 5676 2817 5747 episcOpus,
2867 5674 3114 5746 Alipius,
3160 5674 3416 5748 Augusti-

1876 5804 1901 5835 ο
1932 5792 2015 5851 Ex
2033 5792 2261 5851 concilio
2283 5792 2620 5859 Sardicensi,
2649 5790 2807 5849 titulo
2834 5792 2920 5849 l7.

1874 5864 1902 5907 ιι
1939 5864 2057 5934 Δεη
2082 5864 2150 5921 s.
2184 5864 2243 5932 δ,
2272 5862 2364 5933 υ.,
2391 5869 2576 5937 frater.
2603 5863 2783 5920 Am.
