3870 6348
441 348 545 404 219

1140 328 1527 390 COLLECTIO
1561 326 1895 384 CANONUM
1934 327 1992 383 S.
2033 322 2309 382 ISIDORO
2348 320 2613 380 HISPAL.
2654 318 3015 377 ASCRIPTA.

3601 309 3715 366 220

436 453 557 503 nus,
586 432 881 498 Possidius,
914 430 1168 495 Marinus,
1209 438 1267 485 et
1295 425 1477 484 exteri
1509 422 1724 479 ducenti
1751 423 1936 477 decem
1968 429 2024 476 et
2055 434 2104 491 Α
2130 420 2369 473 omnium
2392 415 2685 471 visibilium
2703 429 2913 471 necnon
2933 422 2989 470 et
3003 411 3664 469 invisibiliumcreatorem
3694 426 3709 457 ε

434 539 640 599 septem
673 526 874 582 sub-eri
886 536 1128 593 pserunt.

434 621 547 677 ΧΗ.
585 615 1060 701 Rescriptali'l“..2,
1098 608 1426 701 rescriptum]
1458 610 1528 695 ad
1549 607 1839 701 conciliatus
1877 606 2024 701 Afri-

508 676 689 745 canum
718 676 897 758 (ἕξινίΗῖ
920 676 1500 758 Αιεπὶιηάνὶηἰέρίξὼρῆ
1516 692 1563 734 et
1766 676 2026 758 (gamma:

510 746 835 828 tinopolitdni
862 758 1086 830 episcopi
1108 772 1127 811 .-
1158 758 1244 810 ubi
1269 746 1562 830 authentico
1594 746 2028 830 Nicmniconcilii

509 822 757 886 translata
807 822 1103 884 de'Grtece
1150 843 1238 895 per
1276 824 1637 878 Innocentium
1681 822 2027 892 presbyterum

506 903 803 956 transmissa
832 910 968 963 sunt,
999 914 1111 968 qua:
1140 898 1290 950 etiam
1320 896 1550 968 epistolis
1577 909 1693 946 cum
1716 895 1892 968 eadem
1914 905 2028 941 con-

504 974 623 1026 cilio
654 972 870 1026 Niceno
895 960 981 1039 per
1012 960 1357 1039 memoratum
1382 967 1733 1039 presfytqum
1761 960 2023 1039 innocen-

508 1046 636 1097 tium
656 1053 705 1098 et
735 1031 1043 1095 Marcellum
1070 1031 1444 1093 subdiaconum
1481 1031 1724 1090 Ecclesia!
1749 1031 2025 1098 Cartlragi-

506 1118 586 1169 nis
616 1123 788 1167 sancto
820 1110 1090 1178 Bonifacio
1128 1109 1366 1177 episwpo
1389 1106 1639 1161 Ecclesia
1664 1104 1910 1157 Romani:
1934 1100 2028 1153 sub

508 1187 591 1239 die
625 1201 677 1237 vt
707 1181 975 1236 Kalendas
1003 1178 1299 1233 Decembris
1326 1190 1441 1232 sunt
1475 1178 1703 1231 directa.

509 1277 750 1333 Dominis
798 1272 1202 1331 honorabitibus
1233 1273 1433 1327 sanctis
1475 1269 1725 1324 fratribus
1756 1277 1810 1322 et
1850 1264 2030 1334 coepi-

437 1372 617 1443 sc0pis
644 1370 883 1435 Aurelio,
913 1367 1218 1431 Vnientino,
1266 1364 1362 1419 sed
1392 1375 1446 1419 et
1486 1364 1633 1418 omni
1660 1369 1865 1416 sancta:
1902 1373 2030 1414 con-

441 1463 735 1535 gregationi
766 1462 820 1517 in
848 1458 1259 1529 Carthaginensi
1285 1455 1493 1528 synodo
1520 1464 1882 1525 congregatas,
1922 1452 2029 1521 Cy-

435 1555 589 1610 rillus
609 1553 850 1607 salutans
890 1552 941 1605 in
969 1548 1083 1604 beo
1110 1546 1428 1602 charitatem
1452 1552 1708 1600 vestram.

509 1644 722 1715 Scripta
752 1642 1120 1698 venerationis
1146 1648 1340 1695 vestrm
1371 1638 1588 1693 multam
1624 1637 1871 1691 habentia
1904 1649 2033 1703 que-

442 1739 726 1793 rimoniam
756 1753 877 1791 cum
925 1734 1071 1789 omni
1118 1732 1300 1788 laetitia
1334 1747 1429 1801 per
1460 1731 1624 1786 filium
1659 1736 1901 1783 nostrum
1952 1725 2035 1780 ln-

2128 521 2181 569 et
2210 513 2262 565 in
2293 525 2457 565 unum
2482 510 2766 565 Dominum
2792 519 3033 564 nostrum
3074 506 3255 563 Jesum
3302 503 3569 560 Christum
3620 500 3719 557 Fi-

2127 603 2255 661 lium
2283 603 2401 669 Dei,
2432 613 2617 658 natum
2648 618 2713 657 ex
2768 602 2922 657 Patre
2975 599 3330 670 unigenitum,
3363 596 3465 651 hoe
3511 604 3598 653 est
3648 609 3717 649 ex

2128 696 2424 752 substantia
2457 694 2649 761 Patris,
2678 694 2843 750 Deum
2871 708 2937 747 ex
2970 692 3101 758 Deo,
3160 693 3339 744 lumen
3368 703 3435 744 ex
3486 690 3719 751 lumine,

2128 788 2294 843 Deum
2323 803 2509 844 verum
2538 804 2603 843 ex
2631 788 2742 843 Deo
2761 797 3134 851 vero,natum,
3153 800 3258 838 non
3277 795 3539 844 creatum.
3566 783 3721 851 ejus-

2128 881 2250 937 dem
2283 889 2306 915 ο
2336 896 2455 934 cum
2483 879 2643 935 Patre
2672 879 3008 943 substantiae,
3045 892 3137 943 per
3193 890 3349 943 quem
3374 874 3549 927 omnia
3581 876 3724 925 facta

2128 984 2255 1029 sunt
2288 972 2571 1029 tctulestia
2603 978 2659 1026 et
2707 979 2920 1026 terrena
2965 967 3083 1042 [U.,
3110 966 3199 1030 ϐ..
3233 962 3568 1035 terrestria],
3629 964 3721 1033 qu?

2130 1073 2351 1136 propter
2379 1079 2479 1119 nos
2520 1063 2766 1118 homines
2821 1072 2875 1117 et
2928 1070 3145 1130 propter
3201 1068 3440 1113 nostram
3487 1060 3724 1112 salutem

2130 1159 2409 1215 descendit
2439 1167 2464 1205 ι
2498 1167 2553 1214 et
2582 1159 2891 1213 incarnatus
2916 1164 3020 1222 est,
3048 1163 3101 1208 et
3132 1153 3291 1206 homo
3320 1151 3494 1207 factus
3532 1166 3730 1219 passus

2130 1264 2231 1317 est,
2260 1264 2315 1311 et
2342 1255 2642 1310 resurrexit
2671 1253 2827 1307 tertia
2850 1251 2959 1316 die,
2992 1248 3234 1304 ascendit
3257 1247 3309 1301 in
3335 1250 3553 1311 emtum,
3590 1260 3727 1297 ven-

2133 1359 2283 1403 turus
2314 1348 2439 1402 inde
2464 1346 2709 1416 judicare
2728 1345 2878 1399 vivos
2907 1352 2962 1397 et
2987 1350 3227 1396 mortuos
3261 1358 3274 1391 :
3301 1347 3353 1394 et
3379 1340 3431 1393 in
3461 1337 3726 1406 Spiritum

2132 1449 2402 1497 sanctum.
2435 1439 2542 1493 Eos
2574 1452 2703 1493 vero
2722 1436 2813 1504 qui
2845 1436 3032 1489 dicunt
3065 1450 3078 1486 :
3108 1441 3223 1488 erat
3251 1442 3461 1499 tempus
3503 1428 3731 1498 quando

2133 1546 2236 1587 non
2265 1540 2402 1597 erat,
2426 1538 2481 1584 et
2500 1528 2621 1598 quia
2650 1542 2717 1581 ex
2746 1524 2917 1580 nihilo
2964 1524 3155 1586 factus,
3203 1522 3287 1578 vel
3334 1537 3401 1577 ex
3443 1522 3545 1574 alia
3599 1518 3731 1571 sub-

2134 1624 2325 1677 stantia
2359 1622 2443 1676 vel
2465 1620 2697 1674 essentia
2721 1631 2843 1673 esse
2871 1626 2964 1671 aut
2992 1614 3303 1671 mutabilem
3339 1624 3429 1665 aut
3451 1610 3729 1665 converti-

2133 1714 2293 1769 bilem
2317 1713 2508 1768 Filium
2538 1712 2633 1765 Dei
2657 1710 2861 1774 dicunt,
2892 1709 3310 1764 anathematizat
3358 1704 3625 1759 catholica
3672 1712 3733 1757 et

438 1829 745 1886 nocentium
780 1827 1153 1898 presbyterum
1193 1823 1549 1892 suscepimus,
1593 1821 1787 1892 quibus
1814 1836 1842 1873 a
1873 1818 2027 1873 nobis
2057 1811 2106 1873 B
2136 1815 2429 1885 apostolica
2463 1812 2730 1868 Ecclesia.

436 1924 693 1993 speratis,
734 1931 793 1976 ut
837 1920 906 1976 de
951 1919 1150 1976 scrinio
1196 1926 1401 1973 nostra;
1449 1916 1707 1971 Ecclesiae
1752 1915 2031 1969 verissima

439 2015 767 2084 exemplaria
797 2030 860 2068 ex
893 2012 1204 2067 authentica
1236 2009 1446 2082 synodo
1472 2008 1611 2079 apud
1640 2006 1869 2062 Nicaeam
1901 2005 2031 2058 civi-

440 2116 602 2162 tatem
638 2106 977 2177 metropolim
1030 2104 1292 2174 Bithynia:
1322 2116 1352 2155 a
1388 2100 1588 2159 sanctis
1628 2098 1873 2153 Patribus
1903 2112 2032 2150 con-

439 2196 623 2251 stituta
666 2207 826 2265 atque
877 2196 1086 2252 firmata
1134 2196 1235 2247 sub
1274 2199 1472 2246 nostra:
1524 2189 1647 2243 lidei
1696 2186 2032 2257 professione

440 2300 635 2345 vestrae
664 2289 939 2344 dilectioni
971 2288 1329 2357 porrigamus.
1376 2283 1531 2340 Unde
1569 2281 1774 2337 domini
1803 2281 2033 2334 honora-

438 2381 575 2434 biles
601 2375 745 2451 [.E.,
777 2375 1140 2449 venerabiles]
1171 2377 1379 2435 fratres,
1407 2375 1581 2427 salute
1621 2382 1912 2440 prmounte,
1940 2384 2035 2425 ne-

440 2487 595 2527 cesse
625 2472 780 2524 habui
810 2486 902 2538 per
930 2470 1072 2523 hunc
1097 2477 1123 2505 ι
1158 2468 1380 2521 latorem
1410 2466 1578 2519 filium
1606 2472 1848 2518 nostrum
1872 2463 2033 2516 Inno-

439 2566 673 2619 centium
706 2562 1012 2618 ﬁdelissima
1036 2558 1362 2627 exemplaria
1388 2572 1452 2611 ex
1484 2555 1795 2609 authentica
1824 2552 2035 2625 synodo

442 2654 497 2711 in
538 2654 710 2708 Nicaea
751 2652 971 2706 civitate
1019 2648 1282 2720 Bithynia
1326 2646 1499 2701 habita
1554 2655 1744 2700 vestrae
1783 2645 2033 2699 charitati

390 2784 393 2785 ν
445 2745 673 2814 dirigere
705 2760 720 2798 :
748 2744 889 2811 quod
912 2752 967 2797 et
992 2742 1044 2796 in
1067 2738 1431 2795 ecclesiastica
1458 2737 1676 2791 historia
1698 2734 2034 2805 requirentes

444 2838 746 2895 invenietis.
798 2837 870 2890 De
920 2834 1115 2905 pascha
1163 2846 1295 2888 vero
1344 2840 1402 2887 ut
1431 2829 1672 2885 scribitis
1726 2827 2036 2881 nuntiamus

446 2933 599 2987 vobis
631 2944 761 2985 xvm
794 2928 1062 2983 Kalendas
1091 2927 1257 2982 Maias
1288 2938 1386 2979 nos
1414 2921 1593 2978 futura
1624 2921 1915 2976 indictione
1942 2932 2039 2975 ce-

443 3026 673 3081 lebrare.
706 3022 769 3077 Et
812 3022 913 3076 alia
958 3036 1116 3074 manu
1150 3036 1164 3073 :
1202 3020 1339 3074 Deus
1372 3026 1422 3073 et
1453 3016 1706 3070 dominus
1735 3021 1917 3069 noster
1944 3027 2039 3066 ve—

2204 1951 2300 2006 Cui
2331 1949 2580 2023 symbolo
2629 1948 2752 2004 fidei
2804 1949 2965 2003 etiam
3023 1947 3352 2014 exemplaria
3404 1954 3737 1999 statutorum

2134 2066 2340 2107 annexa
2366 2062 2514 2118 sunt,
2536 2065 2654 2119 qua:
2687 2052 2741 2104 in
2764 2063 2952 2117 magna
3000 2055 3056 2103 et
3096 2057 3279 2101 sancta
3324 2049 3531 2117 synodo
3580 2046 3729 2115 apud

2134 2153 2405 2208 Niczenam
2434 2150 2707 2205 civitatem
2736 2148 3078 2218 metropolim
3128 2146 3422 2217 provinciae
3464 2147 3737 2217 Bithynia

2134 2252 2428 2307 constituta
2451 2259 2598 2316 sunt,
2619 2264 2676 2304 et
2705 2249 2773 2305 de
2801 2248 2989 2304 Graeco
3013 2251 3269 2303 translata
3294 2258 3467 2303 sunta
3495 2246 3734 2304 Philone

2135 2363 2190 2407 et
2217 2354 2464 2407 Evaristo
2493 2350 3122 2418 ConstantinOpolitano.

2243 2486 2284 2541 Ι.
2326 2486 2405 2539 De
2448 2484 2529 2538 Itis
2564 2483 2654 2555 qui
2678 2500 2735 2538 se
2778 2484 3109 2539 absciderunt
3138 2493 3226 2537 aut
3253 2488 3632 2538 “straverunt.

2209 2616 2266 2675 Si
2298 2616 2417 2686 quis
2446 2631 2542 2686 per
2569 2618 2879 2688 languorem
2909 2630 2941 2671 a
2971 2615 3193 2671 medicis
3220 2623 3400 2671 sectus
3451 2624 3538 2671 est
3586 2622 3684 2672 aut
3717 2629 3755 2673 ι

2138 2719 2383 2774 barbaris
2408 2719 2701 2783 abscissus,
2725 2720 2829 2774 iste
2862 2727 3141 2774 remaneat
3184 2719 3237 2772 in
3288 2717 3457 2774 clero.
3515 2716 3575 2773 Si
3620 2717 3759 2788 quia

2138 2830 2318 2874 autem
2346 2834 2510 2873 sanus
2530 2834 2589 2873 se
2618 2818 2870 2887 abscidit,
2906 2820 3064 2874 istum
3098 2820 3151 2873 in
3181 2819 3328 2874 clero
3366 2819 3611 2889 positum
3649 2818 3757 2874 ab-

2142 2924 2344 2978 stinere
2365 2929 2601 2992 oportet,
2630 2929 2684 2976 et
2706 2920 2774 2976 de
2812 2932 3010 2975 caetero
3034 2919 3240 2974 nullum
3298 2918 3488 2973 talium
3538 2919 3757 2976 debere

2142 3028 2449 3099 promoveri
2484 3044 2498 3079 :
2530 3027 2669 3082 sicut
2690 3036 2866 3082 autem
2900 3027 3001 3080 hoc
3030 3026 3377 3081 manifestum
3400 3023 3545 3096 quod
3568 3024 3641 3080 de
3662 3024 3759 3082 his

444 3127 611 3175 stram
640 3116 1109 3188 congregationem
1135 3114 1421 3181 custodiat,
1442 3111 1584 3182 quod
1607 3120 1877 3182 optamus,
1903 3110 2037 3164 chac

447 3210 645 3236 _2--:......:
671 3210 859 3236 I’...a......
923 3210 1080 3236 ιω-..

2147 3130 2237 3200 qui
2274 3131 2414 3185 banc
2435 3145 2550 3185 rem
2583 3129 2891 3199 excogitant
2913 3128 3218 3197 audentque
3240 3142 3299 3182 se
3322 3126 3636 3191 abscidere,
3666 3126 3760 3181 di-

447 3210 647 3267 rissimi
671 3210 882 3267 fratres.
912 3210 1105 3265 Amen.

598 3302 837 3373 Epicteto
872 3302 1027 3357 Attici
1057 3300 1283 3369 episcOpi
1312 3293 1892 3365 ConstantinOpolitoni.

522 3394 852 3451 Beatissimis
881 3392 1135 3447 fratribus
1167 3388 1194 3429 δ
1229 3397 1285 3445 et.
1307 3388 1643 3455 coepisc0pis
1667 3385 1906 3450 Aurelio,
1936 3383 2041 3437 Va-

450 3488 659 3547 lentino
700 3491 782 3541 vel
809 3486 1020 3541 caeteris
1049 3483 1379 3539 charissimis
1409 3481 1463 3535 in
1502 3478 1709 3551 synodo
1742 3478 1881 3547 apud
1906 3476 2040 3534 Car-

456 3583 727 3653 thaginem
754 3579 932 3633 babita
962 3576 1267 3632 constitutis
1294 3574 1502 3629 Atticus
1525 3572 1831 3642 episcopus.

528 3671 633 3727 Per
671 3669 839 3723 filium
887 3675 1128 3721 nostrum
1175 3662 1481 3718 Marcellum
1524 3658 1909 3713 subdiaconum
1939 3670 2042 3711 ve-

455 3774 626 3821 strum
661 3762 859 3831 scripta
904 3766 1098 3813 vestrae
1138 3753 1442 3809 dilectionis
1484 3766 1605 3807 cum
1630 3750 1775 3804 omni
1811 3747 2044 3817 gratula-

458 3859 605 3914 tione
629 3855 862 3924 suscepi,
894 3853 1120 3907 Domino
1144 3849 1342 3921 gratias
1371 3862 1537 3916 agens
1559 3845 1700 3913 quod
1733 3842 1901 3897 merui
1928 3850 2045 3895 tan-

459 3954 636 4002 torum
678 3945 899 3998 fratrum
947 3939 1320 3995 benedictione
1352 3934 1577 4005 perfrui,
1623 3934 1821 3988 domini
1851 3932 2045 3986 beatis-

461 4036 584 4095 simi
616 4037 827 4091 fratres.
877 4032 1121 4089 Scribitis
1166 4043 1329 4090 sane,
1366 4036 1420 4079 ut
1452 4024 1763 4080 verissimos
1810 4035 2045 4077 canones

462 4126 603 4197 apud
658 4126 886 4181 Nicaeam
944 4123 1216 4177 civitatem
1288 4117 1625 4185 metropolim
1696 4114 1957 4186 Bythinite
2014 4127 2045 4167 a

465 4221 625 4293 169
654 4219 897 4272 Patribus
923 4216 1241 4270 constitutos
1271 4211 1376 4265 sub
1408 4210 1528 4264 fidei
1560 4208 1939 4275 astipulatione
1968 4205 2049 4258 di-

460 4312 629 4382 rigam
664 4320 757 4363 :et
786 4310 905 4378 quis
934 4315 1017 4361 est
1046 4305 1136 4375 qui
1164 4316 1504 4359 communem
1540 4299 1695 4353 fidem
1733 4299 1817 4352 vel
1852 4303 2048 4351 statuta

458 4419 490 4459 a
520 4400 761 4474 patribus
791 4401 999 4453 firmata
1031 4397 1141 4451 suis
1172 4394 1424 4449 fratribus
1455 4390 1723 4459 deneget?
1754 4401 1859 4458 qua
1886 4388 1955 4442 de
1988 4401 2050 4440 re

2142 3245 2287 3291 ctum
2320 3244 2424 3301 est,
2443 3234 2524 3289 sic
2553 3248 2668 3300 eos,
2701 3234 2794 3303 qui
2823 3247 2851 3285 a
2885 3230 3128 3286 barbaris
3151 3238 3244 3285 aut
3264 3245 3291 3283 a
3317 3229 3554 3284 dominis
3590 3230 3763 3301 17o

2143 3338 2363 3393 castrati
2394 3346 2522 3391 sunt
2546 3345 2602 3390 et
2645 3335 2993 3390 inveniuntur
3030 3331 3202 3404 digni,
3239 3333 3373 3387 tales
3410 3330 3479 3385 ad
3536 3330 3762 3387 clerum

2144 3440 2595 3512 appheatcanon.

2146 3578 2209 3634 ll.
2242 3577 2320 3632 De
2343 3576 2423 3630 Itis
2451 3575 2537 3645 qui
2560 3589 2625 3629 ea:
2645 3571 2857 3628 ethnicis
2889 3580 3005 3645 post
3024 3571 3278 3640 baptisma
3314 3572 3493 3625 statim
3537 3572 3614 3627 ad
3652 3574 3765 3631 cle-

2692 3659 2805 3695 rum
2832 3642 3185 3711 applicantur.

2219 3782 2355 3850 Quia
2382 3782 2548 3836 multa
2577 3791 2669 3834 aut
2696 3795 2763 3835 ex
2794 3779 3115 3835 necessitate
3137 3789 3229 3834 aut
3280 3778 3441 3834 aliter
3489 3778 3767 3835 festinan-

2148 3884 2290 3940 tibus
2312 3881 2622 3937 bominibus
2653 3880 2792 3936 faeta
2835 3890 2964 3935 sunt
3010 3889 3200 3934 contra
3250 3894 3518 3935 cauonem
3577 3881 3768 3936 eccle-

2148 3990 2445 4051 siasticum,
2469 3992 2527 4038 ut
2552 3984 2797 4037 homines
2816 3996 2883 4037 ex
2913 3981 3110 4037 Gentili
3135 3982 3244 4038 vita
3274 3998 3450 4051 nuper
3481 3983 3766 4041 acceden-

2150 4097 2230 4143 tes
2256 4088 2324 4142 ad
2355 4085 2515 4141 fidem
2536 4092 2591 4140 et
2612 4082 2664 4137 in
2708 4096 2871 4151 parvo
2901 4092 3147 4153 tempore
3190 4083 3512 4139 catecbisati
3571 4085 3764 4140 statim

2154 4192 2218 4247 ad
2236 4188 2512 4260 spirituale
2532 4187 2802 4242 lavacrum
2832 4186 3117 4252 ducantur,
3151 4195 3207 4242 et
3231 4187 3393 4242 simul
3416 4201 3541 4241 cum
3571 4186 3764 4257 bapti-

2152 4294 2255 4348 zati
2313 4291 2509 4346 fuerint
2557 4299 2975 4359 promoveantur
3015 4288 3085 4343 ad
3135 4287 3511 4358 episcopatum
3552 4299 3649 4341 aut
3696 4287 3768 4342 ad

2154 4394 2566 4465 presbyterium,
2592 4392 2730 4446 bene
2745 4391 2943 4445 habere
2972 4389 3175 4459 placuit
3194 4388 3476 4443 demetere
3499 4388 3636 4441 nihil
3659 4389 3771 4443 tale

469 4510 563 4564 per
590 4495 836 4548 eumdem
882 4492 1048 4545 filium
1080 4503 1259 4544 meum
1304 4486 1611 4580 Marcellum
1661 4484 2045 4580 subdiaconum
2074 4518 2131 4580 Ι)
2156 4496 2304 4561 ﬁeri;
2336 4508 2460 4549 nam
2493 4500 2549 4547 ει
2577 4502 2819 4560 tempore
2847 4504 2984 4561 opus
3014 4498 3098 4545 εει
3126 4490 3179 4545 εί
3200 4491 3289 4558 φη
3316 4489 3695 4545 “techina”.
3713 4500 3769 4547 ει

468 4594 705 4639 vestrum
752 4580 975 4635 nimium
1025 4581 1388 4641 festinantem,
1438 4576 1573 4628 sicut
1617 4573 1799 4626 Statuti
1842 4581 1966 4626 sunt
1995 4570 2047 4625 in

466 4677 642 4732 Nicma
674 4674 885 4728 civitate
910 4685 938 4724 a
961 4669 1222 4738 patribus,
1255 4680 1489 4720 canones
1516 4666 1753 4732 integros
1781 4673 1835 4717 ut
1853 4663 2053 4732 jussis-

467 4766 540 4820 tis
574 4765 768 4828 direxi,
794 4770 980 4831 petens
1011 4770 1063 4813 ut
1094 4774 1189 4827 pro
1217 4773 1301 4811 me
1336 4756 1621 4825 plurimum
1650 4763 1825 4808 vestra
1870 4765 2052 4809 sancta

467 4852 814 4924 congregatio
844 4864 1001 4905 orare
1024 4849 1229 4919 iubeat.
1264 4847 1332 4902 Et
1374 4846 1477 4900 alia
1530 4860 1691 4899 manu
1725 4862 1739 4899 :
1793 4844 1932 4898 Deus
1960 4860 2054 4897 no-

471 4947 583 5001 ster
613 4943 951 4998 sanctitatem
981 4950 1211 4995 vestram
1256 4937 1556 4999 custodiat,
1599 4937 1739 5002 quod
1782 4944 2052 5006 optamus,

472 5034 797 5091 sanctissimi
832 5034 1025 5087 fratres
1054 5042 1102 5084 ο.

472 5129 610 5185 Xlll.
642 5126 978 5195 Exemplaria
1007 5123 1207 5194 Μεωηί
1235 5121 1436 5175 concilii
1465 5120 1656 5195 directa
1676 5119 1765 5195 sub
1785 5118 1915 5195 died
1934 5188 1946 5195 Δ
1966 5132 2055 5173 viti

548 5188 819 5253 Kalendas
861 5189 1151 5248 Decembris
1174 5202 1291 5260 .post
1312 5192 1634 5244 consulatum
1666 5188 2057 5260 gloriosissimo-

544 5283 662 5322 rum
724 5269 1087 5336 imperatorum
1132 5258 1783 5336 H‘ouariinuodecieslet
1817 5258 2058 5336 Theodo-

547 5340 611 5394 sii
656 5328 809 5390 octies
854 5335 1228 5404 Augustorum,
1260 5330 1526 5401 Bonifacie
1558 5332 1699 5385 urbis
1739 5329 1917 5383 Roma:
1945 5328 2056 5396 epi-

548 5424 724 5465 860190.

554 5424 634 5465 κο
709 5444 724 5460 .

554 5422 839 5557 (Ζτζὲἰωυι
867 5494 922 5552 in
953 5510 1115 5552 unum
1149 5494 1314 5552 Deum
1354 5492 1566 5547 Patrem
1609 5490 2056 5560 omnipotentem,

558 5631 584 5660 -
618 5621 732 5685 Ε..
767 5619 826 5673 e.
862 5616 951 5683 κη
982 5625 1023 5670 ι.
1054 5617 1106 5681 ι,
1136 5616 1192 5677 2.
1225 5614 1316 5685 11..
1346 5614 1549 5685 harum.

558 5702 584 5731 ο
750 5694 805 5743 B.
835 5677 1027 5751 R.,,‘T.
1066 5677 1112 5753 l,
1157 5686 1211 5744 2.
1243 5677 1332 5745 υς.
1388 5682 1621 5737 Dominis
1644 5680 1835 5736 sanctis
1879 5677 2060 5733 merito

490 5762 788 5819 beatissimis
819 5759 1081 5828 fratribus.

561 5843 583 5871 ο
626 5830 739 5898 Ε.,
767 5827 826 5885 Βέ
845 5830 934 5895 B.,
963 5828 1051 5892 U.,
1080 5828 1284 5895 fratres.
1310 5827 1491 5880 Amen.

2156 4605 2277 4665 post
2306 4593 2566 4663 baptisma
2586 4590 2903 4662 approbatio
2924 4606 3197 4659 amplior:
3231 4587 3520 4644 manifesta
3549 4594 3762 4645 etenim

2154 4703 2234 4750 est
2262 4691 2552 4763 apostd'lica
2584 4690 2861 4761 Scriptura
2890 4705 3014 4763 quae
3037 4690 3170 4745 dicit
3202 4731 3214 4743 .
3247 4687 3375 4743 Non
3406 4688 3764 4759 neophytum,

2156 4813 2218 4852 ne
2242 4797 2374 4867 forte
2392 4796 2448 4849 in
2465 4795 2759 4865 superbiam
2778 4792 2944 4849 elatus
2974 4793 3028 4847 in
3040 4792 3305 4864 judicium
3333 4792 3535 4844 incidat
3592 4800 3643 4845 et
3688 4792 3769 4844 la-

2154 4916 2337 4971 queunt
2357 4898 2586 4965 diaboli;
2613 4896 2661 4952 si
2688 4905 2869 4954 autem
2901 4896 3235 4968 procedente
3266 4906 3513 4966 tempore
3538 4895 3767 4963 aliquod

2159 5004 2347 5057 animae
2371 5009 2651 5071 peccatum
2682 4999 2991 5056 inveniatur
3009 5000 3157 5056 circa
3204 4998 3515 5070 huiusmodi
3570 5013 3771 5068 perso-

2158 5123 2279 5163 nam
2306 5114 2361 5161 et
2407 5104 2759 5160 convincatur
2797 5118 2829 5158 a
2874 5102 3089 5158 duobus
3135 5101 3227 5157 vel
3278 5100 3454 5157 tribus
3509 5101 3769 5166 testibus,

2158 5212 2257 5268 iste
2277 5209 2689 5266 cessetaclero.
2714 5209 2772 5267 Si
2798 5207 2923 5278 quis
2965 5215 3145 5263 autem
3190 5212 3393 5277 prater
3444 5205 3567 5259 haec
3617 5202 3770 5267 facit,

2158 5315 2307 5385 quasi
2359 5312 2616 5368 adversus
2667 5327 2925 5382 magnum
2984 5309 3281 5367 concilium
3340 5305 3769 5378 superveniens,

2161 5418 2272 5487 ipse
2303 5417 2692 5488 periclitabitur
2721 5416 2792 5472 de
2820 5416 2992 5473 clero.

2230 5602 2258 5643 τι
2296 5600 2407 5668 1B,,
2437 5598 2498 5654 T.
2531 5600 2584 5662 i,
2616 5596 2671 5666 2,
2695 5600 2787 5665 6.,
2810 5599 2895 5666 die
2920 5612 3012 5654 vn.
3048 5595 3239 5668 B.7ft.,
3266 5595 3351 5649 die
3379 5607 3455 5648 vi.

2234 5681 2258 5711 ο
2299 5662 2532 5737 Egnati
2556 5662 3085 5740 factum,homousion
3109 5667 3483 5729 Potriahocesl
3512 5662 3773 5735 ejusdem

2235 5740 2256 5780 ί
2296 5742 2412 5808 .43.,
2438 5753 2557 5795 sunt
2586 5758 2701 5808 quae
2727 5744 2781 5796 in
2801 5740 2926 5795 casto
2948 5748 2994 5793 et
3021 5756 3132 5808 qua:
3161 5740 3215 5793 in
3237 5751 3397 5793 terra.

2237 5821 2262 5860 Β
2302 5805 2418 5879 ,ως
2450 5814 2537 5879 qui
2566 5805 2775 5883 propter
2804 5805 3281 5866 nostram'salutem
3311 5805 3596 5863 descendit.
