3870 6338
168 322 241 378 991
981 307 1260 365 APBICE
1296 306 1639 366 CONCILIA.
1682 338 1755 352 —
1791 309 2382 369 CARTHAGINENSE
2426 313 2511 369 Vl.

1733 427 1788 485 Δ

402 429 481 484 111.
509 426 579 481 De
612 436 635 464 ⁸
668 424 1072 479 subintroductis
1092 424 1414 477 mulieribus,

219 525 458 585 interdixit
520 516 838 575 omnimodo
890 528 1137 572 sanctum
1192 516 1484 570 concilium
1536 529 1711 584 neque

168 621 426 688 episcopum
493 625 665 679 neque
732 608 1109 677 presbyterum
1169 620 1342 675 neque
1400 605 1705 671 diaconum,

168 724 301 780 neque
325 723 381 762 es
408 714 514 759 toto
542 718 664 757 eum
690 703 781 772 qui
809 703 863 756 in
895 700 1045 755 clero
1076 709 1158 754 est
1186 698 1384 753 habere
1432 698 1707 752 subintro-

167 806 337 857 ductam
382 811 579 859 secum.
608 795 716 849 nisi
749 794 885 846 forte
911 799 1137 847 matrem
1190 799 1282 843 aut
1331 805 1577 844 sororem
1620 800 1712 844 aut

166 896 290 950 etiam
319 892 467 944 thiam
487 887 516 927 δ
539 898 630 942 aut
659 894 1008 941 materteram
1031 895 1124 939 aut
1155 899 1247 939 eas
1276 887 1420 939 solas
1453 898 1711 953 personas

165 1000 255 1053 qua
278 981 527 1051 refugium
554 991 776 1031 omnem
803 975 1186 1042 suspicionem.

434 1071 514 1126 IV.
543 1068 620 1123 De
648 1069 973 1123 ordinatione
1006 1072 1382 1137 episwporum.

225 1166 511 1236 Episcopum
537 1173 754 1232 oportet
802 1162 1033 1215 maxime
1076 1161 1292 1230 quidem
1349 1161 1415 1214 ab
1464 1160 1713 1214 omnibus

166 1258 234 1327 qui
259 1265 368 1310 sunt
396 1257 527 1309 intra
561 1254 896 1321 provinciam
931 1254 1203 1321 episcopis
1230 1251 1467 1305 ordinari
1502 1268 1515 1305 :
1544 1252 1589 1305 si
1621 1265 1715 1304 au-

166 1358 249 1403 tem
271 1347 465 1401 difficile
484 1347 583 1400 erit
610 1345 714 1398 hoc
744 1352 835 1395 aut
870 1356 1088 1411 propter
1114 1354 1390 1413 urgentem
1423 1344 1716 1397 necessita-

168 1452 250 1495 tem
287 1450 367 1493 aut
407 1449 622 1508 prepter
667 1436 1055 1504 longitudinem
1110 1437 1337 1496 itineris,
1362 1434 1715 1488 omnismodis

167 1544 253 1587 tres
282 1532 328 1586 in
360 1546 511 1586 unum
564 1533 974 1595 convenientes,
1018 1531 1481 1584 consentientibus
1530 1538 1584 1583 et
1634 1529 1717 1581 bis

166 1628 233 1696 qui
260 1628 486 1682 absentes
514 1636 639 1681 sunt
697 1627 966 1695 episcopis
1012 1636 1065 1681 et
1105 1627 1559 1696 respondentibus
1611 1638 1706 1693 per

166 1720 377 1785 scriptum
413 1731 457 1784 ε,
492 1733 617 1774 tunc
659 1718 1269 1789 manusimpositionetn
1325 1716 1458 1772 fieri.
1506 1716 1719 1771 Confir-

3312 318 3422 376 ei!

1959 423 2090 480 Vill.
2155 424 2233 479 De
2286 426 2363 479 his
2412 427 2502 495 qui
2551 426 3275 485 denominantseCatharos.

1893 516 2194 587 .\liquando
2223 534 2354 572 vero
2396 519 2776 574 accedentibus
2826 521 2894 574 ad
2939 521 3261 577 catholicam
3314 523 3422 581 Ee-

1812 608 2056 672 clesiam,
2088 610 2288 678 placuit
2320 621 2521 666 sancta:
2552 620 2608 665 et
2632 626 2837 680 magna!
2884 612 3092 680 synodo
3132 628 3227 669 eos
3278 615 3427 672 ordi~

1814 713 1969 758 natos
1994 704 2073 759 sic
2104 720 2325 760 manere
2355 705 2409 760 iu
2439 706 2586 760 clero
2620 724 2633 759 :
2669 717 2797 760 ante
2849 692 3030 761 omnia
3086 716 3261 761 autem
3312 706 3429 764 lucc

1815 796 2058 865 profiteri
2095 799 2239 867 ipsos
2268 813 2363 867 per
2391 798 2729 865 Scripturam
2754 811 2994 868 oportet,
3025 801 3168 871 quod
3194 816 3425 857 consen-

1816 891 1948 947 tiant
1974 901 2030 947 et
2059 903 2356 962 sequantur
2388 892 2647 947 catholica
2694 904 2745 949 et
2784 896 3085 961 apostolica
3129 895 3421 964 dogmata:

1818 986 1917 1039 hoc
1952 993 2035 1039 est
2062 995 2115 1039 et
2156 987 2385 1055 bigamis
2408 988 2808 1042 communicare
2834 996 2888 1043 et
2921 989 3004 1043 his
3026 989 3115 1058 qui
3156 991 3209 1044 in
3242 1004 3427 1060 perse-

1815 1080 2031 1134 cutione
2059 1079 2266 1148 delapsi
2308 1083 2632 1143 sunt,circa
2680 1096 2816 1151 quos
2864 1091 2920 1135 et
2966 1092 3179 1150 tempus
3221 1082 3429 1137 consti-

1817 1180 1988 1225 tutum
2035 1180 2119 1225 est
2148 1171 2339 1226 ctdies
2360 1172 2620 1227 definitus
2643 1215 2656 1236 ,
2683 1182 2741 1226 ut
2770 1184 3073 1243 sequantur
3098 1175 3149 1226 iu
3173 1174 3427 1229 omnibus

1816 1278 1934 1332 qua:
1958 1263 2252 1331 placuerint
2278 1264 2557 1319 catholica:
2586 1265 2843 1320 Ecclesia:
2866 1266 3122 1337 episcopo
3143 1276 3237 1320 aut
3260 1281 3412 1335 pres-

1819 1355 2025 1424 bytero.
2073 1354 2391 1425 Ubicunque
2430 1366 2609 1411 autem
2674 1373 2863 1413 omnes
2916 1360 3036 1413 sive
3086 1361 3137 1414 in
3192 1359 3425 1414 castellis

1818 1446 1933 1502 sive
1958 1449 2009 1501 in
2040 1448 2354 1503 civitatibus
2388 1450 2489 1518 ipsi
2532 1451 2633 1504 soli
2667 1450 2874 1506 inventi
2923 1450 3125 1506 fuerint
3171 1449 3424 1515 ordinati,

1820 1540 1911 1607 qui
1942 1538 2289 1593 inveniuntur
2314 1541 2365 1594 in
2394 1541 2542 1596 clero
2567 1540 2676 1595 sint
2703 1541 2755 1595 in
2788 1542 2982 1596 eodem
3018 1542 3237 1605 habitu;
3264 1550 3423 1610 quot-

1819 1640 1952 1701 quot
1981 1641 2162 1686 autem
2195 1633 2477 1689 catholica
2503 1635 2760 1689 Ecclesiae
2789 1634 3046 1704 episcopo
3077 1645 3167 1688 aut
3200 1634 3428 1705 presby-

1822 1731 1937 1777 tero
1969 1735 2217 1779 exstante
2239 1726 2524 1791 accedunt,
2557 1726 2904 1780 manifestum
2955 1728 3081 1795 quia
3140 1727 3429 1795 episcopus

168 1812 476 1865 matioautem
509 1826 696 1865 eorum
727 1827 851 1879 qurc
880 1812 1012 1864 fiunt
1043 1811 1216 1865 danda
1259 1811 1548 1878 unicuique
1602 1823 1715 1863 sua:
1746 1792 1795 1852 Β
1823 1816 2037 1884 quidem
2092 1818 2340 1872 ecclesiae
2397 1819 2609 1872 habebit
2663 1820 2976 1887 dignitatem
3036 1821 3297 1888 episcopi,
3338 1816 3430 1887 qui

167 1904 408 1973 provinciae
432 1904 853 1971 metropolitano
886 1902 1165 1973 cpiscoiio.

560 1995 625 2051 ν.
680 1996 757 2050 De
793 1999 1259 2054 excommunicatis.

222 2086 280 2141 De
307 2084 379 2142 bis
405 2087 491 2155 qui
532 2090 1100 2153 excommunicautnr,
1130 2092 1245 2144 sive
1289 2090 1357 2145 de
1408 2090 1557 2145 clero
1607 2091 1717 2145 sint

166 2177 251 2233 sive
271 2178 331 2234 de
357 2180 483 2234 laico
506 2181 749 2251 agmine,
777 2183 845 2235 ab
874 2183 1148 2252 episcopis
1175 2199 1269 2249 per
1294 2185 1538 2252 singulas
1586 2200 1713 2250 pro-

165 2272 325 2329 riucias
349 2273 582 2328 obtineat
606 2277 877 2330 sententia
901 2275 1051 2344 juxta
1073 2291 1333 2340 canones,
1363 2293 1459 2332 eos
1512 2278 1600 2344 qui
1650 2276 1717 2329 ab

166 2364 257 2418 aliis
278 2365 585 2433 abjiciuntur
615 2367 687 2420 ab
709 2367 832 2419 aliis
860 2381 961 2420 non
998 2367 1369 2436 recipiendos;
1412 2370 1717 2436 requiratur

165 2471 305 2514 autem
327 2475 386 2514 ne
412 2462 858 2530 pusillanimitate
889 2471 980 2517 aut
1003 2464 1294 2531 pertinacia
1323 2472 1417 2517 aut
1458 2464 1560 2517 alia
1611 2465 1715 2516 ali-

166 2555 477 2623 quaepiscopi
509 2555 757 2609 molestia
789 2557 1240 2611 excommunicati
1288 2556 1415 2609 sint.
1471 2555 1541 2610 Ut
1588 2569 1718 2619 ergo

170 2641 289 2714 171
320 2644 411 2699 hoc
439 2645 719 2702 decentius
768 2646 1093 2715 inquiratur,
1145 2648 1280 2701 bene
1327 2647 1511 2701 haberi
1546 2646 1569 2684 ιι
1604 2649 1718 2715 pla-

164 2734 249 2787 cuit
271 2736 471 2804 singulis
499 2738 659 2791 annis
716 2753 811 2806 per
864 2740 1098 2808 singulas
1150 2741 1458 2808 provincias
1510 2740 1593 2793 bis
1659 2741 1712 2793 in

168 2837 275 2879 anno
309 2826 522 2881 concilia
562 2828 703 2895 fieri,
750 2840 806 2883 ιιι
847 2830 1095 2884 omnibus
1142 2830 1297 2883 simul
1350 2830 1617 2899 episcopis
1663 2831 1714 2883 iu

165 2926 293 2966 unum
328 2918 658 2985 congregatis
704 2918 841 2972 tales
894 2920 1224 2985 quastioncs
1276 2920 1633 2986 inquirant'ir,
1662 2929 1717 2974 et

166 3000 218 3053 ita
243 3005 316 3072 qui
345 3006 621 3061 manifeste
652 3006 993 3063 offenderunt
1022 3013 1334 3079 episcopum
1380 3012 1717 3065 rationabili-

166 3098 661 3151 teretcommunicati
679 3098 820 3163 apud
847 3114 1032 3155 omnes
1049 3115 1169 3156 esse
1183 3111 1438 3172 putentur
1480 3104 1712 3170 quandiu

166 3184 296 3237 autin
324 3188 586 3241 communi
638 3199 731 3242 aut
774 3191 1030 3259 episcopo
1085 3192 1293 3259 placeat
1340 3193 1713 3250 humaniorem

167 3286 240 3340 pro
266 3276 332 3331 his
358 3274 492 3333 ferre
514 3282 859 3335 sententiam.
883 3282 1121 3339 Concilia
1142 3295 1321 3340 autem
1371 3288 1519 3352 tiaut,
1554 3305 1716 3341 unum

168 3367 340 3431 quidem
368 3381 489 3426 ante
508 3376 999 3442 quadragesimam,
1021 3391 1077 3428 ut
1101 3383 1250 3431 omni
1278 3378 1718 3447 pusillanimitate

166 3458 331 3515 sublata
352 3478 537 3518 munus
586 3466 845 3519 mundum
902 3467 1165 3524 offeratur
1213 3470 1365 3537 Deo,
1415 3470 1715 3527 secundum

168 3562 306 3607 autem
333 3558 466 3611 circa
493 3567 710 3626 tempus
741 3560 999 3615 autumni.

168 3637 233 3698 Vl.
279 3643 347 3699 De
396 3650 703 3718 primatibus
763 3653 1123 3723 episcoporum
1168 3660 1714 3729 metropolitanorum.

220 3736 405 3805 Antiqui
434 3755 615 3797 mores
647 3742 924 3797 obtineant
949 3747 1038 3812 qui
1062 3747 1207 3815 apud
1246 3749 1535 3821 Egyptum
1569 3762 1716 3820 sunt,

169 3821 343 3895 Libyam
367 3839 417 3884 ct
440 3831 801 3899 Pentapolim,
834 3843 891 3889 ut
915 3837 1263 3897 Alexandria:
1294 3846 1581 3914 episcopus
1603 3863 1719 3901 om-

166 3912 278 3968 nium
322 3916 506 3973 habeat
551 3920 1001 3990 sollicitudinem,
1048 3928 1176 3998 quia
1224 3940 1279 3985 et
1333 3912 1495 3987 urbis?
1533 3934 1717 3990 Romae

163 4003 373 4078 episcopo
400 4010 591 4065 similis
623 4027 742 4068 mos
772 4026 855 4070 est
888 4033 902 4069 :
943 4016 1198 4074 similiter
1227 4031 1407 4076 autem
1461 4034 1515 4078 et
1572 4026 1718 4080 circa

164 4096 454 4163 Antiochiam
485 4118 540 4164 et
568 4110 624 4165 in
656 4113 871 4167 caeteris
886 4114 1177 4181 provinciis
1197 4117 1473 4188 privilegia
1498 4123 1718 4188 propria

166 4209 466 4255 reserventur
494 4204 930 4271 metropolitanis
954 4208 1223 4263 ecclesiis.
1275 4208 1507 4265 Omnino
1536 4221 1717 4268 autem

162 4293 451 4349 manifestum
480 4305 565 4351 est
590 4296 742 4361 illud,
785 4300 911 4368 quia
948 4299 991 4353 si
1026 4301 1147 4369 quis
1184 4313 1381 4369 praner
1432 4306 1716 4360 consilium

164 4386 513 4453 metropolitani
563 4389 737 4443 factus
786 4391 945 4444 fuerit
984 4391 1292 4463 episcopus,
1326 4398 1488 4452 talem
1533 4403 1719 4454 conci-

166 4470 264 4526 lium
288 4491 523 4546 magnum
557 4480 803 4535 deﬁnivit
835 4497 943 4537 non
974 4482 1173 4540 debere
1202 4501 1325 4543 esse
1355 4492 1540 4557 episco

164 4557 196 4611 si
220 4574 325 4615 vero
350 4566 619 4620 communi
652 4568 891 4623 omnium
920 4570 1138 4627 decreto
1168 4576 1476 4633 rationabili
1523 4557 1579 4635 et
1625 4598 1715 4636 se-

163 4654 350 4711 cundum
371 4674 631 4716 canonem
655 4662 1079 4719 ecclesiasdcum
1103 4667 1213 4722 duo
1242 4680 1333 4726 aut
1354 4681 1463 4728 tres
1494 4687 1718 4746 propter

164 4748 362 4810 proprias
377 4748 689 4807 inimicitias
707 4756 1161 4825 contradixerint,
1182 4761 1423 4821 obtineat
1448 4773 1716 4827 sententia

165 4830 489 4899 plurimorum.

246 4926 341 4986 Vll.
368 4932 442 4987 De
461 4936 701 5007 episcopo
728 4935 892 4994 {Elim
916 4942 969 4995 id
995 4953 1071 4997 est
1108 4944 1606 5022 Hierosolymitano.

217 5017 328 5115 Quia
366 5029 699 5084 consuetudo
746 5032 976 5088 obtinuit
1024 5044 1078 5091 et
1123 5017 1624 5115 traditio‘antiqua,
1658 5060 1718 5105 ut

169 5106 297 5207 Edita
320 5116 597 5188 episcopus
627 5119 943 5192 honoretur,
968 5124 1161 5183 habeat
1186 5132 1431 5189 ordinem
1467 5106 1711 5207 honoris,

165 5199 427 5301 talitali!”
454 5210 815 5285 6.,salvata]
874 5225 1053 5274 tamen
1102 5221 1361 5293 dignitate
1404 5199 1716 5301 metropoli;

166 5294 252 5349 lini
274 5298 497 5367 ejusdem
533 5304 841 5373 provinciae.

169 5429 812 5558 “:lilgfsliquis,prmter
857 5446 955 5513 Α..
999 5445 1076 5502 De
1114 5459 1549 5515 commanentibus
1597 5478 1714 5521 cum

224 5565 315 5655 flii
342 5578 777 5655 reliquispmter
802 5587 891 5644 Α..
926 5589 1087 5645 thiam
1114 5604 1206 5649 aut
1233 5612 1320 5651 eas
1338 5600 1495 5655 solas.

169 5701 202 5759 τ
223 5648 257 5763 '1
270 5640 354 5763 εἰ
353 5643 438 5701 ὦ.
452 5640 521 5702 'In
655 5655 715 5708 Β.
738 5654 822 5718 Β..
853 5640 910 5711 l-i.
926 5640 1708 5747 5,ξρδηῖιῖδιῖίξιίιξνῇζιζιστὶρια.

209 5744 218 5758 ι
269 5750 281 5763 α
389 5728 472 5763 ὺρΐ
494 5734 775 5763 υηηιηνηι
821 5728 863 5763 Ω
954 5749 1041 5763 κ...
1071 5740 1261 5763 ---Σ-ι-.

209 5744 218 5758 ι
240 5714 354 5803 112,
387 5728 472 5784 per
494 5724 795 5803 scrip-turos,
909 5771 922 5791 ,

270 5780 314 5835 lu
340 5780 434 5843 hac
455 5780 791 5850 voce/iuberi
834 5780 1303 5878 iiété'péiplé'r'iui
1362 5813 1414 5868 in
1462 5820 1709 5880 omnibus

1818 1918 1999 1962 autem
2033 1912 2351 1964 nominatur
2379 1916 2521 1979 apud
2549 1927 2642 1966 eos
2673 1912 2963 1981 epist'Opus
3004 1912 3305 1981 presbyteri
3336 1912 3433 1965 bo-

1820 2013 2008 2052 norem
2046 2002 2202 2070 172
2236 2001 2476 2065 habebit,
2531 2002 2633 2055 nisi
2685 2002 2825 2055 forte
2870 2002 3134 2073 placuerit
3177 2001 3433 2070 episcopo

1823 2091 2046 2146 honoris
2075 2109 2197 2149 eum
2245 2096 2463 2149 nomine
2496 2098 2636 2161 frui;
2662 2098 2742 2150 sin
2773 2112 2903 2150 vero
2937 2113 3041 2150 non
3093 2096 3197 2150 hoc
3227 2098 3276 2149 ei
3317 2097 3431 2165 pla-

1820 2185 2016 2247 Cuerit,
2055 2186 2361 2252 providebit
2412 2188 2586 2239 locum
2648 2199 2739 2241 aut
2795 2188 3283 2256 rborcpiscopatus
3340 2198 3433 2244 aut

1824 2274 2143 2343 presbyterii
2176 2286 2233 2328 ut
2261 2275 2312 2327 iu
2348 2277 2497 2331 clero
2528 2278 2749 2332 omnino
2777 2293 2897 2332 esse
2930 2279 3216 2345 videatur,
3246 2290 3434 2348 quate-

1823 2379 1921 2417 nus
1944 2381 2047 2418 non
2074 2366 2125 2419 in
2155 2368 2376 2421 civitate
2398 2370 2504 2421 duo
2532 2372 2769 2438 episeopi
2804 2371 2929 2424 sint.

1821 2455 1911 2509 l.\.
1942 2454 2018 2509 De
2038 2457 2117 2511 his
2140 2460 2227 2521 qui
2248 2460 2317 2511 ad
2348 2464 2689 2542 sacerdotium
2736 2464 2846 2514 sine
2892 2464 3269 2517 examinatimw
3313 2479 3436 2535 pro-

2471 2547 2593 2585 mon
2625 2543 2763 2585 sunt.

1894 2624 1951 2679 Si
1982 2625 2071 2693 qui
2111 2626 2232 2679 sine
2260 2627 2661 2682 examinatione
2694 2629 2924 2698 promoti
2956 2640 3081 2683 sunt
3130 2630 3431 2701 presbyteri

1822 2727 1914 2771 aut
1945 2718 2184 2788 episcopi
2217 2729 2270 2773 et
2305 2735 2428 2773 cum
2458 2720 2826 2776 discutiuntur
2856 2722 3093 2778 confessi
3144 2733 3269 2777 sunt
3312 2738 3433 2793 quae

1823 2823 2202 2879 peccaverunt,
2236 2813 2317 2866 vel
2345 2814 2391 2865 si
2426 2812 2494 2867 ab
2526 2813 2652 2866 aliis
2701 2814 3021 2869 cvincautur
3078 2826 3133 2869 et
3175 2826 3433 2884 praeterea

1821 2905 2228 2969 Confiteutibus,
2260 2915 2449 2959 contra
2481 2922 2746 2962 canonem
2773 2910 2904 2961 moti
2951 2909 3198 2962 homines
3244 2924 3437 2963 manus

1822 2999 1899 3053 eis
1926 2998 2326 3067 imposuerunt,
2360 3002 2494 3055 tales
2515 3016 2688 3054 canon
2715 3018 2822 3054 non
2847 3002 3077 3070 suscipit
3100 3003 3195 3056 sed
3220 3002 3433 3070 alijicit;

1826 3091 1925 3146 hoc
1953 3094 2096 3147 enim
2127 3094 2269 3161 quod
2296 3093 2770 3163 irreprebensibile
2798 3104 2882 3150 est
2905 3095 3145 3150 defendit
3172 3097 3433 3150 catholica

1827 3183 2090 3238 Ecclesia.

1824 3279 1892 3335 Χ.
1929 3278 2006 3335 Dc
2034 3280 2115 3334 his
2138 3282 2225 3349 qui
2256 3290 2574 3352 negaverunt
2609 3283 2661 3335 in
2689 3284 3046 3353 persecutione
3074 3294 3122 3337 ct
3155 3294 3330 3354 postea
3368 3285 3435 3338 ad

2251 3354 2547 3407 clericatum
2594 3357 2814 3423 promoti
2860 3366 3001 3408 aruit.

1894 3433 2211 3512 Quicunque
2232 3444 2465 3498 ordinati
2488 3456 2611 3497 sunt
2642 3460 2738 3513 per
2767 3446 3128 3516 ignorantiam
3172 3456 3266 3501 aut
3308 3446 3432 3502 dis-

1822 3533 2217 3588 simulationem
2270 3537 2662 3603 ordinantium,
2703 3538 2755 3591 bi
2806 3540 2896 3607 qui
2954 3540 3085 3608 lapsi
3138 3549 3284 3608 sunt,
3334 3540 3437 3595 hoc

1826 3635 1852 3663 ο
1885 3642 1990 3679 non
2018 3626 2332 3696 praeiudicat
2352 3632 2969 3697 canoniecclesiastico;
3004 3634 3201 3705 cogniti
3229 3636 3435 3690 ctenim

1822 3718 2164 3788 deponuntur
2196 3718 2282 3791 [T.
2314 3720 2371 3787 “2,
2396 3721 2778 3793 deponantur].

1936 3833 2027 3889 XI.
2058 3833 2137 3888 Dc
2158 3834 2237 3888 his
2253 3837 2338 3906 qui
2368 3848 2679 3907 negaverunt
2706 3848 2752 3892 et
2782 3841 3035 3893 habentur
3061 3841 3112 3893 iu
3156 3839 3323 3895 laicis.

1900 3946 1977 4002 De
2018 3948 2103 4002 his
2123 3951 2213 4019 qui
2249 3954 2585 4015 praevaricati
2633 3964 2758 4008 sunt
2800 3965 2999 4025 printer
3051 3958 3432 4014 necessitatem

1824 4047 2134 4110 autprmter
2162 4042 2492 4099 oblationem
2542 4047 2856 4102 facultatqu
2902 4060 2995 4102 aut
3035 4061 3231 4119 praeter
3284 4052 3437 4119 peri-

1822 4132 2004 4185 culum
2036 4134 2120 4187 vcl
2154 4135 2262 4190 tale
2292 4136 2534 4205 aliquod,
2571 4141 2710 4208 quod
2752 4142 2948 4196 factum
2995 4155 3078 4197 est
3108 4144 3207 4199 sub
3253 4154 3438 4215 tyran-

1824 4224 1947 4278 nide
1980 4224 2190 4292 Licinii,
2236 4228 2437 4296 placuit
2481 4243 2669 4287 sancto
2726 4236 2980 4303 concilio,
3052 4239 3175 4292 licet
3230 4241 3435 4312 indigni

1822 4316 1929 4369 sint
1956 4316 2313 4385 humanitate,
2349 4330 2528 4376 tamen
2553 4326 2827 4380 subveniri
2853 4330 2950 4382 eis.
3007 4332 3283 4401 Quotquot
3336 4336 3433 4402 igi-

1824 4418 1911 4464 tur
1940 4412 2151 4467 sincere
2186 4415 2467 4483 pteuitent,
2506 4427 2613 4471 tres
2644 4434 2819 4475 annos
2841 4422 2977 4476 inter
3003 4426 3282 4481 audientes
3304 4428 3431 4496 sint,

1546 4507 1671 4562 pum
1699 4513 1713 4550 :
1744 4528 1801 4591 Β
1823 4505 1914 4576 qui
1948 4505 2083 4575 lapsi
2113 4518 2239 4561 sunt
2269 4508 2477 4574 ﬁdeles,
2512 4521 2565 4565 et
2593 4522 2802 4581 septem
2837 4529 3006 4571 annos
3031 4521 3384 4574 succumbant
3416 4541 3429 4575 :

1824 4597 2035 4652 duobus
2063 4613 2194 4654 vero
2247 4603 2405 4657 annis
2455 4604 2660 4675 absque
2708 4607 2983 4664 oblatione
3028 4612 3434 4669 communicent

1822 4691 2155 4745 orationibus
2197 4693 2402 4761 populi.

1822 4804 1936 4860 ΧΙΙ.
1979 4804 2060 4861 De
2083 4806 2162 4861 his
2186 4811 2273 4877 qui
2302 4811 2796 4870 abrenuntiaverunt
2821 4827 2866 4871 et
2896 4818 3083 4874 iterum
3105 4822 3173 4874 ad
3187 4827 3431 4880 steculaut

2437 4898 2555 4938 sunt
2604 4891 2813 4943 reversi.

1893 4972 2210 5046 Quicunque
2246 4980 2421 5034 vocati
2463 4992 2589 5036 sunt
2618 4983 2683 5037 ad
2732 4987 2965 5054 gratiam
3019 4998 3073 5043 et
3134 4993 3429 5059 primordia

1821 5064 2248 5124 demonstrantes
2280 5071 2419 5125 bona
2453 5073 2826 5142 deposuerunt
2870 5080 3145 5150 cingulum
3203 5085 3427 5148 militiae,

1820 5167 2003 5225 postea
2033 5175 2163 5215 vero
2194 5162 2261 5217 ad
2284 5166 2561 5233 prOprium
2592 5169 2854 5224 vomitum
2885 5176 3116 5228 revoluti
3161 5186 3308 5245 sunt,
3356 5178 3428 5233 ita

1819 5259 1877 5305 ut
1900 5252 2062 5321 aliqui
2086 5264 2139 5308 et
2171 5257 2454 5323 pecuniam
2483 5260 2766 5315 conferant
2795 5274 2849 5319 et
2871 5264 3149 5321 beneflciis
3177 5270 3428 5324 militiam

1817 5354 2085 5414 repetant,
2131 5348 2213 5401 ἱειί
2244 5349 2431 5404 decem
2480 5366 2652 5409 annos
2674 5358 3030 5413 succumbant
3055 5371 3176 5429 post
3209 5360 3425 5419 triennii

1816 5477 2100 5537 Codicibus
2129 5483 2328 5559 divisio
2361 5488 2509 5545 velut
2530 5492 2772 5559 quintum
2818 5495 2956 5550 inter
2984 5506 3037 5551 ct
3081 5508 3291 5554 sextum
3323 5515 3423 5555 nu-

1814 5565 2047 5635 merum,
2074 5556 2281 5635 citittitr
2310 5565 2516 5635 textum
2549 5556 2673 5618 nota
2710 5567 3019 5635 niarginalis
3078 5568 3152 5623 De
3204 5572 3420 5626 concilio

1815 5624 2115 5678 celebrando
2146 5628 2307 5682 fuerit
2338 5633 2659 5690 introducta.

1811 5702 1911 5817 “fl
1958 5694 2046 5764 U.,
2088 5696 2180 5765 G.,
2230 5697 2329 5754 hoc
2386 5720 2488 5757 non
2529 5708 2902 5776 prazjudicante
2932 5726 3134 5767 canone
3177 5719 3419 5769 ecctesia-

1862 5780 1963 5817 tco.

1862 5780 1963 5819 ιεο.
