3870 6360
416 381 522 443 225

419 494 707 555 auditionis
730 500 957 560 tempus.
989 486 1045 542 In
1077 486 1325 541 omnibus
1352 491 1529 538 autem
1558 480 1640 534 his
1676 484 1886 547 oportet
1914 473 1997 528 di-
2022 478 2076 536 Α

421 602 631 647 scutere
653 586 975 640 voluntatem
1008 591 1062 635 et
1083 578 1315 647 Speciem
1345 572 1707 643 poenitentia;
1740 573 2007 638 quotquot

424 697 564 737 en.m
593 680 783 734 timore
822 685 876 729 et
917 670 1164 743 lacrymis
1217 678 1272 724 et
1298 663 1695 736 perseverantia
1749 671 1805 716 et
1852 660 2007 715 bonis

428 773 677 843 operibus
710 766 1113 823 conversionem
1159 775 1327 831 opere
1377 774 1482 813 non
1525 754 1867 810 simulatione
1909 752 2007 805 de-

436 872 757 925 monstrant,
791 861 874 914 isti
909 856 1265 925 adimplentes
1298 865 1499 920 tempus
1530 847 1875 902 constitutum
1916 858 2007 897 au-

430 954 645 1010 ditionis
672 951 1001 1008 orationibus
1034 948 1223 1003 merito
1239 942 1730 1009 communicabunt,
1755 947 1809 993 et
1830 946 2009 1007 postea

432 1045 614 1099 licebit
640 1044 893 1110 episc0po
928 1040 1213 1093 humanius
1245 1035 1312 1089 de
1362 1034 1442 1087 his
1472 1030 1672 1101 aliquid
1726 1030 1961 1097 cogitare
1995 1044 2009 1080 :

430 1136 515 1204 qui
541 1144 717 1189 autem
750 1131 1035 1185 indiscrete
1069 1129 1306 1183 tulerunt
1334 1134 1390 1181 et
1429 1126 1727 1193 ingressum
1770 1118 2013 1175 ecclesiae

432 1224 530 1278 sibi
566 1223 815 1278 sufficere
852 1220 1092 1275 arbitrati
1147 1226 1274 1273 sunt
1301 1216 1365 1269 ad
1398 1213 1830 1278 conversionem,
1856 1223 2015 1266 omne

430 1316 732 1384 compleant
764 1322 996 1380 tempus.

512 1408 664 1477 173
708 1404 842 1459 XIII.
891 1403 968 1457 De
1016 1403 1095 1455 Itis
1134 1402 1229 1484 qui.
1262 1399 1493 1484 in‘exitu
1541 1395 1948 1451 communionem

1084 1478 1366 1542 requirunt.

510 1565 584 1621 De
622 1566 937 1622 exeuntibus
985 1566 1051 1619 de
1093 1577 1319 1631 corpore
1349 1569 1504 1616 vetus
1552 1565 1607 1615 et
1645 1556 1898 1613 canonica
1940 1555 2024 1610 lex

439 1660 767 1715 custodiatur
795 1671 848 1714 et
882 1673 1041 1723 nunc,
1072 1666 1129 1712 ut
1159 1657 1196 1712 ii
1242 1656 1330 1725 qui
1374 1656 1511 1710 mori
1562 1659 1809 1717 parantur
1846 1650 2025 1703 novis»

440 1749 879 1818 simoiuvamine
934 1764 1036 1801 non
1080 1748 1393 1815 priventur;
1446 1744 1525 1797 sin
1582 1755 1708 1795 vero
1758 1738 2025 1808 desperati

1088 369 1469 428 COLLECTIO
1507 364 1836 445 CANON'UM
1878 364 1935 421 S.
1978 359 2251 418 ISIDORO
2292 356 2561 416 HISPAL.
2602 354 2958 413 ASCRIPTA.

3589 347 3697 406 ευ

2375 469 2560 525 XVIII.
2598 470 2674 523 De
2698 468 2974 541 privilegiis
2994 465 3424 537 presbyterorum.

2180 564 2431 620 Pervenit
2458 564 2522 618 ad
2554 572 2798 617 sanctum
2832 572 2885 615 et
2913 575 3160 630 magnum
3204 558 3516 627 concilium,
3558 557 3705 628 quod

2108 660 2158 712 in
2201 656 2516 725 quibusdam
2563 657 2696 710 locis
2741 663 2833 707 aut
2874 651 3176 707 civitatibus
3222 651 3554 721 presbyteris
3592 666 3711 720 gra-

2109 749 2232 803 tiam
2267 747 2378 821 [E.,
2404 747 2467 801 T.
2494 746 2549 811 Ξ,
2574 744 2972 813 eucharistiaml
3002 742 3210 797 diaconi
3244 742 3544 812 porrigant,
3563 742 3710 812 quod

2112 852 2286 909 neque
2328 852 2497 892 canon
2546 851 2719 905 neque
2770 835 3103 890 consuetudo
3150 832 3383 897 tradidit,
3425 842 3482 886 ut
3526 833 3578 885 hi
3620 830 3712 902 qui

2113 939 2427 999 potestatem
2451 927 2711 983 ot’ferendi
2742 941 2847 981 non
2878 926 3076 980 habent
3106 925 3189 980 bis
3212 924 3303 995 qui
3329 923 3560 978 offerunt
3588 938 3716 992 por-

2115 1022 2290 1093 rigant
2318 1035 2513 1089 corpus
2553 1018 2754 1073 Christi
2788 1035 2801 1072 :
2834 1017 2930 1072 sed
2973 1018 3133 1071 etiam
3168 1016 3269 1071 hoc
3308 1030 3520 1085 quoque
3560 1016 3716 1068 inno-

2116 1114 2233 1179 tuit,
2265 1112 2405 1183 quod
2436 1110 2649 1181 quidam
2678 1108 2888 1165 diaconi
2918 1115 2975 1164 et
3021 1117 3147 1162 ante
3177 1106 3458 1175 episcopos
3501 1106 3715 1159 contin-

2116 1214 2242 1275 gant
2269 1204 2673 1259 eucharistiam.
2707 1201 2896 1257 Omnia
2932 1200 3092 1270 igitur
3123 1199 3237 1253 hac
3267 1206 3631 1267 amputentur,
3662 1204 3715 1249 et

2119 1303 2367 1349 maneant
2411 1292 2624 1348 diaconi
2670 1293 2723 1347 in
2772 1291 2989 1363 proprio
3034 1290 3241 1357 ordine,
3287 1290 3524 1345 scientes
3572 1284 3715 1357 quod

2119 1386 2493 1453 episcoporum
2517 1383 2729 1453 quidem
2755 1383 2987 1439 ministri
3012 1391 3157 1447 sunt,
3187 1380 3514 1452 presbyteris
3536 1389 3715 1434 autem

2124 1476 2407 1533 inferiores
2450 1479 2722 1543 existunt;
2765 1477 3028 1545 accipiant
3074 1480 3251 1529 autem
3296 1489 3359 1528 es
3399 1474 3589 1528 ordine
3618 1486 3715 1526 eu-

2125 1568 2429 1624 charistiam
2456 1578 2577 1639 post
2604 1566 2964 1639 presbyteros,
2997 1566 3253 1635 episc0po
3300 1564 3377 1619 eis
3423 1562 3586 1617 dante
3628 1571 3719 1617 ant

2130 1658 2440 1730 presbytero
2468 1678 2480 1712 :
2511 1660 2604 1715 sed
2635 1675 2736 1715 nec
2765 1661 2957 1715 sedere
2986 1659 3065 1714 eis
3090 1658 3144 1712 in
3172 1656 3348 1711 medio
3369 1654 3718 1725 presbytero-

2129 1768 2245 1806 rum
2280 1751 2462 1817 liceat,
2493 1763 2687 1821 praeter
2709 1766 2968 1807 canonem
2996 1751 3138 1804 enim
3169 1760 3223 1804 et
3252 1757 3443 1815 praeter
3472 1746 3721 1812 ordinent

442 1840 814 1895 communione
869 1851 1077 1908 sumpta
1126 1850 1181 1891 et
1216 1838 1485 1893 oblatione
1531 1844 1780 1905 percepta
1834 1838 2024 1889 iterum

2144 1853 2216 1899 est
2262 1844 2363 1899 hoc
2389 1846 2433 1898 si
2476 1844 2585 1897 fiat.
2619 1844 2676 1900 Si
2704 1844 2824 1913 quis
2871 1851 3045 1898 autem
3077 1841 3452 1909 obtemperare
3490 1836 3726 1895 noluerit

440 1934 836 1998 convalescant,
869 1935 973 1987 sint
1019 1934 1157 1987 inter
1181 1947 1277 1987 eos
1314 1933 1402 2001 qui
1451 1930 1784 1985 orationibus
1830 1938 2031 1983 tantum

443 2028 857 2081 communicant.
896 2026 1125 2080 Omnino
1155 2034 1333 2079 autem
1359 2022 1502 2077 omni
1542 2023 1802 2075 morituro
1828 2023 2030 2089 petenti

447 2118 543 2171 sibi
572 2118 683 2171 dari
706 2119 927 2188 gratiam
955 2118 1237 2188 episcopus
1260 2113 1603 2185 probabiliter
1630 2113 1678 2167 ei
1706 2111 2030 2167 oblationem

444 2211 744 2267 contradat.

802 2300 943 2357 XIV.
988 2300 1065 2356 De
1092 2297 1461 2354 catechumenis
1502 2296 1676 2366 lapsis.

524 2394 731 2450 Placuit
770 2404 968 2449 sancta:
994 2402 1048 2449 et
1078 2406 1282 2461 magna
1330 2388 1536 2460 synodo
1576 2396 1630 2441 ut
1679 2385 1910 2441 triennio
1938 2401 2033 2441 au-

452 2484 603 2539 diant
633 2494 859 2552 tantum,
888 2493 1007 2553 post
1031 2484 1143 2537 haec
1170 2489 1326 2536 orent
1350 2494 1470 2534 cum
1503 2476 1923 2532 catechumenis.

521 2577 636 2631 XV.
670 2576 744 2630 De
769 2576 967 2631 clericis
989 2591 1050 2628 ne
1073 2575 1137 2627 de
1165 2574 1368 2626 civitate
1392 2572 1460 2623 ad
1494 2570 1651 2623 aliam
1682 2575 1961 2621 transeant.

519 2668 747 2735 Propter
800 2665 1055 2735 grandem
1113 2663 1395 2719 tumultum
1456 2669 1509 2715 et
1557 2659 1847 2714 seditiones
1917 2671 2034 2727 quae

452 2765 602 2818 facta:
627 2769 748 2815 sunt
772 2750 969 2829 placuit
998 2755 1345 2811 omnismodis
1368 2752 1567 2808 auferri
1596 2750 2035 2806 consuetudinem

452 2871 569 2927 qure
602 2862 683 2909 est
713 2862 894 2907 contra
935 2863 1193 2905 canonem
1227 2865 1239 2900 :
1274 2848 1318 2901 si
1366 2845 1568 2898 inventi
1612 2844 1808 2898 fuerint
1852 2842 1905 2896 in
1943 2842 2040 2896 ali-

453 2945 644 3013 quibus
677 2941 911 3011 partibus
940 2940 1006 2993 de
1035 2938 1247 2992 civitate
1295 2938 1358 2988 ad
1405 2936 1674 2989 civitatem
1726 2934 2035 3002 migrantes,

451 3048 548 3088 nec
573 3033 880 3101 episcopum
931 3042 1029 3083 nec
1072 3027 1438 3098 presbyterum
1470 3038 1569 3076 nec
1608 3022 1886 3075 diaconum
1917 3019 2035 3091 [U.,

453 3126 541 3192 0.,
569 3128 691 3181 add.
726 3122 868 3196 esse]
916 3123 1107 3184 liceat;
1156 3121 1201 3175 si
1248 3120 1367 3189 quis
1413 3128 1589 3171 autem
1622 3124 1741 3186 post
1783 3114 1953 3168 sancti
1982 3121 2039 3169 et

2134 1944 2255 2004 post
2286 1936 2421 1989 hanc
2450 1934 2839 1999 definitionem,
2872 1940 3048 1989 cesset
3074 1947 3102 1984 a
3131 1930 3393 1986 diaconio.

2134 2025 2277 2080 XIX.
2306 2023 2385 2079 De
2404 2025 2481 2079 his
2507 2026 2593 2095 qui
2621 2042 2652 2078 a
2684 2023 2853 2079 Paulo
2876 2024 3217 2150 .Sa‘mosateno
3243 2021 3312 2075 ad
3342 2021 3608 2077 ecclesiam
3640 2036 3724 2075 ve-

2834 2112 2954 2149 nunt
2984 2134 2998 2148 .

2834 2112 2998 2149 munt.

2207 2186 2281 2241 De
2302 2186 2645 2243 Paulianlstis
2668 2188 3058 2258 refugientibus
3085 2188 3149 2243 ad
3179 2188 3478 2244 Ecclesiam
3498 2186 3728 2242 catholi-

2134 2294 2252 2335 cam
2279 2279 2519 2336 detinitio
2542 2282 2751 2351 prolata
2780 2290 2885 2346 est,
2906 2282 3228 2352 rebaptisari
3263 2297 3357 2338 eos
3379 2282 3606 2337 omnino
3636 2299 3649 2335 :
3681 2280 3728 2337 si

2136 2372 2228 2438 qui
2261 2386 2389 2427 vero
2415 2387 2479 2426 ex
2526 2373 2605 2428 eis
2633 2374 2903 2442 przeterito
2935 2381 3177 2443 tempore
3217 2373 3431 2428 fuerunt
3473 2374 3528 2428 in
3557 2374 3732 2440 clero,

2138 2464 2400 2533 siquidem
2433 2467 2550 2522 sine
2574 2468 2790 2536 querela
2823 2478 2878 2522 et
2905 2468 3325 2537 reprehensione
3357 2467 3578 2533 fuerint,
3614 2475 3737 2536 post

2138 2554 2457 2622 baptismum
2490 2558 2798 2612 ordinentur
2818 2557 2886 2611 ab
2906 2559 3157 2626 episc0po
3180 2558 3433 2613 Ecclesiae
3458 2576 3471 2609 :
3491 2557 3581 2612 sin
3605 2571 3739 2613 vero

2136 2645 2399 2702 discussio
2444 2664 2538 2703 eos
2588 2652 2764 2704 minus
2813 2649 3036 2704 idoneos
3081 2649 3367 2715 invenerit,
3401 2650 3603 2720 deponi
3642 2663 3738 2705 eos

2138 2741 2405 2794 convenit.
2461 2740 2719 2795 Similiter
2770 2750 2948 2795 autem
2999 2747 3055 2795 et
3079 2741 3148 2797 de
3188 2741 3497 2797 diaconibus
3530 2754 3586 2797 et
3618 2756 3739 2796 om-

2140 2833 2268 2886 nino
2298 2834 2367 2888 de
2399 2833 2480 2887 bis
2510 2834 2596 2902 qui
2629 2834 2679 2887 in
2731 2833 2923 2888 eodem
2971 2848 3177 2889 canone
3218 2844 3613 2889 conversantur
3651 2849 3742 2889 ea-

2141 2923 2261 2979 dem
2296 2926 2459 2978 lorma
2489 2923 2804 2980 servabitur.
2836 2924 3172 2980 Meminimus
3224 2935 3401 2980 autem
3432 2926 3499 2980 de
3551 2926 3741 2980 diaco-

2144 3017 2320 3087 nissis,
2355 3034 2472 3087 qua:
2498 3018 2549 3071 in
2577 3018 2761 3074 eadem
2785 3018 2961 3088 specie
2983 3029 3108 3073 sunt
3134 3018 3257 3086 quia
3288 3032 3477 3072 manus
3519 3019 3744 3085 imposi-

2143 3109 2341 3163 tionem
2370 3108 2600 3173 aliquam
2632 3124 2741 3165 non
2782 3110 3002 3178 habent,
3035 3121 3090 3165 ut
3142 3111 3364 3166 omnino
3394 3112 3537 3166 inter
3578 3111 3745 3166 laicas

454 3220 628 3289 magni
660 3183 868 3272 concilii
914 3183 1278 3269 definitionem
1325 3210 1430 3263 tale
1459 3183 1654 3279 ahquid
1696 3204 2039 3261 attentaverit
2066 3183 2112 3246 ε
2147 3214 2539 3274 computentur.

457 3320 547 3365 aut
585 3324 704 3364 sese
734 3307 943 3361 dederit
986 3305 1220 3373 negotio,
1252 3300 1550 3357 cassabitur
1598 3296 1903 3353 omnimodo
1946 3297 2040 3349 hu-

452 3402 685 3471 jusmodi
734 3397 1078 3463 machinatio,
1110 3404 1166 3450 et
1214 3393 1523 3449 restituetur
1562 3389 1805 3445 ecclesias
1850 3389 1899 3441 in
1937 3402 2040 3455 qua

456 3502 547 3549 aut
568 3492 851 3562 episcopus
877 3499 968 3545 aut
994 3494 1275 3559 presbyter
1297 3493 1389 3540 aut
1414 3484 1673 3540 diaconus
1701 3482 1872 3536 luerat
1899 3479 2043 3535 ordi-

454 3594 631 3642 natus.

457 3679 597 3735 XVI.
629 3676 707 3733 De
733 3677 812 3732 his
837 3677 923 3747 qui
951 3676 1004 3729 in
1026 3674 1246 3729 ecclesiis
1266 3671 1373 3725 suis
1397 3670 1449 3724 in
1473 3668 1651 3738 quibus
1681 3664 1898 3737 promoti
1928 3670 2045 3717 sunt

1053 3783 1154 3819 non
1178 3773 1459 3819 morantur.

532 3860 589 3917 Si
611 3861 700 3931 qui
732 3860 882 3915 facile
904 3874 961 3913 se
985 3857 1233 3928 periculis
1257 3857 1577 3924 ingerentes,
1604 3864 1775 3919 neque
1798 3848 2041 3902 timorem

461 3953 557 4010 Dei
589 3962 711 4006 ante
754 3951 939 4005 oculos
988 3950 1268 4014 habentes,
1310 3960 1482 4013 neque
1510 3941 1923 3998 ecclesiasticum
1954 3952 2046 3990 ca-

460 4057 657 4098 nonem
686 4042 938 4105 scientes,
972 4041 1252 4095 discedunt
1281 4039 1347 4094 ab
1376 4038 1596 4092 ecclesia
1631 4035 1927 4106 presbyteri
1957 4042 2049 4087 aut

464 4134 673 4190 diaconi
704 4143 795 4188 aut
825 4134 1124 4203 quicunque
1151 4141 1272 4183 sunt
1311 4130 1363 4183 in
1396 4143 1601 4183 canone
1630 4127 1925 4191 constituti,
1962 4126 2046 4179 isti

466 4228 611 4281 nullo
642 4226 800 4279 modo
824 4224 1021 4291 suscipi
1046 4223 1273 4277 debeant
1294 4221 1360 4273 ab
1390 4220 1491 4273 alia
1521 4218 1744 4273 ecclesia
1774 4240 1787 4283 δ
1819 4216 1909 4271 sed
1933 4230 2046 4269 om-

464 4331 586 4373 nem
616 4318 693 4372 eis
723 4316 1095 4371 necessitatem
1130 4313 1328 4382 imponi
1369 4318 1584 4380 oportet
1614 4317 1670 4361 ut
1709 4308 1772 4361 ad
1805 4306 2046 4376 proprias

460 4409 740 4481 parochias
775 4413 1110 4463 revertantur
1143 4422 1155 4459 :
1190 4403 1485 4473 pertinaces
1530 4407 1706 4454 autem
1732 4410 2044 4453 excommu-

461 4501 671 4554 nicatos
699 4512 818 4552 esse
844 4503 1076 4564 oportet.
1105 4493 1159 4548 Si
1183 4501 1358 4546 autem
1382 4489 1573 4559 aliquis
1600 4503 1729 4542 ausu
1760 4484 2047 4540 temerario

2574 3292 2689 3349 XX.
2723 3293 2800 3348 De
2836 3293 3082 3361 ﬂectendo
3112 3308 3299 3364 genua.

2216 3390 2475 3457 Quoniam
2523 3398 2659 3453 sunt
2690 3389 2904 3458 quidam
2954 3388 3042 3455 qui
3082 3386 3168 3441 die
3200 3386 3473 3442 dominico
3520 3388 3751 3445 flectunt

2144 3499 2316 3555 genua
2347 3492 2403 3538 et
2435 3484 2626 3537 diebus
2658 3480 3025 3550 Pentecostes,
3073 3480 3272 3548 placuit
3315 3481 3382 3536 de
3411 3481 3514 3535 hoc
3543 3492 3749 3538 sancite

2146 3585 2201 3630 et
2230 3590 2433 3643 magntn
2477 3573 2681 3644 synodo
2727 3581 2947 3627 cunctos
2994 3573 3049 3625 in
3092 3572 3339 3625 omnibus
3382 3571 3517 3627 locis
3548 3587 3749 3629 conso-

2148 3678 2337 3724 nanter
2362 3677 2414 3724 et
2446 3665 2844 3723 consentienter
2888 3672 3094 3719 stantes
3128 3664 3411 3720 Dominum
3444 3680 3609 3723 orare
3657 3666 3750 3721 de-

2146 3763 2293 3817 bere.

2220 3851 2521 3922 Expliciunt
2541 3848 2756 3904 decreta
2778 3848 2989 3903 concilii
3018 3847 3241 3902 Nicteni.

2217 3944 2483 3998 Praeterea
2529 3940 2780 3994 statuitur
2823 3942 2876 3994 in
2905 3941 3005 3993 hoc
3043 3938 3291 4003 concilio,
3324 3945 3385 3991 ut
3421 3936 3749 3993 diaconissa

2148 4048 2266 4104 quae
2290 4046 2481 4087 manus
2514 4031 2908 4100 impositionem
2956 4044 3065 4083 non
3108 4029 3378 4097 accipiunt
3406 4030 3556 4083 inter
3586 4030 3750 4084 laicaa

2148 4126 2490 4194 deputentur.
2542 4124 2706 4193 Igitur
2771 4121 3014 4192 episcopi
3064 4134 3185 4175 cum
3237 4121 3306 4175 de
3359 4120 3445 4174 bis
3494 4119 3750 4175 omnibus

2151 4224 2307 4283 prout
2351 4216 2651 4269 divinarum
2703 4214 2876 4285 legum
2931 4214 3236 4269 reverentia
3275 4222 3605 4281 peposcerat
3655 4210 3753 4265 tle-

2147 4310 2457 4372 crevissent,
2489 4308 2582 4363 sed
2613 4316 2668 4363 et
2694 4307 2761 4362 de
2789 4306 3167 4361 observatione
3206 4304 3420 4373 paschae
3466 4305 3751 4371 antiquum

2148 4414 2407 4454 canonem
2432 4414 2527 4467 per
2551 4414 2708 4467 quem
2742 4398 2883 4451 nulla
2915 4396 2984 4451 de
3025 4396 3230 4463 reliquo
3252 4394 3482 4448 varietas
3521 4394 3754 4448 oriretur

2150 4489 2394 4543 ecclesiis
2419 4500 2658 4541 sanctum
2689 4487 2971 4542 concilium
3006 4485 3331 4549 tradidisset,
3364 4482 3625 4539 omnibus
3656 4483 3755 4539 rite

464 4588 791 4656 subripuerit
839 4587 904 4639 ad
950 4586 1171 4637 alterum
1218 4581 1569 4651 pertinentem
1624 4587 1679 4632 et
1719 4575 2047 4631 ordinaverit
2076 4555 2129 4614 D
2153 4582 2425 4652 dispositis
2487 4581 2846 4636 Ecclesiarum
2878 4596 2979 4650 pax
3004 4588 3061 4634 ει
3089 4578 3220 4634 ﬁdes
3247 4578 3301 4631 in
3325 4576 3569 4633 Orienti.
3596 4588 3754 4648 atque

458 4682 519 4737 .in
569 4692 663 4735 sua
709 4677 950 4745 ecclesia,
1000 4691 1103 4730 nou
1152 4676 1520 4730 consentiente
1569 4670 1821 4739 episcOpo
1864 4682 1892 4719 a
1943 4679 2048 4736 quo

465 4772 787 4827 discesserat
813 4768 1041 4824 clericus
1064 4768 1149 4836 qui
1182 4766 1233 4821 in
1260 4778 1466 4819 canone
1491 4761 1812 4825 continetur,
1839 4757 2049 4812 infirma

464 4866 535 4921 sit
560 4862 863 4935 huiusmodi
887 4876 1072 4915 manus
1099 4857 1387 4927 impositio.

680 4952 841 5009 XVII.
879 4952 951 5005 De
992 4950 1189 5003 clericis
1214 4949 1301 5016 qui
1348 4960 1528 5000 usuras
1566 4945 1835 5012 accipiunt.

541 5047 800 5115 Quoniam
832 5043 1014 5113 plures
1059 5042 1112 5094 in
1155 5052 1359 5094 canone
1394 5034 1668 5091 constituti
1708 5031 2053 5099 cupiditatem

473 5146 529 5195 et
556 5138 707 5191 lucra
737 5134 907 5201 turpia
940 5138 1230 5193 sectantur,
1260 5128 1518 5197 oblitique
1542 5133 1741 5180 sancta:
1768 5122 2056 5187 Scriptum

470 5228 700 5287 dicentis
730 5244 744 5279 :
780 5224 879 5291 Qui
899 5223 1167 5291 pecuniam
1196 5237 1341 5274 suam
1380 5237 1483 5273 non
1529 5219 1668 5272 dedit
1713 5217 1779 5269 ad
1820 5229 2052 5277 usuram,

470 5336 593 5378 cum
638 5317 947 5373 fenerantur
974 5314 1094 5368 aliis
1140 5312 1461 5368 centesimas
1490 5311 1749 5379 exigunt;
1778 5308 1919 5377 iuste
1957 5314 2057 5358 sta-

474 5414 575 5469 tuit
604 5418 843 5467 sanctum
871 5417 925 5463 et
953 5419 1203 5476 magnum
1232 5403 1539 5467 concilium,
1565 5410 1619 5455 nt
1645 5403 1689 5457 si
1718 5403 1835 5471 quis
1872 5399 2056 5453 inven-

474 5514 560 5561 tus
602 5500 764 5558 fuerit
808 5508 929 5570 post
976 5498 1113 5552 banc
1160 5495 1524 5551 definitionem
1566 5508 1752 5548 usuras
1790 5490 2057 5559 accipiens

476 5603 534 5651 et
572 5602 596 5631 ι
640 5590 785 5647 aliud
815 5588 941 5661 quid
982 5586 1290 5656 escogitans
1321 5585 1489 5655 turpis
1521 5583 1648 5637 lucri
1685 5583 1841 5656 174
1868 5582 2055 5654 gratia,

476 5686 758 5755 abjiclatur
779 5700 806 5737 a
831 5682 978 5739 clero
1005 5690 1063 5736 et
1088 5681 1291 5736 alienus
1324 5695 1351 5734 a
1379 5692 1587 5734 canone
1610 5679 1698 5733 sit.

551 5854 577 5884 ι
606 5842 723 5911 ΑΞ..
750 5843 811 5899 B.
842 5842 931 5913 8.,
960 5837 1024 5897 Ε.
1050 5838 1106 5907 δ,
1134 5836 1224 5905 U.,
1251 5836 1342 5904 ϐ..
1369 5842 1476 5891 aut.

2149 4671 2453 4727 Occidentis
2489 4672 2730 4738 partibus
2764 4685 2863 4723 uua
2900 4669 3197 4738 eademque
3242 4677 3454 4722 servata
3486 4677 3597 4724 est.
3629 4668 3753 4724 Hae

2150 4762 2217 4817 de
2258 4762 2622 4818 ecclesiastica
2669 4760 2893 4816 historia
2935 4760 3245 4817 necessario
3286 4757 3573 4815 credimus
3613 4759 3754 4815 inse-

2151 4856 2331 4911 renda.

2158 4951 2311 5021 175
2357 4947 2562 5016 Scripta
2605 4946 2838 5021 Aftjcani
2877 4946 3081 5021 concilii
3127 4946 3195 5001 ad
3228 4943 3564 5001 Calatinum
3617 4944 3752 5000 πω.

2684 5017 2857 5072 Rome
2892 5019 3205 5089 episcopatui.

2225 5110 2450 5165 Domino
2478 5108 2832 5164 dilectissimo
2858 5117 2912 5163 et
2942 5106 3243 5163 honorabili
3274 5105 3424 5163 fratri
3450 5104 3752 5164 Calestino

2152 5201 2422 5269 Aurelius,
2471 5200 2803 5265 Valentinus,
2846 5199 3140 5266 Antonius,
3173 5197 3363 5263 Tutus,
3394 5196 3609 5254 Servus
3634 5196 3750 5263 Dei,

2155 5294 2461 5358 Terentius,
2487 5290 2835 5359 Fortunatus,
2858 5290 3139 5358 Martinus,
3164 5288 3478 5354 Januarius,
3501 5289 3750 5360 Optatus,

2157 5387 2408 5443 Celticius
2438 5384 2524 5459 [Τ.
2554 5385 2606 5450 1,
2637 5384 2695 5451 2,
2735 5381 3096 5456 Celesticius],
3146 5382 3407 5448 Donatus,
3460 5381 3750 5447 Theasius,

2156 5476 2491 5543 Vincentius,
2539 5476 2953 5533 Fortunatianns
2998 5474 3142 5548 [κΕη
3175 5470 3530 5548 Fortunatus]
3570 5483 3747 5533 etea-

2159 5570 2258 5625 teri
2292 5570 2382 5641 qui
2416 5572 2468 5624 in
2519 5568 2810 5626 universali
2856 5566 3109 5623 Africano
3149 5565 3385 5627 concilio
3421 5563 3747 5637 Carthagine

2159 5660 2418 5717 adfuimus
2448 5678 2461 5691 υ
