3870 6338
168 363 248 421 2‘25
1004 336 1284 397 ΑΡΜοΕ
1324 331 1671 393 CONCILIA.
1713 356 1785 372 -
1825 320 2411 388 CARTHAGINENSE
2454 318 2545 376 Vl.

3330 308 3438 365 9.26

124 471 177 487 ‘
219 476 502 542 Optaremus
550 465 598 522 si
624 457 1086 535 quemadmodum
1115 456 1374 511 sanctitas
1406 462 1495 507 tua
1529 452 1598 507 de
1630 450 1724 506 ad-
1753 453 1799 511 Α
1830 448 1979 505 ribus
2027 447 2241 502 clericis
2290 442 2374 497 vel
2427 440 2495 495 de
2548 434 2695 491 laicis
2743 433 2954 488 videtur
2999 430 3073 488 ibi
3121 436 3436 500 praecaveri,

166 575 291 623 ventu
315 560 501 632 Apiarii
530 558 743 613 laetatos
774 568 871 609 vos
898 550 1066 607 fuisse
1098 548 1277 604 missis
1319 563 1413 616 per
1447 560 1729 616 compres-

166 660 364 729 byterutn
391 662 629 709 nostrum
679 649 921 703 Leonem
970 642 1161 698 litteris
1194 639 1482 703 intimavit,
1529 639 1600 691 ita
1630 651 1729 692 nos

164 766 339 821 quoque
378 750 441 804 de
486 744 604 814 ejus
633 740 957 813 purgatione
988 735 1105 790 bace
1136 733 1336 801 scripta
1365 746 1487 785 cum
1545 730 1730 784 laetitia

165 846 457 899 mitteremus
488 858 501 893 :
532 846 681 893 esset
710 834 955 906 profecto
981 840 1035 885 et
1068 838 1247 883 nostra
1280 837 1332 883 et
1361 835 1538 881 Vestra
1570 824 1731 878 modo

163 936 372 989 alacritas
412 930 634 995 certior,
669 941 769 981 nec
802 935 1149 995 praepropera
1180 917 1453 973 videretur
1480 932 1602 986 quae
1633 913 1729 968 ad-
1770 968 1773 969 ν

166 1028 248 1081 huc
264 1026 322 1082 de
348 1022 604 1079 audiendo
632 1035 793 1090 quam
827 1018 896 1072 de
934 1014 1119 1069 auditu
1151 1022 1525 1083 praecesserat.
1557 1009 1732 1062 Adve-

165 1120 311 1177 niente
354 1133 476 1172 sane
524 1115 593 1169 ad
620 1130 722 1169 nos
749 1120 937 1166 sancto
966 1110 1133 1162 fratre
1162 1116 1216 1161 et
1254 1107 1513 1175 episcopo
1540 1114 1731 1156 nostro

163 1214 398 1275 Faustino,
425 1210 715 1265 concilium
740 1203 1191 1275 congregavimus
1220 1212 1273 1255 et
1300 1199 1575 1253 credimus
1608 1197 1732 1251 ideo

162 1318 257 1359 cum
295 1304 381 1357 illo
420 1301 666 1367 missum,
712 1300 966 1368 quoniam
1018 1296 1159 1350 sicut
1210 1308 1303 1362 per
1345 1291 1463 1360 ejus
1510 1304 1730 1358 operam
1762 1333 1776 1347 .

163 1394 459 1464 presbyterio
485 1400 649 1447 antea
682 1390 924 1445 redditus
955 1388 1148 1451 fuerat,
1192 1386 1264 1438 ita
1295 1398 1437 1438 nunc
1470 1384 1636 1452 possit
1666 1382 1733 1435 de

164 1487 294 1540 tantis
321 1485 629 1540 criminibus
674 1499 703 1537 α
732 1480 1071 1537 Tabracenis
1100 1477 1331 1546 objectis
1357 1492 1423 1530 eo
1454 1477 1734 1531 laborante

162 1582 367 1649 purgari;
399 1580 549 1647 cujus
577 1584 725 1631 tanta
753 1590 815 1630 ac
846 1585 953 1628 tam
998 1571 1252 1626 immania
1304 1570 1507 1637 ﬂagitia
1532 1570 1733 1624 decur-

164 1684 259 1723 sum
286 1670 442 1725 nostri
464 1668 683 1725 concilii
722 1680 949 1722 examen
979 1663 1205 1727 invenit,
1240 1670 1297 1714 ut
1337 1661 1620 1715 memorati
1650 1675 1736 1729 pa-

165 1761 408 1815 trocinium
440 1760 617 1829 potius
649 1773 808 1827 quam
839 1756 1099 1825 judicium
1129 1769 1191 1808 ac
1232 1752 1537 1807 defensoris
1565 1752 1736 1821 magis

1834 555 2034 616 quanto
2065 540 2237 611 magis
2285 540 2386 594 hoc
2417 536 2484 591 de
2514 530 2782 605 episcopis
2830 528 2997 584 voluit
3042 528 3342 594 observari,
3372 541 3441 582 ne

1836 639 1889 693 in
1917 653 2013 691 sua
2045 634 2317 705 provincia
2352 647 2380 684 a
2410 627 2792 683 communione
2837 618 3083 689 suspensi
3132 635 3162 673 a
3204 629 3290 672 tua
3318 633 3443 672 san-

1835 727 2021 782 ctitate
2070 736 2416 795 praeprOpere
2464 719 2546 773 vel
2597 715 2834 771 indebite
2881 712 3162 767 videantur
3200 725 3439 764 commu-

1835 819 1981 875 nioni
2013 816 2257 874 restitui?
2290 814 2737 883 Presbyterorum
2767 824 2979 879 quoque
3007 815 3063 862 et
3104 817 3441 874 consequen-

1837 912 1972 966 tium
2004 911 2323 965 clericorunt
2376 905 2618 975 improba
2664 903 2886 970 refugio,
2942 899 3080 955 sicut
3128 908 3178 953 te
3225 897 3445 966 dignum

1835 1016 1940 1070 est,
1976 1003 2208 1073 repellat
2257 1002 2515 1055 sanctitas
2548 1007 2659 1064 tua,
2692 998 2817 1067 quia
2844 1004 2897 1049 et
2928 992 3072 1049 nulla
3116 1001 3323 1060 patrum
3355 992 3447 1045 de-

1836 1096 2079 1153 finitione
2126 1097 2227 1151 hoc
2282 1092 2538 1149 Ecclesia:
2569 1092 2889 1161 derogatum
2941 1097 3024 1142 est
3071 1084 3361 1149 Africanas,
3394 1094 3450 1139 et

1836 1190 2051 1245 decreta
2097 1188 2314 1243 Nicaeus
2362 1186 2475 1240 sive
2508 1182 2780 1238 inferioris
2828 1179 3026 1250 gradus
3068 1179 3299 1233 clericos
3336 1178 3450 1231 sive

1835 1283 1984 1353 ipsos
2011 1283 2299 1351 episcopos
2330 1278 2439 1332 suis
2469 1272 2900 1343 metropolitanis
2928 1269 3267 1339 apertissime
3296 1283 3448 1329 com,-

1836 1375 2119 1428 miserunt.
2154 1370 2579 1427 Prudentissime
2607 1369 2749 1422 enim
2770 1364 3177 1434 justissimeque
3205 1361 3453 1415 viderunt

1838 1482 2171 1538 quaecunque
2199 1464 2411 1534 negotia
2456 1465 2507 1517 itt
2548 1462 2660 1515 suis
2692 1461 2821 1515 locis
2852 1459 2941 1513 ubi
2962 1466 3079 1512 orta
3107 1465 3233 1509 sunt
3257 1454 3453 1508 finiena

1836 1561 1925 1626 da,
1963 1576 2060 1614 nec
2093 1558 2384 1628 unicuique
2421 1553 2771 1623 providentia:
2813 1552 3040 1622 gratiam
3072 1546 3240 1603 sancti
3281 1546 3451 1615 Spiri-

1839 1662 1923 1708 tus
1953 1652 2279 1718 defuturam,
2316 1665 2417 1720 qua
2450 1649 2679 1717 aequitas
2708 1662 2737 1701 a
2766 1644 2967 1700 Christi
3000 1641 3374 1697 sacerdotibus
3398 1646 3455 1694 et

1840 1752 2137 1822 prudenter
2161 1748 2403 1803 videatur
2425 1757 2477 1802 et
2501 1744 2941 1801 constantissime
2964 1750 3243 1803 teneatur;
3275 1736 3454 1791 maxi-

162 1869 344 1921 operam
364 1868 519 1924 quam
542 1850 934 1921 disceptatoris
955 1846 1215 1919 justitiam
1236 1854 1575 1915 superarent.
1600 1843 1732 1899 Nam
1767 1829 1817 1891 Β
1843 1861 1931 1901 me
1960 1846 2081 1916 quia
2114 1844 2399 1911 unicuique
2423 1854 2740 1896 concessum
2784 1848 2886 1903 est,
2919 1838 2962 1890 si
2989 1834 3190 1904 judicio
3218 1830 3456 1885 offensus

163 1948 356 2016 primum
400 1956 665 2015 quantum
710 1942 983 1999 obstiterit
1032 1940 1178 1995 omni
1211 1936 1611 2007 congregationi
1654 1936 1737 1991 di-

162 2052 315 2093 versas
356 2038 582 2108 injurias
631 2038 953 2107 ingerendo,
989 2034 1139 2101 quasi
1184 2032 1440 2087 Ecclesia:
1479 2030 1737 2085 Romana:

163 2151 371 2191 asserens
400 2136 677 2205 privilegia
710 2143 765 2187 et
792 2134 982 2187 volens
1011 2144 1133 2184 eum
1160 2143 1189 2181 a
1227 2126 1384 2181 nobis
1415 2127 1465 2179 in
1494 2140 1739 2179 commn-

164 2228 341 2282 nionem
370 2229 591 2297 suscipi,
625 2241 789 2294 quem
844 2235 929 2277 tua
977 2221 1233 2276 sanctitas
1282 2218 1510 2273 credens
1555 2216 1739 2286 appel-

166 2320 299 2385 lasse,
329 2318 463 2387 quod
497 2320 733 2389 probare
779 2332 884 2370 non
919 2314 1117 2383 potuit,
1154 2310 1521 2366 communioni
1553 2310 1735 2363 reddi-

167 2409 296 2476 derit,
327 2412 458 2479 quod
493 2410 722 2464 minime
755 2419 932 2463 tamen
968 2406 1141 2473 licuit,
1192 2404 1332 2473 quod
1364 2404 1523 2456 etiam
1558 2411 1736 2471 gesto-

165 2518 258 2558 ruui
316 2506 495 2559 melius
553 2505 790 2559 lectione
846 2515 1162 2568 cognosces.
1227 2497 1497 2551 Triduano
1558 2504 1738 2551 tamen

166 2594 542 2651 laboriosissimo
595 2598 797 2666 agitato
843 2596 1085 2664 judicio,
1140 2606 1260 2646 cum
1290 2590 1504 2644 diversa
1564 2589 1739 2644 eidem

166 2686 337 2756 objecta
401 2689 726 2743 tfﬂictissimi
770 2699 1166 2757 quaereremus,
1196 2683 1281 2737 vel
1331 2696 1509 2735 moras
1561 2683 1743 2749 coepi-

166 2782 286 2845 scopi
315 2781 475 2833 nostri
503 2778 750 2833 Faustini
776 2780 858 2830 vel
890 2774 1365 2843 tergiversationes
1389 2772 1556 2840 ipsius
1583 2772 1743 2839 Apia-

167 2870 233 2934 rii,
256 2872 430 2939 quibus
457 2870 725 2925 nefandas
758 2867 1114 2937 turpitudines
1143 2865 1391 2918 occulere
1420 2862 1740 2928 conabatur,

169 2957 277 3013 Deus
300 2961 454 3029 judex
495 2962 702 3029 justus,
736 2958 887 3013 fortis
918 2967 974 3013 et
1021 2956 1343 3026 longanimis
1374 2969 1566 3023 magno
1594 2968 1743 3006 cont-

167 3052 326 3119 pendio
351 3054 639 3107 resecavit.
673 3050 921 3106 Tetriore
948 3050 1146 3119 quippe
1191 3062 1253 3100 ac
1284 3047 1549 3113 putidiore
1579 3044 1745 3098 obsti-

168 3147 345 3199 natione
388 3159 726 3216 compressa,
770 3159 891 3214 quae
934 3151 1138 3196 tantum
1202 3139 1481 3193 libidinum
1527 3152 1741 3192 caenum

1840 1938 2006 1993 fuerit
2045 1936 2411 2007 cognitorum,
2463 1935 2527 1987 ad
2582 1931 2809 1986 concilia
2865 1945 2976 1984 sua:
3025 1926 3318 1998 provincia:
3370 1923 3457 1979 vel

1841 2033 2002 2086 etiam
2037 2029 2343 2084 universale
2376 2038 2711 2093 provocare;
2748 2021 2847 2074 nisi
2881 2020 3015 2073 forte
3046 2018 3325 2087 quisquam
3374 2023 3458 2070 est

1842 2125 1932 2195 qui
1962 2123 2142 2179 credat
2174 2119 2490 2176 unicuilibet
2523 2132 2680 2186 posse
2721 2116 2887 2169 Deum
2918 2123 3161 2167 nostrum
3193 2110 3457 2165 examinis

1844 2216 2112 2285 inspirare
2136 2214 2427 2284 juStitiam,
2451 2221 2505 2264 et
2528 2206 3010 2264 innumerabilibus
3033 2203 3372 2273 congregatis
3403 2201 3458 2257 itt

1844 2313 2127 2369 concilium
2152 2309 2521 2366 sacerdotibus
2539 2306 2831 2375 denegare.
2850 2306 2955 2356 Aut
2975 2300 3247 2369 quomodo
3273 2297 3449 2366 ipsum

1845 2406 2266 2463 transmarinum
2314 2402 2573 2471 judicium
2608 2408 2783 2452 ratum
2816 2397 2941 2460 erit,
2972 2394 3036 2447 ad
3069 2393 3209 2463 quod
3247 2392 3458 2446 testium

1847 2498 2170 2554 necessariae
2221 2510 2465 2564 personae
2519 2493 2603 2547 vel
2649 2498 2871 2558 propter
2910 2501 3069 2541 sexus
3116 2488 3197 2539 vel
3222 2496 3460 2553 .prOpIer

1847 2593 2143 2647 senectutis
2175 2590 2541 2643 infirmitatem
2572 2584 2655 2638 vel
2689 2581 2870 2635 multis
2902 2580 3024 2633 aliis
3051 2578 3459 2633 intercurrenti-

1849 2683 1950 2737 bus
1998 2679 2401 2750 impedimentis
2445 2676 2637 2731 adduci
2692 2689 2797 2728 non
2850 2679 3100 2742 poterunt
3130 2668 3195 2720 ﬁl2’
3224 2669 3355 2721 Nam
3408 2676 3463 2721 ut

1849 2774 2011 2843 aliqui
2061 2784 2312 2841 tanquam
2366 2787 2393 2823 a
2448 2783 2550 2823 tua:
2598 2768 2897 2822 sanctitatis
2948 2765 3113 2817 latere
3162 2764 3461 2827 mittantur,

1850 2868 1995 2922 nulla
2048 2868 2353 2922 invenimus
2406 2875 2613 2931 patrum
2664 2863 2874 2934 synodo
2924 2861 3293 2914 constitutum.
3330 2858 3462 2921 Quia

1852 2960 1983 3013 illud
2009 2961 2149 3029 quod
2176 2958 2377 3027 pridem
2402 2973 2493 3026 per
2521 2957 2771 3009 eumdem
2801 2954 3182 3023 coepiscopum
3217 2962 3459 3003 nostrum

1853 3050 2170 3103 Faustinum
2206 3059 2457 3118 tanquam
2491 3064 2553 3102 ex
2592 3058 2749 3115 parte
2783 3046 2988 3100 Nicami
3021 3044 3234 3099 concilii
3268 3041 3464 3095 exinde

1854 3141 2246 3206 transmisistis,
2280 3142 2329 3194 in
2363 3141 2607 3195 conciliis
2652 3140 2948 3193 verioribus
2979 3154 3099 3206 quae
3128 3137 3466 3201 accipiuntur

170 3233 454 3306 impudentia
507 3238 816 3306 negationis
865 3234 1080 3289 volebat
1123 3233 1378 3300 obruere,
1411 3231 1518 3283 Deo
1560 3240 1745 3282 nostro
1775 3200 1820 3263 Ο
1852 3231 2053 3286 Νίοςυηὶ
2097 3247 2126 3284 a
2177 3243 2365 3285 sancto
2408 3231 2614 3300 Cyrillo
2644 3232 2965 3300 coepiscopo
3006 3238 3192 3283 nostro
3234 3228 3466 3283 Alexan-

169 3329 258 3396 ejus
281 3334 665 3387 conscientiam
699 3338 1010 3385 coarctante
1041 3326 1161 3399 ψ..
1190 3324 1285 3393 6.,
1320 3321 1665 3394 coltortante]
1696 3331 1748 3376 et

171 3425 366 3492 occulta,
412 3442 532 3497 qua:
590 3427 645 3480 in
695 3425 840 3479 illius
887 3423 1051 3477 corde
1090 3434 1342 3490 tanquam
1386 3418 1438 3471 in
1470 3415 1748 3471 volutabro

170 3516 408 3571 criminum
451 3519 563 3587 jam
617 3516 952 3581 damnabat,
1007 3514 1168 3567 etiam
1211 3509 1519 3565 hominibus
1577 3506 1749 3575 publi-

170 3620 316 3671 cante,
356 3618 580 3676 repente
614 3609 666 3661 in
714 3606 1111 3662 confessionem
1155 3610 1475 3657 cunctorum
1511 3599 1751 3667 objecto-

171 3715 263 3753 rum
292 3701 678 3771 flagitiosorum
711 3701 933 3755 dolosus
966 3707 1189 3769 negator
1222 3697 1422 3765 erupit,
1450 3703 1503 3749 et
1536 3698 1749 3748 tandem

170 3791 224 3843 tle
262 3794 497 3848 omnibus
550 3792 964 3849 incredibilibus
1013 3786 1320 3858 opprobriis
1368 3786 1646 3840 ultroneus
1694 3800 1753 3839 se

171 3880 264 3947 ipse
298 3885 560 3951 convicit,
611 3894 776 3953 atque
824 3883 998 3950 ipsam
1032 3894 1247 3949 quoque
1285 3887 1525 3932 nostram
1577 3892 1749 3945 spem,

173 3986 255 4039 qua
280 3989 393 4030 eum
424 3975 573 4049 [ΑΞ.ι
602 3973 859 4047 quacum]
889 3986 944 4030 et
967 3976 1327 4029 credebamus
1352 3981 1406 4026 et
1436 3972 1755 4040 optabamus

175 4064 228 4119 de
252 4076 343 4122 tam
370 4068 641 4139 pudendis
674 4083 835 4138 posse
866 4066 1083 4137 purgari
1116 4065 1365 4129 maculis,
1398 4063 1660 4117 convertit
1704 4065 1753 4115 in

174 4162 392 4228 gemitus,
422 4162 527 4216 nisi
551 4163 813 4231 quoniam
841 4162 999 4213 istam
1030 4165 1274 4212 nostram
1308 4155 1620 4210 mmstitiam
1652 4168 1756 4207 nno

179 4251 311 4323 ινδ
338 4263 546 4309 tantum
600 4253 799 4308 solatio
850 4249 1139 4320 mitigavit,
1174 4249 1315 4318 quod
1356 4259 1410 4302 et
1440 4262 1537 4302 nos
1578 4246 1758 4303 labore

174 4342 494 4401 diuturnioris
537 4344 858 4416 quastionis
904 4342 1159 4409 absolvit,
1201 4354 1251 4398 et
1302 4344 1415 4397 suis
1446 4341 1757 4396 vulneribus

174 4435 571 4506 qualemcunque
628 4436 916 4502 medelam,
970 4436 1071 4490 etsi
1114 4435 1279 4489 invita
1332 4434 1432 4488 bac
1479 4449 1591 4488 suae
1633 4449 1759 4488 con-

174 4530 384 4584 serentis:
432 4530 742 4583 reluctante
790 4526 1135 4583 confessione
1164 4566 1177 4591 ,
1239 4524 1499 4595 providit,
1547 4525 1760 4580 domine

178 4622 337 4675 frater.
364 4620 605 4675 Prafato
650 4620 831 4689 itaque
860 4619 1057 4673 debitae
1087 4615 1421 4671 salutationis
1453 4614 1629 4669 officio
1661 4617 1759 4669 im-

178 4715 458 4778 pendiosius
492 4714 872 4783 deprecamur,
906 4720 963 4766 ut
990 4711 1247 4777 deinceps
1275 4709 1340 4763 ad
1365 4718 1571 4763 vestras
1601 4723 1760 4763 aures

179 4800 278 4855 hinc
304 4806 582 4859 venientes
615 4819 721 4858 non
769 4803 983 4857 facilius
1029 4799 1344 4864 adntittatis,
1396 4814 1492 4854 nec
1539 4814 1567 4852 a
1610 4800 1761 4855 nobis

179 4898 650 4952 «communicatos
678 4895 732 4949 in
759 4894 1199 4950 communionem
1232 4892 1369 4947 ultra
1402 4890 1578 4945 velitis
1608 4892 1762 4945 exci-

180 4999 306 5058 pere,
334 4992 456 5060 quia
509 4990 617 5044 hoc
664 4991 829 5043 etiam
862 4988 1081 5042 Nicreno
1110 4984 1339 5040 concilio
1368 4983 1645 5037 definitum
1688 4984 1766 5035 fa-

180 5080 264 5135 cile
288 5084 527 5139 advertat
556 5082 938 5140 venerabilitas
968 5092 1058 5137 tua
1093 5099 1105 5135 :
1140 5095 1263 5135 nam
1297 5077 1397 5135 etsi
1437 5078 1506 5134 de
1545 5076 1764 5132 inferio-

239 5251 263 5279 ι
293 5244 364 5298 Ex
392 5244 510 5312 113.,
530 5245 593 5302 Β.
617 5242 682 5298 R.
713 5242 770 5297 In
804 5241 869 5297 A.
892 5250 947 5297 et
976 5240 1195 5311 reliquis
1226 5237 1517 5294 (Iudicibus
1544 5253 1557 5291 :
1589 5243 1761 5307 potue-

183 5326 346 5441 nui‘in
376 5386 627 5441 omnibus
647 5384 935 5442 Codicibus
970 5386 1118 5456 :J'am
1148 5382 1271 5439 άο¹⁰
1298 5397 1318 5437 -'
1349 5396 1470 5454 quae
1496 5388 1769 5455 Murem

186 5471 269 5511 vox
295 5470 349 5516 ut
378 5457 688 5516 redundans
716 5471 782 5513 ex
796 5464 987 5528 puncta
1016 5466 1121 5514 est.

1852 3326 2025 3379 drina:
2050 3325 2299 3379 ecclesia:
2332 3333 2385 3377 et
2414 3338 2441 3377 a
2476 3322 2769 3377 venerabili
2802 3323 2982 3376 Attico
3012 3320 3465 3389 ConSlallliltopO-

1852 3418 2020 3473 litano
2048 3418 2292 3472 antistite
2321 3430 2385 3470 ex
2418 3415 2733 3469 authentico
2764 3416 2963 3482 missis,
2996 3430 3115 3482 qua:
3146 3413 3305 3467 etiam
3345 3422 3468 3467 ante

1855 3512 1957 3568 hoc
1991 3528 2086 3581 per
2120 3511 2488 3566 Innocentium
2520 3510 2895 3581 presbyterum
2920 3521 2972 3564 et
2998 3509 3308 3563 Marcellum
3338 3508 3468 3563 sub-

1855 3609 2161 3672 diaconum,
2198 3621 2294 3676 per
2326 3620 2460 3675 quos
2506 3606 2572 3657 ad
2623 3618 2720 3657 nos
2751 3605 2818 3657 ab
2863 3603 2941 3658 eis
2974 3604 3175 3657 directa
3208 3614 3352 3667 sunt,
3383 3618 3471 3656 rc-

1856 3701 2112 3755 nerabilis
2145 3697 2423 3753 memoriae
2473 3696 2751 3752 Bonifacio
2778 3696 3033 3766 episc0po
3078 3696 3348 3749 decessori
3382 3711 3470 3750 vc-

1856 3806 1968 3849 stro
2000 3808 2029 3848 a
2061 3793 2215 3848 nobis
2248 3808 2341 3863 per
2371 3792 2591 3847 eosdem
2641 3792 2958 3845 transmissa
3010 3802 3157 3856 sunt,
3184 3790 3237 3843 in
3280 3790 3472 3855 quibus

1859 3890 1965 3941 tale
1992 3888 2193 3956 aliquid
2226 3903 2331 3941 non
2358 3886 2632 3955 potuimus
2657 3885 2917 3953 reperire.
2952 3884 3281 3939 Executores
3311 3882 3470 3938 etiam

1859 3982 2086 4037 clericos
2117 3990 2348 4049 vestros,
2382 3979 2655 4049 aliquibus
2686 3976 3015 4048 petentibus,
3049 3975 3213 4030 nolite
3239 3978 3473 4040 mittere,

1861 4081 2026 4133 nolite
2060 4079 2217 4149 3,77
2247 4077 2576 4143 concedere,
2622 4091 2691 4130 ne
2730 4074 2997 4129 fumosum
3031 4072 3250 4143 typhum
3291 4069 3475 4124 saeculi

1862 4172 1915 4225 in
1948 4172 2246 4227 Ecclesiam
2273 4169 2495 4235 Christi,
2533 4186 2650 4239 qua:
2678 4170 2851 4224 lucem
2889 4166 3253 4237 simplicitatis
3289 4173 3343 4219 et
3372 4164 3474 4217 ltu—

1860 4262 2102 4318 militatis
2131 4262 2273 4317 diem
2306 4263 2520 4317 Domini
2557 4262 2741 4317 videre
2786 4260 3125 4328 cupientibus
3178 4256 3365 4323 refert,
3401 4255 3477 4311 vi-

1862 4357 2085 4412 deamus
2134 4357 2410 4411 inducere.
2458 4356 2590 4409 Nam
2648 4358 2716 4409 de
2758 4354 2920 4409 fratre
2970 4364 3155 4407 nostro
3197 4353 3473 4417 Faustino,

1862 4464 2045 4507 amoto
2086 4451 2195 4519 jam
2231 4451 2255 4487 ι’
2288 4467 2386 4520 pro
2436 4452 2549 4505 suis
2596 4449 2843 4505 nefandis
2890 4447 3142 4518 nequitiis
3181 4448 3250 4501 de
3280 4445 3476 4501 Christi

1868 4543 2107 4597 Ecclesia
2146 4541 2381 4595 dolendo
2427 4541 2586 4611 178
2625 4541 2878 4607 Apiario,
2913 4540 3086 4595 securi
3122 4555 3305 4594 sumus
3336 4537 3479 4608 quod

1870 4654 1990 4689 cum
2024 4635 2077 4689 in
2108 4635 2373 4705 pravitate
2408 4645 2454 4694 ε.
2489 4647 2551 4687 ac
2596 4631 2967 4685 moderatione
3014 4642 3117 4684 tute
3157 4629 3476 4696 sanctitatis,

1870 4729 2018 4783 salva
2053 4729 2286 4781 fraterna
2331 4726 2619 4789 cltaritate,
2655 4728 2879 4780 ulterius
2909 4724 3088 4779 Africa
3132 4725 3351 4778 minime
3381 4738 3479 4793 pa-

1873 4822 2053 4875 tiatur.
2092 4820 2159 4874 Et
2189 4821 2291 4874 alia
2331 4832 2493 4873 manu
2527 4836 2541 4870 :
2579 4818 2837 4872 Dominus
2876 4818 3019 4874 Deus
3060 4828 3243 4873 noster
3283 4816 3481 4872 sancti-

1875 4924 2035 4969 tatem
2070 4925 2304 4969 vestram
2329 4930 2444 4967 aevo
2472 4912 2702 4983 longiori
2734 4924 2982 4969 orantem
3012 4928 3108 4983 pro
3130 4913 3285 4969 nobis
3302 4918 3482 4968 custo-

1873 5007 2007 5075 diat,
2036 5007 2252 5063 domine
2286 5006 2464 5061 frater.

1946 5245 1967 5273 ο
1997 5232 2197 5288 Omnes
2247 5229 2474 5286 Codices
2524 5246 2537 5280 :
2584 5227 2637 5281 in
2674 5227 2958 5297 pravitate;
2990 5224 3141 5279 deest
3180 5224 3331 5297 forte
3347 5224 3480 5291 ejus,

1871 5318 1966 5361 aut
1992 5308 2045 5389 in
2089 5304 2339 5373 probitate
2368 5294 2683 5372 legendum,
2708 5310 2766 5354 ut
2790 5298 2841 5354 in
2876 5297 3092 5356 excusis
3123 5306 3179 5352 et
3208 5296 3265 5351 in
3294 5294 3482 5351 Graeca

1873 5393 2146 5436 VCI‘SIODC.
