  <div class='ocr_page' id='page_1' title='image "/cluster/home/n/w/nwhite01/storage/ocr_20150623/84/uva.x000827071/124.png"; bbox 0 0 3870 6334; ppageno 0'>
   <div class='ocr_carea' id='block_1_1' title="bbox 148 331 1733 411">
    <p class='ocr_par' dir='ltr' id='par_1_1' title="bbox 148 336 1733 411">
     <span class='ocr_line' id='line_1_1' title="bbox 148 336 1733 411; baseline -0.01 0"><span class='ocrx_word' id='word_1_1' title='bbox 148 350 234 411; x_wconf 68' lang='grc'><strong>138</strong></span> <span class='ocrx_word' id='word_1_2' title='bbox 1112 339 1394 406; x_wconf 68' lang='lat' dir='ltr'><strong>AFRICE</strong></span> <span class='ocrx_word' id='word_1_3' title='bbox 1431 336 1733 399; x_wconf 73' lang='lat' dir='ltr'><strong>CONCILIA</strong></span> 
     </span>
    </p>
   </div>
   <div class='ocr_carea' id='block_1_2' title="bbox 1905 331 2431 411">
    <p class='ocr_par' dir='ltr' id='par_1_2' title="bbox 1924 331 2431 394">
     <span class='ocr_line' id='line_1_2' title="bbox 1924 331 2431 394; baseline -0.004 -1"><span class='ocrx_word' id='word_1_4' title='bbox 1924 331 2431 394; x_wconf 70' lang='lat' dir='ltr'><strong>MILEVITANUI.</strong></span> 
     </span>
    </p>
   </div>
   <div class='ocr_carea' id='block_1_3' title="bbox 147 447 3457 534">
    <p class='ocr_par' dir='ltr' id='par_1_3' title="bbox 147 447 3457 534">
     <span class='ocr_line' id='line_1_3' title="bbox 147 447 3457 534; baseline -0.006 -11"><span class='ocrx_word' id='word_1_5' title='bbox 147 461 573 530; x_wconf 76' lang='lat' dir='ltr'><strong>desiasticarum,</strong></span> <span class='ocrx_word' id='word_1_6' title='bbox 609 469 671 519; x_wconf 86' lang='lat' dir='ltr'><strong>ut</strong></span> <span class='ocrx_word' id='word_1_7' title='bbox 699 474 861 519; x_wconf 78' lang='lat' dir='ltr'><strong>more</strong></span> <span class='ocrx_word' id='word_1_8' title='bbox 888 463 1229 520; x_wconf 71' lang='lat' dir='ltr'><strong>sacerdotum</strong></span> <span class='ocrx_word' id='word_1_9' title='bbox 1269 462 1563 534; x_wconf 71' lang='lat' dir='ltr'><strong>provincia:</strong></span> <span class='ocrx_word' id='word_1_10' title='bbox 1595 463 1739 518; x_wconf 80' lang='lat' dir='ltr'><strong>idem</strong></span> <span class='ocrx_word' id='word_1_11' title='bbox 1766 459 1821 519; x_wconf 82' lang='grc' dir='ltr'><strong>Δ</strong></span> <span class='ocrx_word' id='word_1_12' title='bbox 1849 464 1953 521; x_wconf 89' lang='lat' dir='ltr'><strong>tur,</strong></span> <span class='ocrx_word' id='word_1_13' title='bbox 1984 457 2104 513; x_wconf 87' lang='lat' dir='ltr'><strong>sive</strong></span> <span class='ocrx_word' id='word_1_14' title='bbox 2145 470 2284 528; x_wconf 90' lang='lat' dir='ltr'><strong>quos</strong></span> <span class='ocrx_word' id='word_1_15' title='bbox 2330 457 2410 512; x_wconf 87' lang='lat' dir='ltr'><strong>eis</strong></span> <span class='ocrx_word' id='word_1_16' title='bbox 2458 454 2721 525; x_wconf 88' lang='lat' dir='ltr'><strong>primatus</strong></span> <span class='ocrx_word' id='word_1_17' title='bbox 2746 452 2984 523; x_wconf 89' lang='lat' dir='ltr'><strong>dederit,</strong></span> <span class='ocrx_word' id='word_1_18' title='bbox 3026 453 3149 511; x_wconf 84' lang='lat' dir='ltr'><strong>sive</strong></span> <span class='ocrx_word' id='word_1_19' title='bbox 3177 470 3315 528; x_wconf 88' lang='lat' dir='ltr'><strong>quos</strong></span> <span class='ocrx_word' id='word_1_20' title='bbox 3347 447 3457 531; x_wconf 84' lang='lat' dir='ltr'><strong>ipsi</strong></span> 
     </span>
    </p>
   </div>
   <div class='ocr_carea' id='block_1_4' title="bbox 148 555 1739 629">
    <p class='ocr_par' dir='ltr' id='par_1_4' title="bbox 148 555 1739 629">
     <span class='ocr_line' id='line_1_4' title="bbox 148 555 1739 629; baseline -0.003 -15"><span class='ocrx_word' id='word_1_21' title='bbox 148 560 225 625; x_wconf 52' lang='lat' dir='ltr'><strong>ipsi</strong></span> <span class='ocrx_word' id='word_1_22' title='bbox 264 560 344 629; x_wconf 87' lang='lat' dir='ltr'><strong>qui</strong></span> <span class='ocrx_word' id='word_1_23' title='bbox 396 556 787 614; x_wconf 74' lang='lat' dir='ltr'><strong>defensionem</strong></span> <span class='ocrx_word' id='word_1_24' title='bbox 846 558 1202 615; x_wconf 74' lang='lat' dir='ltr'><strong>ecclesiarum</strong></span> <span class='ocrx_word' id='word_1_25' title='bbox 1250 556 1595 626; x_wconf 88' lang='lat' dir='ltr'><strong>susceperint</strong></span> <span class='ocrx_word' id='word_1_26' title='bbox 1643 555 1739 610; x_wconf 91' lang='lat' dir='ltr'><strong>ha-</strong></span> 
     </span>
    </p>
   </div>
   <div class='ocr_carea' id='block_1_5' title="bbox 146 648 1739 721">
    <p class='ocr_par' dir='ltr' id='par_1_5' title="bbox 146 648 1739 721">
     <span class='ocr_line' id='line_1_5' title="bbox 146 648 1739 721; baseline -0.004 -14"><span class='ocrx_word' id='word_1_27' title='bbox 146 652 278 707; x_wconf 70' lang='lat' dir='ltr'><strong>beant</strong></span> <span class='ocrx_word' id='word_1_28' title='bbox 326 651 643 706; x_wconf 70' lang='lat' dir='ltr'><strong>facultatem</strong></span> <span class='ocrx_word' id='word_1_29' title='bbox 687 666 786 721; x_wconf 87' lang='lat' dir='ltr'><strong>pro</strong></span> <span class='ocrx_word' id='word_1_30' title='bbox 842 650 1073 721; x_wconf 86' lang='lat' dir='ltr'><strong>negotiis</strong></span> <span class='ocrx_word' id='word_1_31' title='bbox 1113 648 1491 715; x_wconf 81' lang='lat' dir='ltr'><strong>ecclesiarum,</strong></span> <span class='ocrx_word' id='word_1_32' title='bbox 1523 648 1739 718; x_wconf 87' lang='lat' dir='ltr'><strong>quoties</strong></span> 
     </span>
    </p>
   </div>
   <div class='ocr_carea' id='block_1_6' title="bbox 145 741 1740 812">
    <p class='ocr_par' dir='ltr' id='par_1_6' title="bbox 145 741 1740 812">
     <span class='ocr_line' id='line_1_6' title="bbox 145 741 1740 812; baseline -0.004 -12"><span class='ocrx_word' id='word_1_33' title='bbox 145 744 411 800; x_wconf 82' lang='lat' dir='ltr'><strong>necessitas</strong></span> <span class='ocrx_word' id='word_1_34' title='bbox 439 743 771 812; x_wconf 82' lang='lat' dir='ltr'><strong>ﬂagitaverit</strong></span> <span class='ocrx_word' id='word_1_35' title='bbox 799 744 885 798; x_wconf 88' lang='lat' dir='ltr'><strong>vel</strong></span> <span class='ocrx_word' id='word_1_36' title='bbox 917 742 985 797; x_wconf 88' lang='lat' dir='ltr'><strong>ad</strong></span> <span class='ocrx_word' id='word_1_37' title='bbox 1021 741 1395 797; x_wconf 90' lang='lat' dir='ltr'><strong>obsistendum</strong></span> <span class='ocrx_word' id='word_1_38' title='bbox 1427 741 1740 811; x_wconf 86' lang='lat' dir='ltr'><strong>obrepenti-</strong></span> 
     </span>
    </p>
   </div>
   <div class='ocr_carea' id='block_1_7' title="bbox 142 834 1737 908">
    <p class='ocr_par' dir='ltr' id='par_1_7' title="bbox 142 834 1737 908">
     <span class='ocr_line' id='line_1_7' title="bbox 142 834 1737 908; baseline -0.001 -16"><span class='ocrx_word' id='word_1_39' title='bbox 142 839 243 902; x_wconf 84' lang='lat' dir='ltr'><strong>bus,</strong></span> <span class='ocrx_word' id='word_1_40' title='bbox 272 840 354 893; x_wconf 86' lang='lat' dir='ltr'><strong>vel</strong></span> <span class='ocrx_word' id='word_1_41' title='bbox 385 838 454 894; x_wconf 85' lang='lat' dir='ltr'><strong>ad</strong></span> <span class='ocrx_word' id='word_1_42' title='bbox 484 838 799 895; x_wconf 82' lang='lat' dir='ltr'><strong>necessaria</strong></span> <span class='ocrx_word' id='word_1_43' title='bbox 828 836 1191 908; x_wconf 87' lang='lat' dir='ltr'><strong>suggerenda,</strong></span> <span class='ocrx_word' id='word_1_44' title='bbox 1238 836 1453 907; x_wconf 78' lang='lat' dir='ltr'><strong>ingredi</strong></span> <span class='ocrx_word' id='word_1_45' title='bbox 1490 834 1737 905; x_wconf 87' lang='lat' dir='ltr'><strong>judicum</strong></span> 
     </span>
    </p>
   </div>
   <div class='ocr_carea' id='block_1_8' title="bbox 138 933 444 987">
    <p class='ocr_par' dir='ltr' id='par_1_8' title="bbox 138 933 444 987">
     <span class='ocr_line' id='line_1_8' title="bbox 138 933 444 987; baseline -0.003 0"><span class='ocrx_word' id='word_1_46' title='bbox 138 933 444 987; x_wconf 76' lang='lat' dir='ltr'><strong>secretaria.</strong></span> 
     </span>
    </p>
   </div>
   <div class='ocr_carea' id='block_1_9' title="bbox 139 1044 1738 1117">
    <p class='ocr_par' dir='ltr' id='par_1_9' title="bbox 139 1044 1738 1117">
     <span class='ocr_line' id='line_1_9' title="bbox 139 1044 1738 1117; baseline -0.005 -13"><span class='ocrx_word' id='word_1_47' title='bbox 139 1045 285 1104; x_wconf 75' lang='lat' dir='ltr'><strong>XVlI.</strong></span> <span class='ocrx_word' id='word_1_48' title='bbox 334 1048 406 1105; x_wconf 88' lang='lat' dir='ltr'><strong>Ut</strong></span> <span class='ocrx_word' id='word_1_49' title='bbox 430 1063 592 1117; x_wconf 79' lang='lat' dir='ltr'><strong>neque</strong></span> <span class='ocrx_word' id='word_1_50' title='bbox 621 1046 860 1103; x_wconf 76' lang='lat' dir='ltr'><strong>dimissus</strong></span> <span class='ocrx_word' id='word_1_51' title='bbox 888 1062 1051 1117; x_wconf 81' lang='lat' dir='ltr'><strong>neque</strong></span> <span class='ocrx_word' id='word_1_52' title='bbox 1078 1045 1295 1100; x_wconf 80' lang='lat' dir='ltr'><strong>dimissa</strong></span> <span class='ocrx_word' id='word_1_53' title='bbox 1317 1044 1477 1100; x_wconf 81' lang='lat' dir='ltr'><strong>alteri</strong></span> <span class='ocrx_word' id='word_1_54' title='bbox 1518 1044 1738 1111; x_wconf 70' lang='lat' dir='ltr'><strong>coniun~</strong></span> 
     </span>
    </p>
   </div>
   <div class='ocr_carea' id='block_1_10' title="bbox 825 1128 1036 1189">
    <p class='ocr_par' dir='ltr' id='par_1_10' title="bbox 825 1128 1036 1189">
     <span class='ocr_line' id='line_1_10' title="bbox 825 1128 1036 1189; baseline 0.005 -18"><span class='ocrx_word' id='word_1_55' title='bbox 825 1128 1036 1189; x_wconf 74' lang='lat' dir='ltr'><strong>gantur.</strong></span> 
     </span>
    </p>
   </div>
   <div class='ocr_carea' id='block_1_11' title="bbox 201 1210 1739 1284">
    <p class='ocr_par' dir='ltr' id='par_1_11' title="bbox 201 1210 1739 1284">
     <span class='ocr_line' id='line_1_11' title="bbox 201 1210 1739 1284; baseline -0.001 -17"><span class='ocrx_word' id='word_1_56' title='bbox 201 1211 410 1269; x_wconf 77' lang='lat' dir='ltr'><strong>Placuit</strong></span> <span class='ocrx_word' id='word_1_57' title='bbox 435 1228 655 1284; x_wconf 90' lang='lat' dir='ltr'><strong>quoque</strong></span> <span class='ocrx_word' id='word_1_58' title='bbox 695 1212 995 1269; x_wconf 88' lang='lat' dir='ltr'><strong>secundum</strong></span> <span class='ocrx_word' id='word_1_59' title='bbox 1037 1210 1404 1283; x_wconf 87' lang='lat' dir='ltr'><strong>evangelicam</strong></span> <span class='ocrx_word' id='word_1_60' title='bbox 1436 1218 1493 1267; x_wconf 90' lang='lat' dir='ltr'><strong>et</strong></span> <span class='ocrx_word' id='word_1_61' title='bbox 1520 1220 1739 1281; x_wconf 83' lang='lat' dir='ltr'><strong>aposto-</strong></span> 
     </span>
    </p>
   </div>
   <div class='ocr_carea' id='block_1_12' title="bbox 138 1302 1736 1377">
    <p class='ocr_par' dir='ltr' id='par_1_12' title="bbox 138 1302 1736 1377">
     <span class='ocr_line' id='line_1_12' title="bbox 138 1302 1736 1377; baseline 0 -18"><span class='ocrx_word' id='word_1_62' title='bbox 138 1302 277 1361; x_wconf 82' lang='lat' dir='ltr'><strong>licam</strong></span> <span class='ocrx_word' id='word_1_63' title='bbox 319 1306 690 1377; x_wconf 86' lang='lat' dir='ltr'><strong>disciplinam,</strong></span> <span class='ocrx_word' id='word_1_64' title='bbox 740 1313 797 1361; x_wconf 88' lang='lat' dir='ltr'><strong>ut</strong></span> <span class='ocrx_word' id='word_1_65' title='bbox 832 1319 1007 1376; x_wconf 90' lang='lat' dir='ltr'><strong>neque</strong></span> <span class='ocrx_word' id='word_1_66' title='bbox 1030 1304 1289 1360; x_wconf 84' lang='lat' dir='ltr'><strong>dimissus</strong></span> <span class='ocrx_word' id='word_1_67' title='bbox 1318 1306 1388 1359; x_wconf 92' lang='lat' dir='ltr'><strong>ab</strong></span> <span class='ocrx_word' id='word_1_68' title='bbox 1414 1317 1606 1371; x_wconf 83' lang='lat' dir='ltr'><strong>uxore,</strong></span> <span class='ocrx_word' id='word_1_69' title='bbox 1640 1317 1736 1359; x_wconf 88' lang='lat' dir='ltr'><strong>ne-</strong></span> 
     </span>
    </p>
   </div>
   <div class='ocr_carea' id='block_1_13' title="bbox 138 1400 1738 1474">
    <p class='ocr_par' dir='ltr' id='par_1_13' title="bbox 138 1400 1738 1474">
     <span class='ocr_line' id='line_1_13' title="bbox 138 1400 1738 1474; baseline -0.001 -16"><span class='ocrx_word' id='word_1_70' title='bbox 138 1414 229 1472; x_wconf 78' lang='lat' dir='ltr'><strong>que</strong></span> <span class='ocrx_word' id='word_1_71' title='bbox 242 1402 471 1458; x_wconf 88' lang='lat' dir='ltr'><strong>dimissa</strong></span> <span class='ocrx_word' id='word_1_72' title='bbox 494 1418 524 1457; x_wconf 89' lang='lat' dir='ltr'><strong>a</strong></span> <span class='ocrx_word' id='word_1_73' title='bbox 552 1404 772 1472; x_wconf 89' lang='lat' dir='ltr'><strong>marito,</strong></span> <span class='ocrx_word' id='word_1_74' title='bbox 803 1403 960 1459; x_wconf 82' lang='lat' dir='ltr'><strong>alteri</strong></span> <span class='ocrx_word' id='word_1_75' title='bbox 985 1400 1364 1474; x_wconf 68' lang='lat' dir='ltr'><strong>coniungatur,</strong></span> <span class='ocrx_word' id='word_1_76' title='bbox 1393 1402 1488 1457; x_wconf 89' lang='lat' dir='ltr'><strong>sed</strong></span> <span class='ocrx_word' id='word_1_77' title='bbox 1518 1400 1593 1455; x_wconf 92' lang='lat' dir='ltr'><strong>ita</strong></span> <span class='ocrx_word' id='word_1_78' title='bbox 1623 1415 1738 1456; x_wconf 81' lang='lat' dir='ltr'><strong>ma-</strong></span> 
     </span>
    </p>
   </div>
   <div class='ocr_carea' id='block_1_14' title="bbox 138 1492 1740 1565">
    <p class='ocr_par' dir='ltr' id='par_1_14' title="bbox 138 1492 1740 1565">
     <span class='ocr_line' id='line_1_14' title="bbox 138 1492 1740 1565; baseline -0.002 -14"><span class='ocrx_word' id='word_1_79' title='bbox 138 1508 305 1565; x_wconf 81' lang='lat' dir='ltr'><strong>ncant,</strong></span> <span class='ocrx_word' id='word_1_80' title='bbox 341 1506 438 1552; x_wconf 90' lang='lat' dir='ltr'><strong>aut</strong></span> <span class='ocrx_word' id='word_1_81' title='bbox 457 1496 681 1553; x_wconf 89' lang='lat' dir='ltr'><strong>sibimet</strong></span> <span class='ocrx_word' id='word_1_82' title='bbox 708 1496 1151 1552; x_wconf 83' lang='lat' dir='ltr'><strong>reconcilientur.</strong></span> <span class='ocrx_word' id='word_1_83' title='bbox 1198 1492 1355 1561; x_wconf 86' lang='lat' dir='ltr'><strong>Quod</strong></span> <span class='ocrx_word' id='word_1_84' title='bbox 1399 1493 1445 1548; x_wconf 90' lang='lat' dir='ltr'><strong>si</strong></span> <span class='ocrx_word' id='word_1_85' title='bbox 1494 1504 1740 1548; x_wconf 86' lang='lat' dir='ltr'><strong>contem-</strong></span> 
     </span>
    </p>
   </div>
   <div class='ocr_carea' id='block_1_15' title="bbox 138 1588 1738 1661">
    <p class='ocr_par' dir='ltr' id='par_1_15' title="bbox 138 1588 1738 1661">
     <span class='ocr_line' id='line_1_15' title="bbox 138 1588 1738 1661; baseline -0.001 -18"><span class='ocrx_word' id='word_1_86' title='bbox 138 1590 351 1659; x_wconf 88' lang='lat' dir='ltr'><strong>pscrint,</strong></span> <span class='ocrx_word' id='word_1_87' title='bbox 375 1590 444 1645; x_wconf 90' lang='lat' dir='ltr'><strong>ad</strong></span> <span class='ocrx_word' id='word_1_88' title='bbox 483 1590 857 1661; x_wconf 70' lang='lat' dir='ltr'><strong>penitentiam</strong></span> <span class='ocrx_word' id='word_1_89' title='bbox 918 1589 1252 1659; x_wconf 86' lang='lat' dir='ltr'><strong>redigantur.</strong></span> <span class='ocrx_word' id='word_1_90' title='bbox 1304 1588 1359 1642; x_wconf 92' lang='lat' dir='ltr'><strong>in</strong></span> <span class='ocrx_word' id='word_1_91' title='bbox 1410 1601 1517 1656; x_wconf 91' lang='lat' dir='ltr'><strong>qua</strong></span> <span class='ocrx_word' id='word_1_92' title='bbox 1574 1600 1738 1643; x_wconf 87' lang='lat' dir='ltr'><strong>causa</strong></span> 
     </span>
    </p>
   </div>
   <div class='ocr_carea' id='block_1_16' title="bbox 137 1679 1378 1754">
    <p class='ocr_par' dir='ltr' id='par_1_16' title="bbox 137 1679 1378 1754">
     <span class='ocr_line' id='line_1_16' title="bbox 137 1679 1378 1754; baseline -0.003 -17"><span class='ocrx_word' id='word_1_93' title='bbox 137 1679 298 1752; x_wconf 82' lang='lat' dir='ltr'><strong>legem</strong></span> <span class='ocrx_word' id='word_1_94' title='bbox 331 1682 677 1753; x_wconf 86' lang='lat' dir='ltr'><strong>imperialem</strong></span> <span class='ocrx_word' id='word_1_95' title='bbox 707 1683 997 1754; x_wconf 86' lang='lat' dir='ltr'><strong>petendam</strong></span> <span class='ocrx_word' id='word_1_96' title='bbox 1021 1680 1378 1752; x_wconf 72' lang='lat' dir='ltr'><strong>promulgari.</strong></span> 
     </span>
    </p>
   </div>
   <div class='ocr_carea' id='block_1_17' title="bbox 136 1790 1815 1891">
    <p class='ocr_par' dir='ltr' id='par_1_17' title="bbox 136 1790 1815 1891">
     <span class='ocr_line' id='line_1_17' title="bbox 136 1790 1815 1891; baseline -0.002 -41"><span class='ocrx_word' id='word_1_97' title='bbox 136 1790 309 1852; x_wconf 76' lang='lat' dir='ltr'><strong>XVIII.</strong></span> <span class='ocrx_word' id='word_1_98' title='bbox 349 1794 434 1852; x_wconf 81' lang='lat' dir='ltr'><strong>Dc</strong></span> <span class='ocrx_word' id='word_1_99' title='bbox 462 1797 545 1852; x_wconf 79' lang='lat' dir='ltr'><strong>liis</strong></span> <span class='ocrx_word' id='word_1_100' title='bbox 568 1796 659 1891; x_wconf 54' lang='lat' dir='ltr'><strong>qui</strong></span> <span class='ocrx_word' id='word_1_101' title='bbox 685 1794 1307 1891; x_wconf 34' lang='lat' dir='ltr'><strong>gregari-15ml.“</strong></span> <span class='ocrx_word' id='word_1_102' title='bbox 1356 1793 1738 1848; x_wconf 85' lang='lat' dir='ltr'><strong>communicant</strong></span> <span class='ocrx_word' id='word_1_103' title='bbox 1765 1830 1815 1891; x_wconf 80' lang='grc' dir='ltr'><strong>Β</strong></span> 
     </span>
    </p>
   </div>
   <div class='ocr_carea' id='block_1_18' title="bbox 589 1866 1267 1923">
    <p class='ocr_par' dir='ltr' id='par_1_18' title="bbox 589 1866 1267 1923">
     <span class='ocr_line' id='line_1_18' title="bbox 589 1866 1267 1923; baseline -0.007 0"><span class='ocrx_word' id='word_1_104' title='bbox 589 1877 637 1923; x_wconf 78' lang='lat' dir='ltr'><strong>et</strong></span> <span class='ocrx_word' id='word_1_105' title='bbox 681 1866 809 1921; x_wconf 85' lang='lat' dir='ltr'><strong>alibi</strong></span> <span class='ocrx_word' id='word_1_106' title='bbox 862 1867 1267 1921; x_wconf 80' lang='lat' dir='ltr'><strong>communicant.</strong></span> 
     </span>
    </p>
   </div>
   <div class='ocr_carea' id='block_1_19' title="bbox 197 1959 1737 2035">
    <p class='ocr_par' dir='ltr' id='par_1_19' title="bbox 197 1959 1737 2035">
     <span class='ocr_line' id='line_1_19' title="bbox 197 1959 1737 2035; baseline -0.001 -18"><span class='ocrx_word' id='word_1_107' title='bbox 197 1960 425 2029; x_wconf 84' lang='lat' dir='ltr'><strong>Placuit,</strong></span> <span class='ocrx_word' id='word_1_108' title='bbox 456 1972 517 2020; x_wconf 91' lang='lat' dir='ltr'><strong>ut</strong></span> <span class='ocrx_word' id='word_1_109' title='bbox 556 1964 868 2035; x_wconf 86' lang='lat' dir='ltr'><strong>quicunque</strong></span> <span class='ocrx_word' id='word_1_110' title='bbox 896 1978 1005 2019; x_wconf 92' lang='lat' dir='ltr'><strong>non</strong></span> <span class='ocrx_word' id='word_1_111' title='bbox 1049 1959 1461 2017; x_wconf 88' lang='lat' dir='ltr'><strong>communicans</strong></span> <span class='ocrx_word' id='word_1_112' title='bbox 1510 1960 1564 2015; x_wconf 92' lang='lat' dir='ltr'><strong>in</strong></span> <span class='ocrx_word' id='word_1_113' title='bbox 1606 1973 1737 2029; x_wconf 87' lang='lat' dir='ltr'><strong>pro-</strong></span> 
     </span>
    </p>
   </div>
   <div class='ocr_carea' id='block_1_20' title="bbox 135 2050 1738 2125">
    <p class='ocr_par' dir='ltr' id='par_1_20' title="bbox 135 2050 1738 2125">
     <span class='ocr_line' id='line_1_20' title="bbox 135 2050 1738 2125; baseline -0.001 -17"><span class='ocrx_word' id='word_1_114' title='bbox 135 2053 238 2124; x_wconf 82' lang='lat' dir='ltr'><strong>pria</strong></span> <span class='ocrx_word' id='word_1_115' title='bbox 264 2055 543 2124; x_wconf 76' lang='lat' dir='ltr'><strong>provincia</strong></span> <span class='ocrx_word' id='word_1_116' title='bbox 577 2058 632 2110; x_wconf 88' lang='lat' dir='ltr'><strong>in</strong></span> <span class='ocrx_word' id='word_1_117' title='bbox 654 2056 777 2112; x_wconf 90' lang='lat' dir='ltr'><strong>aliis</strong></span> <span class='ocrx_word' id='word_1_118' title='bbox 808 2054 1101 2125; x_wconf 83' lang='lat' dir='ltr'><strong>provinciis</strong></span> <span class='ocrx_word' id='word_1_119' title='bbox 1128 2054 1216 2110; x_wconf 91' lang='lat' dir='ltr'><strong>vel</strong></span> <span class='ocrx_word' id='word_1_120' title='bbox 1258 2053 1311 2108; x_wconf 90' lang='lat' dir='ltr'><strong>in</strong></span> <span class='ocrx_word' id='word_1_121' title='bbox 1356 2050 1738 2108; x_wconf 83' lang='lat' dir='ltr'><strong>transmarinis</strong></span> 
     </span>
    </p>
   </div>
   <div class='ocr_carea' id='block_1_21' title="bbox 133 2145 1735 2218">
    <p class='ocr_par' dir='ltr' id='par_1_21' title="bbox 133 2145 1735 2218">
     <span class='ocr_line' id='line_1_21' title="bbox 133 2145 1735 2218; baseline 0.001 -19"><span class='ocrx_word' id='word_1_122' title='bbox 133 2146 361 2216; x_wconf 85' lang='lat' dir='ltr'><strong>partibus</strong></span> <span class='ocrx_word' id='word_1_123' title='bbox 406 2148 473 2203; x_wconf 92' lang='lat' dir='ltr'><strong>ad</strong></span> <span class='ocrx_word' id='word_1_124' title='bbox 526 2148 1044 2206; x_wconf 87' lang='lat' dir='ltr'><strong>communicandum</strong></span> <span class='ocrx_word' id='word_1_125' title='bbox 1092 2146 1422 2218; x_wconf 82' lang='lat' dir='ltr'><strong>obrepserit,</strong></span> <span class='ocrx_word' id='word_1_126' title='bbox 1468 2145 1735 2217; x_wconf 88' lang='lat' dir='ltr'><strong>jacturam</strong></span> 
     </span>
    </p>
   </div>
   <div class='ocr_carea' id='block_1_22' title="bbox 133 2237 1229 2307">
    <p class='ocr_par' dir='ltr' id='par_1_22' title="bbox 133 2237 1229 2307">
     <span class='ocr_line' id='line_1_22' title="bbox 133 2237 1229 2307; baseline 0.001 -16"><span class='ocrx_word' id='word_1_127' title='bbox 133 2239 518 2295; x_wconf 82' lang='lat' dir='ltr'><strong>communionis</strong></span> <span class='ocrx_word' id='word_1_128' title='bbox 540 2239 626 2295; x_wconf 89' lang='lat' dir='ltr'><strong>vel</strong></span> <span class='ocrx_word' id='word_1_129' title='bbox 655 2239 945 2295; x_wconf 90' lang='lat' dir='ltr'><strong>clericatus</strong></span> <span class='ocrx_word' id='word_1_130' title='bbox 972 2237 1229 2307; x_wconf 82' lang='lat' dir='ltr'><strong>excipiat.</strong></span> 
     </span>
    </p>
   </div>
   <div class='ocr_carea' id='block_1_23' title="bbox 132 2323 1741 2413">
    <p class='ocr_par' dir='ltr' id='par_1_23' title="bbox 132 2323 1741 2413">
     <span class='ocr_line' id='line_1_23' title="bbox 132 2323 1741 2413; baseline 0.003 -31"><span class='ocrx_word' id='word_1_131' title='bbox 132 2323 262 2382; x_wconf 71' lang='lat' dir='ltr'><strong>XIX.</strong></span> <span class='ocrx_word' id='word_1_132' title='bbox 308 2331 469 2413; x_wconf 60' lang='lat'><strong>181</strong></span> <span class='ocrx_word' id='word_1_133' title='bbox 480 2329 579 2412; x_wconf 40' lang='grc' dir='ltr'><strong>,ρο</strong></span> <span class='ocrx_word' id='word_1_134' title='bbox 621 2331 822 2413; x_wconf 89' lang='lat' dir='ltr'><strong>clericis</strong></span> <span class='ocrx_word' id='word_1_135' title='bbox 856 2331 1113 2413; x_wconf 36' lang='lat' dir='ltr'><strong>quilapud</strong></span> <span class='ocrx_word' id='word_1_136' title='bbox 1157 2330 1462 2413; x_wconf 63' lang='lat' dir='ltr'><strong>principem</strong></span> <span class='ocrx_word' id='word_1_137' title='bbox 1488 2332 1741 2387; x_wconf 73' lang='lat' dir='ltr'><strong>saculare</strong></span> 
     </span>
    </p>
   </div>
   <div class='ocr_carea' id='block_1_24' title="bbox 361 2401 1484 2472">
    <p class='ocr_par' dir='ltr' id='par_1_24' title="bbox 361 2401 1484 2472">
     <span class='ocr_line' id='line_1_24' title="bbox 361 2401 1484 2472; baseline 0.001 -18"><span class='ocrx_word' id='word_1_138' title='bbox 361 2401 637 2472; x_wconf 72' lang='lat' dir='ltr'><strong>judicium</strong></span> <span class='ocrx_word' id='word_1_139' title='bbox 672 2411 763 2456; x_wconf 87' lang='lat' dir='ltr'><strong>aut</strong></span> <span class='ocrx_word' id='word_1_140' title='bbox 794 2403 1051 2472; x_wconf 73' lang='lat' dir='ltr'><strong>synodale</strong></span> <span class='ocrx_word' id='word_1_141' title='bbox 1072 2401 1484 2472; x_wconf 81' lang='lat' dir='ltr'><strong>imploraccrint.</strong></span> 
     </span>
    </p>
   </div>
   <div class='ocr_carea' id='block_1_25' title="bbox 193 2492 1739 2567">
    <p class='ocr_par' dir='ltr' id='par_1_25' title="bbox 193 2492 1739 2567">
     <span class='ocr_line' id='line_1_25' title="bbox 193 2492 1739 2567; baseline 0.003 -19"><span class='ocrx_word' id='word_1_142' title='bbox 193 2492 425 2561; x_wconf 86' lang='lat' dir='ltr'><strong>Placuit,</strong></span> <span class='ocrx_word' id='word_1_143' title='bbox 468 2505 531 2550; x_wconf 91' lang='lat' dir='ltr'><strong>ut</strong></span> <span class='ocrx_word' id='word_1_144' title='bbox 564 2498 877 2566; x_wconf 89' lang='lat' dir='ltr'><strong>quicunque</strong></span> <span class='ocrx_word' id='word_1_145' title='bbox 904 2498 973 2550; x_wconf 92' lang='lat' dir='ltr'><strong>ab</strong></span> <span class='ocrx_word' id='word_1_146' title='bbox 1015 2496 1350 2566; x_wconf 87' lang='lat' dir='ltr'><strong>imperatore</strong></span> <span class='ocrx_word' id='word_1_147' title='bbox 1367 2495 1739 2567; x_wconf 73' lang='lat' dir='ltr'><strong>cognitionem</strong></span> 
     </span>
    </p>
   </div>
   <div class='ocr_carea' id='block_1_26' title="bbox 130 2584 1739 2661">
    <p class='ocr_par' dir='ltr' id='par_1_26' title="bbox 130 2584 1739 2661">
     <span class='ocr_line' id='line_1_26' title="bbox 130 2584 1739 2661; baseline 0.004 -21"><span class='ocrx_word' id='word_1_148' title='bbox 130 2584 459 2655; x_wconf 83' lang='lat' dir='ltr'><strong>publicorum</strong></span> <span class='ocrx_word' id='word_1_149' title='bbox 502 2587 834 2657; x_wconf 90' lang='lat' dir='ltr'><strong>judiciorum</strong></span> <span class='ocrx_word' id='word_1_150' title='bbox 882 2588 1098 2658; x_wconf 90' lang='lat' dir='ltr'><strong>petierit</strong></span> <span class='ocrx_word' id='word_1_151' title='bbox 1138 2586 1349 2645; x_wconf 86' lang='lat' dir='ltr'><strong>honore</strong></span> <span class='ocrx_word' id='word_1_152' title='bbox 1378 2588 1599 2659; x_wconf 87' lang='lat' dir='ltr'><strong>proprio</strong></span> <span class='ocrx_word' id='word_1_153' title='bbox 1626 2591 1739 2661; x_wconf 91' lang='lat' dir='ltr'><strong>pri-</strong></span> 
     </span>
    </p>
   </div>
   <div class='ocr_carea' id='block_1_27' title="bbox 130 2678 1741 2752">
    <p class='ocr_par' dir='ltr' id='par_1_27' title="bbox 130 2678 1741 2752">
     <span class='ocr_line' id='line_1_27' title="bbox 130 2678 1741 2752; baseline 0.005 -22"><span class='ocrx_word' id='word_1_154' title='bbox 130 2686 311 2732; x_wconf 83' lang='lat' dir='ltr'><strong>vetur:</strong></span> <span class='ocrx_word' id='word_1_155' title='bbox 345 2678 395 2732; x_wconf 87' lang='lat' dir='ltr'><strong>si</strong></span> <span class='ocrx_word' id='word_1_156' title='bbox 418 2687 602 2735; x_wconf 89' lang='lat' dir='ltr'><strong>autem</strong></span> <span class='ocrx_word' id='word_1_157' title='bbox 630 2679 942 2750; x_wconf 86' lang='lat' dir='ltr'><strong>episcopale</strong></span> <span class='ocrx_word' id='word_1_158' title='bbox 970 2679 1236 2747; x_wconf 88' lang='lat' dir='ltr'><strong>judicium</strong></span> <span class='ocrx_word' id='word_1_159' title='bbox 1289 2679 1359 2736; x_wconf 90' lang='lat' dir='ltr'><strong>ab</strong></span> <span class='ocrx_word' id='word_1_160' title='bbox 1410 2678 1741 2752; x_wconf 84' lang='lat' dir='ltr'><strong>imperatore</strong></span> 
     </span>
    </p>
   </div>
   <div class='ocr_carea' id='block_1_28' title="bbox 132 2770 1343 2843">
    <p class='ocr_par' dir='ltr' id='par_1_28' title="bbox 132 2770 1343 2843">
     <span class='ocr_line' id='line_1_28' title="bbox 132 2770 1343 2843; baseline 0.002 -19"><span class='ocrx_word' id='word_1_161' title='bbox 132 2770 496 2839; x_wconf 83' lang='lat' dir='ltr'><strong>postulaverit,</strong></span> <span class='ocrx_word' id='word_1_162' title='bbox 531 2772 670 2827; x_wconf 84' lang='lat' dir='ltr'><strong>nihil</strong></span> <span class='ocrx_word' id='word_1_163' title='bbox 713 2772 763 2828; x_wconf 89' lang='lat' dir='ltr'><strong>ei</strong></span> <span class='ocrx_word' id='word_1_164' title='bbox 793 2772 939 2829; x_wconf 90' lang='lat' dir='ltr'><strong>obsit</strong></span> <span class='ocrx_word' id='word_1_165' title='bbox 971 2770 1093 2843; x_wconf 90' lang='lat' dir='ltr'><strong>[U.,</strong></span> <span class='ocrx_word' id='word_1_166' title='bbox 1123 2770 1343 2843; x_wconf 87' lang='lat' dir='ltr'><strong>prosit].</strong></span> 
     </span>
    </p>
   </div>
   <div class='ocr_carea' id='block_1_29' title="bbox 131 2882 1739 2959">
    <p class='ocr_par' dir='ltr' id='par_1_29' title="bbox 131 2882 1739 2959">
     <span class='ocr_line' id='line_1_29' title="bbox 131 2882 1739 2959; baseline 0.001 -17"><span class='ocrx_word' id='word_1_167' title='bbox 131 2882 237 2943; x_wconf 79' lang='grc' dir='ltr'><strong>ιι.</strong></span> <span class='ocrx_word' id='word_1_168' title='bbox 280 2885 351 2942; x_wconf 87' lang='lat' dir='ltr'><strong>Ut</strong></span> <span class='ocrx_word' id='word_1_169' title='bbox 398 2889 513 2942; x_wconf 80' lang='lat' dir='ltr'><strong>sine</strong></span> <span class='ocrx_word' id='word_1_170' title='bbox 540 2886 779 2959; x_wconf 75' lang='lat' dir='ltr'><strong>[annalis</strong></span> <span class='ocrx_word' id='word_1_171' title='bbox 806 2902 957 2940; x_wconf 83' lang='lat' dir='ltr'><strong>nemo</strong></span> <span class='ocrx_word' id='word_1_172' title='bbox 976 2888 1052 2959; x_wconf 82' lang='lat' dir='ltr'><strong>ad</strong></span> <span class='ocrx_word' id='word_1_173' title='bbox 1093 2887 1399 2941; x_wconf 80' lang='lat' dir='ltr'><strong>comitatum</strong></span> <span class='ocrx_word' id='word_1_174' title='bbox 1427 2886 1739 2956; x_wconf 71' lang='lat' dir='ltr'><strong>proﬁcisca-</strong></span> 
     </span>
    </p>
   </div>
   <div class='ocr_carea' id='block_1_30' title="bbox 472 2958 1369 3027">
    <p class='ocr_par' dir='ltr' id='par_1_30' title="bbox 472 2958 1369 3027">
     <span class='ocr_line' id='line_1_30' title="bbox 472 2958 1369 3027; baseline -0.001 -15"><span class='ocrx_word' id='word_1_175' title='bbox 472 2958 579 3025; x_wconf 79' lang='lat' dir='ltr'><strong>tur,</strong></span> <span class='ocrx_word' id='word_1_176' title='bbox 624 2968 675 3012; x_wconf 87' lang='lat' dir='ltr'><strong>et</strong></span> <span class='ocrx_word' id='word_1_177' title='bbox 695 2958 923 3026; x_wconf 79' lang='lat' dir='ltr'><strong>qualiter</strong></span> <span class='ocrx_word' id='word_1_178' title='bbox 950 2958 1081 3025; x_wconf 78' lang='lat' dir='ltr'><strong>ﬁant</strong></span> <span class='ocrx_word' id='word_1_179' title='bbox 1112 2959 1369 3027; x_wconf 69' lang='lat' dir='ltr'><strong>formata.</strong></span> 
     </span>
    </p>
   </div>
   <div class='ocr_carea' id='block_1_31' title="bbox 188 3048 1734 3121">
    <p class='ocr_par' dir='ltr' id='par_1_31' title="bbox 188 3048 1734 3121">
     <span class='ocr_line' id='line_1_31' title="bbox 188 3048 1734 3121; baseline 0.001 -16"><span class='ocrx_word' id='word_1_180' title='bbox 188 3048 409 3118; x_wconf 82' lang='lat' dir='ltr'><strong>Placuit,</strong></span> <span class='ocrx_word' id='word_1_181' title='bbox 440 3060 498 3105; x_wconf 87' lang='lat' dir='ltr'><strong>ut</strong></span> <span class='ocrx_word' id='word_1_182' title='bbox 522 3051 829 3121; x_wconf 84' lang='lat' dir='ltr'><strong>quicunque</strong></span> <span class='ocrx_word' id='word_1_183' title='bbox 871 3049 1104 3105; x_wconf 86' lang='lat' dir='ltr'><strong>clericus</strong></span> <span class='ocrx_word' id='word_1_184' title='bbox 1152 3058 1377 3120; x_wconf 89' lang='lat' dir='ltr'><strong>propter</strong></span> <span class='ocrx_word' id='word_1_185' title='bbox 1426 3051 1734 3107; x_wconf 89' lang='lat' dir='ltr'><strong>necessita-</strong></span> 
     </span>
    </p>
   </div>
   <div class='ocr_carea' id='block_1_32' title="bbox 131 3142 1734 3211">
    <p class='ocr_par' dir='ltr' id='par_1_32' title="bbox 131 3142 1734 3211">
     <span class='ocr_line' id='line_1_32' title="bbox 131 3142 1734 3211; baseline 0.001 -12"><span class='ocrx_word' id='word_1_186' title='bbox 131 3148 224 3199; x_wconf 79' lang='lat' dir='ltr'><strong>tem</strong></span> <span class='ocrx_word' id='word_1_187' title='bbox 250 3160 411 3201; x_wconf 85' lang='lat' dir='ltr'><strong>suam</strong></span> <span class='ocrx_word' id='word_1_188' title='bbox 439 3144 639 3200; x_wconf 86' lang='lat' dir='ltr'><strong>alicubi</strong></span> <span class='ocrx_word' id='word_1_189' title='bbox 669 3144 740 3199; x_wconf 87' lang='lat' dir='ltr'><strong>ad</strong></span> <span class='ocrx_word' id='word_1_190' title='bbox 769 3144 1089 3199; x_wconf 90' lang='lat' dir='ltr'><strong>comitatum</strong></span> <span class='ocrx_word' id='word_1_191' title='bbox 1132 3143 1214 3200; x_wconf 89' lang='lat' dir='ltr'><strong>ire</strong></span> <span class='ocrx_word' id='word_1_192' title='bbox 1244 3143 1499 3211; x_wconf 89' lang='lat' dir='ltr'><strong>voluerit,</strong></span> <span class='ocrx_word' id='word_1_193' title='bbox 1529 3142 1734 3200; x_wconf 81' lang='lat' dir='ltr'><strong>forma-</strong></span> 
     </span>
    </p>
   </div>
   <div class='ocr_carea' id='block_1_33' title="bbox 131 3235 1731 3311">
    <p class='ocr_par' dir='ltr' id='par_1_33' title="bbox 131 3235 1731 3311">
     <span class='ocr_line' id='line_1_33' title="bbox 131 3235 1731 3311; baseline 0.002 -20"><span class='ocrx_word' id='word_1_194' title='bbox 131 3244 225 3291; x_wconf 78' lang='lat' dir='ltr'><strong>tam</strong></span> <span class='ocrx_word' id='word_1_195' title='bbox 259 3238 326 3293; x_wconf 87' lang='lat' dir='ltr'><strong>ab</strong></span> <span class='ocrx_word' id='word_1_196' title='bbox 357 3240 619 3311; x_wconf 88' lang='lat' dir='ltr'><strong>episcopo</strong></span> <span class='ocrx_word' id='word_1_197' title='bbox 658 3251 760 3293; x_wconf 87' lang='lat' dir='ltr'><strong>suo</strong></span> <span class='ocrx_word' id='word_1_198' title='bbox 792 3235 1024 3308; x_wconf 89' lang='lat' dir='ltr'><strong>accipiat</strong></span> <span class='ocrx_word' id='word_1_199' title='bbox 1055 3256 1068 3292; x_wconf 90' lang='lat'><strong>:</strong></span> <span class='ocrx_word' id='word_1_200' title='bbox 1099 3238 1191 3309; x_wconf 89' lang='lat' dir='ltr'><strong>qui</strong></span> <span class='ocrx_word' id='word_1_201' title='bbox 1220 3238 1340 3293; x_wconf 84' lang='lat' dir='ltr'><strong>sine</strong></span> <span class='ocrx_word' id='word_1_202' title='bbox 1376 3236 1607 3293; x_wconf 78' lang='lat' dir='ltr'><strong>formata</strong></span> <span class='ocrx_word' id='word_1_203' title='bbox 1635 3253 1731 3294; x_wconf 87' lang='lat' dir='ltr'><strong>vo-</strong></span> 
     </span>
    </p>
   </div>
   <div class='ocr_carea' id='block_1_34' title="bbox 131 3325 1728 3403">
    <p class='ocr_par' dir='ltr' id='par_1_34' title="bbox 131 3325 1728 3403">
     <span class='ocr_line' id='line_1_34' title="bbox 131 3325 1728 3403; baseline 0 -18"><span class='ocrx_word' id='word_1_204' title='bbox 131 3325 274 3386; x_wconf 78' lang='lat' dir='ltr'><strong>luerit</strong></span> <span class='ocrx_word' id='word_1_205' title='bbox 300 3346 550 3403; x_wconf 76' lang='lat' dir='ltr'><strong>pergere,</strong></span> <span class='ocrx_word' id='word_1_206' title='bbox 581 3344 611 3385; x_wconf 92' lang='lat' dir='ltr'><strong>a</strong></span> <span class='ocrx_word' id='word_1_207' title='bbox 639 3330 1024 3387; x_wconf 90' lang='lat' dir='ltr'><strong>communione</strong></span> <span class='ocrx_word' id='word_1_208' title='bbox 1068 3337 1442 3385; x_wconf 86' lang='lat' dir='ltr'><strong>removeatur.</strong></span> <span class='ocrx_word' id='word_1_209' title='bbox 1493 3328 1651 3397; x_wconf 82' lang='lat' dir='ltr'><strong>Quod</strong></span> <span class='ocrx_word' id='word_1_210' title='bbox 1682 3330 1728 3385; x_wconf 87' lang='lat' dir='ltr'><strong>si</strong></span> 
     </span>
    </p>
   </div>
   <div class='ocr_carea' id='block_1_35' title="bbox 130 3420 1733 3494">
    <p class='ocr_par' dir='ltr' id='par_1_35' title="bbox 130 3420 1733 3494">
     <span class='ocr_line' id='line_1_35' title="bbox 130 3420 1733 3494; baseline 0.002 -20"><span class='ocrx_word' id='word_1_211' title='bbox 130 3422 307 3479; x_wconf 78' lang='lat' dir='ltr'><strong>alicubi</strong></span> <span class='ocrx_word' id='word_1_212' title='bbox 336 3425 387 3479; x_wconf 88' lang='lat' dir='ltr'><strong>ei</strong></span> <span class='ocrx_word' id='word_1_213' title='bbox 423 3422 707 3494; x_wconf 84' lang='lat' dir='ltr'><strong>repentina</strong></span> <span class='ocrx_word' id='word_1_214' title='bbox 740 3421 1042 3479; x_wconf 78' lang='lat' dir='ltr'><strong>necessitas</strong></span> <span class='ocrx_word' id='word_1_215' title='bbox 1069 3432 1188 3477; x_wconf 88' lang='lat' dir='ltr'><strong>orta</strong></span> <span class='ocrx_word' id='word_1_216' title='bbox 1212 3420 1379 3476; x_wconf 73' lang='lat' dir='ltr'><strong>fuerit</strong></span> <span class='ocrx_word' id='word_1_217' title='bbox 1407 3420 1476 3477; x_wconf 93' lang='lat' dir='ltr'><strong>ad</strong></span> <span class='ocrx_word' id='word_1_218' title='bbox 1504 3421 1733 3477; x_wconf 85' lang='lat' dir='ltr'><strong>comita-</strong></span> 
     </span>
    </p>
   </div>
   <div class='ocr_carea' id='block_1_36' title="bbox 131 3512 1736 3587">
    <p class='ocr_par' dir='ltr' id='par_1_36' title="bbox 131 3512 1736 3587">
     <span class='ocr_line' id='line_1_36' title="bbox 131 3512 1736 3587; baseline 0.001 -20"><span class='ocrx_word' id='word_1_219' title='bbox 131 3516 232 3567; x_wconf 75' lang='lat' dir='ltr'><strong>tam</strong></span> <span class='ocrx_word' id='word_1_220' title='bbox 280 3514 567 3587; x_wconf 84' lang='lat' dir='ltr'><strong>pergendi,</strong></span> <span class='ocrx_word' id='word_1_221' title='bbox 618 3514 814 3585; x_wconf 81' lang='lat' dir='ltr'><strong>alleget</strong></span> <span class='ocrx_word' id='word_1_222' title='bbox 868 3513 1012 3584; x_wconf 90' lang='lat' dir='ltr'><strong>apud</strong></span> <span class='ocrx_word' id='word_1_223' title='bbox 1064 3514 1381 3583; x_wconf 82' lang='lat' dir='ltr'><strong>episcopum</strong></span> <span class='ocrx_word' id='word_1_224' title='bbox 1450 3512 1556 3568; x_wconf 90' lang='lat' dir='ltr'><strong>loci</strong></span> <span class='ocrx_word' id='word_1_225' title='bbox 1616 3513 1736 3583; x_wconf 90' lang='lat' dir='ltr'><strong>ejus</strong></span> 
     </span>
    </p>
   </div>
   <div class='ocr_carea' id='block_1_37' title="bbox 130 3600 1735 3675">
    <p class='ocr_par' dir='ltr' id='par_1_37' title="bbox 130 3600 1735 3675">
     <span class='ocr_line' id='line_1_37' title="bbox 130 3600 1735 3675; baseline 0.002 -18"><span class='ocrx_word' id='word_1_226' title='bbox 130 3600 287 3672; x_wconf 80' lang='lat' dir='ltr'><strong>ipsam</strong></span> <span class='ocrx_word' id='word_1_227' title='bbox 336 3607 756 3671; x_wconf 79' lang='lat' dir='ltr'><strong>necessitatem,</strong></span> <span class='ocrx_word' id='word_1_228' title='bbox 806 3612 863 3661; x_wconf 92' lang='lat' dir='ltr'><strong>et</strong></span> <span class='ocrx_word' id='word_1_229' title='bbox 912 3605 984 3662; x_wconf 91' lang='lat' dir='ltr'><strong>de</strong></span> <span class='ocrx_word' id='word_1_230' title='bbox 1030 3604 1135 3661; x_wconf 91' lang='lat' dir='ltr'><strong>hoc</strong></span> <span class='ocrx_word' id='word_1_231' title='bbox 1179 3604 1447 3675; x_wconf 88' lang='lat' dir='ltr'><strong>rescripta</strong></span> <span class='ocrx_word' id='word_1_232' title='bbox 1490 3604 1735 3675; x_wconf 83' lang='lat' dir='ltr'><strong>ejusdem</strong></span> 
     </span>
    </p>
   </div>
   <div class='ocr_carea' id='block_1_38' title="bbox 131 3700 1735 3773">
    <p class='ocr_par' dir='ltr' id='par_1_38' title="bbox 131 3700 1735 3773">
     <span class='ocr_line' id='line_1_38' title="bbox 131 3700 1735 3773; baseline 0.004 -22"><span class='ocrx_word' id='word_1_233' title='bbox 131 3701 349 3771; x_wconf 77' lang='lat' dir='ltr'><strong>episcopi</strong></span> <span class='ocrx_word' id='word_1_234' title='bbox 381 3700 639 3772; x_wconf 76' lang='lat' dir='ltr'><strong>perierat.</strong></span> <span class='ocrx_word' id='word_1_235' title='bbox 685 3700 957 3757; x_wconf 70' lang='lat' dir='ltr'><strong>Formataa</strong></span> <span class='ocrx_word' id='word_1_236' title='bbox 990 3710 1171 3757; x_wconf 89' lang='lat' dir='ltr'><strong>autem</strong></span> <span class='ocrx_word' id='word_1_237' title='bbox 1203 3716 1324 3773; x_wconf 71' lang='lat' dir='ltr'><strong>qua:</strong></span> <span class='ocrx_word' id='word_1_238' title='bbox 1354 3715 1385 3756; x_wconf 92' lang='lat' dir='ltr'><strong>a</strong></span> <span class='ocrx_word' id='word_1_239' title='bbox 1416 3700 1735 3771; x_wconf 85' lang='lat' dir='ltr'><strong>primatibus</strong></span> 
     </span>
    </p>
   </div>
   <div class='ocr_carea' id='block_1_39' title="bbox 126 3793 1733 3867">
    <p class='ocr_par' dir='ltr' id='par_1_39' title="bbox 126 3793 1733 3867">
     <span class='ocr_line' id='line_1_39' title="bbox 126 3793 1733 3867; baseline 0.002 -20"><span class='ocrx_word' id='word_1_240' title='bbox 126 3793 200 3848; x_wconf 77' lang='lat' dir='ltr'><strong>vel</strong></span> <span class='ocrx_word' id='word_1_241' title='bbox 236 3809 263 3847; x_wconf 91' lang='lat' dir='ltr'><strong>a</strong></span> <span class='ocrx_word' id='word_1_242' title='bbox 303 3794 611 3866; x_wconf 87' lang='lat' dir='ltr'><strong>quibusque</strong></span> <span class='ocrx_word' id='word_1_243' title='bbox 640 3794 911 3867; x_wconf 84' lang='lat' dir='ltr'><strong>episcopis</strong></span> <span class='ocrx_word' id='word_1_244' title='bbox 949 3794 1185 3864; x_wconf 88' lang='lat' dir='ltr'><strong>propriis</strong></span> <span class='ocrx_word' id='word_1_245' title='bbox 1233 3794 1436 3849; x_wconf 89' lang='lat' dir='ltr'><strong>dantur</strong></span> <span class='ocrx_word' id='word_1_246' title='bbox 1493 3794 1733 3851; x_wconf 85' lang='lat' dir='ltr'><strong>habeant</strong></span> 
     </span>
    </p>
   </div>
   <div class='ocr_carea' id='block_1_40' title="bbox 127 3881 1734 3957">
    <p class='ocr_par' dir='ltr' id='par_1_40' title="bbox 127 3881 1734 3957">
     <span class='ocr_line' id='line_1_40' title="bbox 127 3881 1734 3957; baseline 0.004 -21"><span class='ocrx_word' id='word_1_247' title='bbox 127 3881 259 3939; x_wconf 85' lang='lat' dir='ltr'><strong>diem</strong></span> <span class='ocrx_word' id='word_1_248' title='bbox 289 3886 541 3955; x_wconf 57' lang='lat' dir='ltr'><strong>pascha;</strong></span> <span class='ocrx_word' id='word_1_249' title='bbox 591 3885 736 3957; x_wconf 90' lang='lat' dir='ltr'><strong>quod</strong></span> <span class='ocrx_word' id='word_1_250' title='bbox 764 3886 814 3942; x_wconf 87' lang='lat' dir='ltr'><strong>si</strong></span> <span class='ocrx_word' id='word_1_251' title='bbox 842 3885 1021 3943; x_wconf 90' lang='lat' dir='ltr'><strong>adhuc</strong></span> <span class='ocrx_word' id='word_1_252' title='bbox 1046 3885 1291 3955; x_wconf 83' lang='lat' dir='ltr'><strong>ejusdem</strong></span> <span class='ocrx_word' id='word_1_253' title='bbox 1339 3885 1469 3941; x_wconf 88' lang='lat' dir='ltr'><strong>anni</strong></span> <span class='ocrx_word' id='word_1_254' title='bbox 1519 3888 1734 3956; x_wconf 75' lang='lat' dir='ltr'><strong>pascha:</strong></span> 
     </span>
    </p>
   </div>
   <div class='ocr_carea' id='block_1_41' title="bbox 127 3971 1731 4050">
    <p class='ocr_par' dir='ltr' id='par_1_41' title="bbox 127 3971 1731 4050">
     <span class='ocr_line' id='line_1_41' title="bbox 127 3971 1731 4050; baseline 0.003 -21"><span class='ocrx_word' id='word_1_255' title='bbox 127 3971 237 4030; x_wconf 83' lang='lat' dir='ltr'><strong>dies</strong></span> <span class='ocrx_word' id='word_1_256' title='bbox 285 3976 535 4034; x_wconf 89' lang='lat' dir='ltr'><strong>incertus</strong></span> <span class='ocrx_word' id='word_1_257' title='bbox 580 3988 688 4045; x_wconf 89' lang='lat' dir='ltr'><strong>est,</strong></span> <span class='ocrx_word' id='word_1_258' title='bbox 742 3978 836 4035; x_wconf 89' lang='lat' dir='ltr'><strong>ille</strong></span> <span class='ocrx_word' id='word_1_259' title='bbox 867 3977 1184 4046; x_wconf 68' lang='lat' dir='ltr'><strong>praseedens</strong></span> <span class='ocrx_word' id='word_1_260' title='bbox 1212 3977 1560 4050; x_wconf 89' lang='lat' dir='ltr'><strong>adjungatur,</strong></span> <span class='ocrx_word' id='word_1_261' title='bbox 1593 3994 1731 4050; x_wconf 87' lang='lat' dir='ltr'><strong>quo-</strong></span> 
     </span>
    </p>
   </div>
   <div class='ocr_carea' id='block_1_42' title="bbox 127 4071 1732 4144">
    <p class='ocr_par' dir='ltr' id='par_1_42' title="bbox 127 4071 1732 4144">
     <span class='ocr_line' id='line_1_42' title="bbox 127 4071 1732 4144; baseline 0.003 -20"><span class='ocrx_word' id='word_1_262' title='bbox 127 4072 275 4125; x_wconf 81' lang='lat' dir='ltr'><strong>modo</strong></span> <span class='ocrx_word' id='word_1_263' title='bbox 337 4073 481 4131; x_wconf 83' lang='lat' dir='ltr'><strong>solet</strong></span> <span class='ocrx_word' id='word_1_264' title='bbox 545 4081 670 4141; x_wconf 88' lang='lat' dir='ltr'><strong>post</strong></span> <span class='ocrx_word' id='word_1_265' title='bbox 744 4074 1089 4131; x_wconf 86' lang='lat' dir='ltr'><strong>consulatum</strong></span> <span class='ocrx_word' id='word_1_266' title='bbox 1156 4074 1215 4130; x_wconf 94' lang='lat' dir='ltr'><strong>in</strong></span> <span class='ocrx_word' id='word_1_267' title='bbox 1276 4071 1507 4144; x_wconf 83' lang='lat' dir='ltr'><strong>publicis</strong></span> <span class='ocrx_word' id='word_1_268' title='bbox 1564 4075 1732 4143; x_wconf 88' lang='lat' dir='ltr'><strong>gestis</strong></span> 
     </span>
    </p>
   </div>
   <div class='ocr_carea' id='block_1_43' title="bbox 127 4165 334 4221">
    <p class='ocr_par' dir='ltr' id='par_1_43' title="bbox 127 4165 334 4221">
     <span class='ocr_line' id='line_1_43' title="bbox 127 4165 334 4221; baseline 0.01 -2"><span class='ocrx_word' id='word_1_269' title='bbox 127 4165 334 4221; x_wconf 73' lang='lat' dir='ltr'><strong>ascribi.</strong></span> 
     </span>
    </p>
   </div>
   <div class='ocr_carea' id='block_1_44' title="bbox 127 4274 1736 4354">
    <p class='ocr_par' dir='ltr' id='par_1_44' title="bbox 127 4274 1736 4354">
     <span class='ocr_line' id='line_1_44' title="bbox 127 4274 1736 4354; baseline 0.004 -22"><span class='ocrx_word' id='word_1_270' title='bbox 127 4274 257 4335; x_wconf 80' lang='lat' dir='ltr'><strong>XXI.</strong></span> <span class='ocrx_word' id='word_1_271' title='bbox 300 4280 382 4338; x_wconf 85' lang='lat' dir='ltr'><strong>De</strong></span> <span class='ocrx_word' id='word_1_272' title='bbox 402 4282 663 4352; x_wconf 69' lang='lat' dir='ltr'><strong>episcOpis</strong></span> <span class='ocrx_word' id='word_1_273' title='bbox 690 4282 780 4352; x_wconf 81' lang='lat' dir='ltr'><strong>qui</strong></span> <span class='ocrx_word' id='word_1_274' title='bbox 822 4282 878 4337; x_wconf 86' lang='lat' dir='ltr'><strong>id</strong></span> <span class='ocrx_word' id='word_1_275' title='bbox 898 4280 1038 4354; x_wconf 77' lang='lat' dir='ltr'><strong>quod</strong></span> <span class='ocrx_word' id='word_1_276' title='bbox 1057 4289 1283 4354; x_wconf 73' lang='lat' dir='ltr'><strong>repetere</strong></span> <span class='ocrx_word' id='word_1_277' title='bbox 1329 4287 1569 4353; x_wconf 83' lang='lat' dir='ltr'><strong>poterant</strong></span> <span class='ocrx_word' id='word_1_278' title='bbox 1604 4298 1736 4353; x_wconf 70' lang='lat' dir='ltr'><strong>prae-</strong></span> 
     </span>
    </p>
   </div>
   <div class='ocr_carea' id='block_1_45' title="bbox 531 4353 1316 4425">
    <p class='ocr_par' dir='ltr' id='par_1_45' title="bbox 531 4353 1316 4425">
     <span class='ocr_line' id='line_1_45' title="bbox 531 4353 1316 4425; baseline 0.003 -20"><span class='ocrx_word' id='word_1_279' title='bbox 531 4354 768 4409; x_wconf 81' lang='lat' dir='ltr'><strong>termissa</strong></span> <span class='ocrx_word' id='word_1_280' title='bbox 787 4355 992 4425; x_wconf 78' lang='lat' dir='ltr'><strong>synodo</strong></span> <span class='ocrx_word' id='word_1_281' title='bbox 1016 4353 1316 4409; x_wconf 82' lang='lat' dir='ltr'><strong>invaserint.</strong></span> 
     </span>
    </p>
   </div>
   <div class='ocr_carea' id='block_1_46' title="bbox 187 4444 1729 4519">
    <p class='ocr_par' dir='ltr' id='par_1_46' title="bbox 187 4444 1729 4519">
     <span class='ocr_line' id='line_1_46' title="bbox 187 4444 1729 4519; baseline 0.003 -20"><span class='ocrx_word' id='word_1_282' title='bbox 187 4444 319 4502; x_wconf 86' lang='lat' dir='ltr'><strong>Item</strong></span> <span class='ocrx_word' id='word_1_283' title='bbox 361 4447 593 4518; x_wconf 90' lang='lat' dir='ltr'><strong>placuit,</strong></span> <span class='ocrx_word' id='word_1_284' title='bbox 653 4457 711 4503; x_wconf 93' lang='lat' dir='ltr'><strong>ut</strong></span> <span class='ocrx_word' id='word_1_285' title='bbox 760 4448 1005 4519; x_wconf 87' lang='lat' dir='ltr'><strong>episcopi</strong></span> <span class='ocrx_word' id='word_1_286' title='bbox 1060 4462 1411 4518; x_wconf 85' lang='lat' dir='ltr'><strong>quascunque</strong></span> <span class='ocrx_word' id='word_1_287' title='bbox 1466 4448 1729 4505; x_wconf 86' lang='lat' dir='ltr'><strong>ecclesias</strong></span> 
     </span>
    </p>
   </div>
   <div class='ocr_carea' id='block_1_47' title="bbox 1842 548 3093 621">
    <p class='ocr_par' dir='ltr' id='par_1_47' title="bbox 1842 548 3093 621">
     <span class='ocr_line' id='line_1_47' title="bbox 1842 548 3093 621; baseline 0.001 -17"><span class='ocrx_word' id='word_1_288' title='bbox 1842 549 2051 607; x_wconf 88' lang='lat' dir='ltr'><strong>vicinos</strong></span> <span class='ocrx_word' id='word_1_289' title='bbox 2073 566 2195 605; x_wconf 87' lang='lat' dir='ltr'><strong>cum</strong></span> <span class='ocrx_word' id='word_1_290' title='bbox 2221 550 2473 605; x_wconf 90' lang='lat' dir='ltr'><strong>consultu</strong></span> <span class='ocrx_word' id='word_1_291' title='bbox 2499 548 2743 619; x_wconf 86' lang='lat' dir='ltr'><strong>primatis</strong></span> <span class='ocrx_word' id='word_1_292' title='bbox 2776 549 3093 621; x_wconf 87' lang='lat' dir='ltr'><strong>delegerint.</strong></span> 
     </span>
    </p>
   </div>
   <div class='ocr_carea' id='block_1_48' title="bbox 1846 644 3458 718">
    <p class='ocr_par' dir='ltr' id='par_1_48' title="bbox 1846 644 3458 718">
     <span class='ocr_line' id='line_1_48' title="bbox 1846 644 3458 718; baseline -0.002 -16"><span class='ocrx_word' id='word_1_293' title='bbox 1846 644 2009 702; x_wconf 86' lang='lat' dir='ltr'><strong>XXII.</strong></span> <span class='ocrx_word' id='word_1_294' title='bbox 2052 646 2133 702; x_wconf 88' lang='lat' dir='ltr'><strong>De</strong></span> <span class='ocrx_word' id='word_1_295' title='bbox 2175 647 2375 701; x_wconf 79' lang='lat' dir='ltr'><strong>clericis</strong></span> <span class='ocrx_word' id='word_1_296' title='bbox 2420 646 2508 714; x_wconf 83' lang='lat' dir='ltr'><strong>qui</strong></span> <span class='ocrx_word' id='word_1_297' title='bbox 2529 646 2593 700; x_wconf 83' lang='lat' dir='ltr'><strong>de</strong></span> <span class='ocrx_word' id='word_1_298' title='bbox 2631 645 2851 718; x_wconf 81' lang='lat' dir='ltr'><strong>judiciis</strong></span> <span class='ocrx_word' id='word_1_299' title='bbox 2920 646 3284 717; x_wconf 83' lang='lat' dir='ltr'><strong>episcoporum</strong></span> <span class='ocrx_word' id='word_1_300' title='bbox 3333 664 3458 705; x_wconf 82' lang='lat' dir='ltr'><strong>suo-</strong></span> 
     </span>
    </p>
   </div>
   <div class='ocr_carea' id='block_1_49' title="bbox 2372 727 2930 786">
    <p class='ocr_par' dir='ltr' id='par_1_49' title="bbox 2372 727 2930 786">
     <span class='ocr_line' id='line_1_49' title="bbox 2372 727 2930 786; baseline -0.002 -16"><span class='ocrx_word' id='word_1_301' title='bbox 2372 734 2490 771; x_wconf 86' lang='lat' dir='ltr'><strong>rum</strong></span> <span class='ocrx_word' id='word_1_302' title='bbox 2521 727 2930 786; x_wconf 75' lang='lat' dir='ltr'><strong>conquerantur.</strong></span> 
     </span>
    </p>
   </div>
   <div class='ocr_carea' id='block_1_50' title="bbox 1914 808 3461 881">
    <p class='ocr_par' dir='ltr' id='par_1_50' title="bbox 1914 808 3461 881">
     <span class='ocr_line' id='line_1_50' title="bbox 1914 808 3461 881; baseline 0.002 -17"><span class='ocrx_word' id='word_1_303' title='bbox 1914 808 2048 866; x_wconf 90' lang='lat' dir='ltr'><strong>Item</strong></span> <span class='ocrx_word' id='word_1_304' title='bbox 2083 810 2303 880; x_wconf 88' lang='lat' dir='ltr'><strong>placuit,</strong></span> <span class='ocrx_word' id='word_1_305' title='bbox 2339 818 2399 865; x_wconf 90' lang='lat' dir='ltr'><strong>ut</strong></span> <span class='ocrx_word' id='word_1_306' title='bbox 2439 808 2762 881; x_wconf 84' lang='lat' dir='ltr'><strong>presbyteri,</strong></span> <span class='ocrx_word' id='word_1_307' title='bbox 2794 809 3011 866; x_wconf 87' lang='lat' dir='ltr'><strong>diaconi</strong></span> <span class='ocrx_word' id='word_1_308' title='bbox 3042 810 3127 867; x_wconf 89' lang='lat' dir='ltr'><strong>vel</strong></span> <span class='ocrx_word' id='word_1_309' title='bbox 3163 814 3347 869; x_wconf 68' lang='lat' dir='ltr'><strong>caeteri</strong></span> <span class='ocrx_word' id='word_1_310' title='bbox 3378 814 3461 868; x_wconf 87' lang='lat' dir='ltr'><strong>in-</strong></span> 
     </span>
    </p>
   </div>
   <div class='ocr_carea' id='block_1_51' title="bbox 1842 900 3458 973">
    <p class='ocr_par' dir='ltr' id='par_1_51' title="bbox 1842 900 3458 973">
     <span class='ocr_line' id='line_1_51' title="bbox 1842 900 3458 973; baseline -0.001 -16"><span class='ocrx_word' id='word_1_311' title='bbox 1842 901 2073 959; x_wconf 78' lang='lat' dir='ltr'><strong>feriores</strong></span> <span class='ocrx_word' id='word_1_312' title='bbox 2093 903 2300 969; x_wconf 90' lang='lat' dir='ltr'><strong>clerici,</strong></span> <span class='ocrx_word' id='word_1_313' title='bbox 2326 903 2383 958; x_wconf 93' lang='lat' dir='ltr'><strong>in</strong></span> <span class='ocrx_word' id='word_1_314' title='bbox 2408 902 2587 957; x_wconf 83' lang='lat' dir='ltr'><strong>causis</strong></span> <span class='ocrx_word' id='word_1_315' title='bbox 2615 916 2754 971; x_wconf 89' lang='lat' dir='ltr'><strong>quas</strong></span> <span class='ocrx_word' id='word_1_316' title='bbox 2790 900 3099 968; x_wconf 77' lang='lat' dir='ltr'><strong>habuerint,</strong></span> <span class='ocrx_word' id='word_1_317' title='bbox 3130 903 3175 956; x_wconf 84' lang='lat' dir='ltr'><strong>si</strong></span> <span class='ocrx_word' id='word_1_318' title='bbox 3214 904 3279 957; x_wconf 82' lang='lat' dir='ltr'><strong>de</strong></span> <span class='ocrx_word' id='word_1_319' title='bbox 3304 904 3458 973; x_wconf 85' lang='lat' dir='ltr'><strong>judi-</strong></span> 
     </span>
    </p>
   </div>
   <div class='ocr_carea' id='block_1_52' title="bbox 1840 994 3459 1066">
    <p class='ocr_par' dir='ltr' id='par_1_52' title="bbox 1840 994 3459 1066">
     <span class='ocr_line' id='line_1_52' title="bbox 1840 994 3459 1066; baseline -0.001 -13"><span class='ocrx_word' id='word_1_320' title='bbox 1840 997 1941 1053; x_wconf 91' lang='lat' dir='ltr'><strong>ciis</strong></span> <span class='ocrx_word' id='word_1_321' title='bbox 1972 996 2355 1066; x_wconf 89' lang='lat' dir='ltr'><strong>episcoporum</strong></span> <span class='ocrx_word' id='word_1_322' title='bbox 2406 1009 2632 1050; x_wconf 89' lang='lat' dir='ltr'><strong>suorum</strong></span> <span class='ocrx_word' id='word_1_323' title='bbox 2662 994 2839 1065; x_wconf 85' lang='lat' dir='ltr'><strong>questi</strong></span> <span class='ocrx_word' id='word_1_324' title='bbox 2886 994 3107 1063; x_wconf 84' lang='lat' dir='ltr'><strong>iuerint,</strong></span> <span class='ocrx_word' id='word_1_325' title='bbox 3142 995 3308 1050; x_wconf 90' lang='lat' dir='ltr'><strong>vicini</strong></span> <span class='ocrx_word' id='word_1_326' title='bbox 3338 997 3459 1066; x_wconf 87' lang='lat' dir='ltr'><strong>epi-</strong></span> 
     </span>
    </p>
   </div>
   <div class='ocr_carea' id='block_1_53' title="bbox 1839 1088 3463 1161">
    <p class='ocr_par' dir='ltr' id='par_1_53' title="bbox 1839 1088 3463 1161">
     <span class='ocr_line' id='line_1_53' title="bbox 1839 1088 3463 1161; baseline 0.001 -15"><span class='ocrx_word' id='word_1_327' title='bbox 1839 1092 1991 1161; x_wconf 90' lang='lat' dir='ltr'><strong>scopi</strong></span> <span class='ocrx_word' id='word_1_328' title='bbox 2016 1106 2113 1147; x_wconf 88' lang='lat' dir='ltr'><strong>eos</strong></span> <span class='ocrx_word' id='word_1_329' title='bbox 2142 1092 2389 1158; x_wconf 89' lang='lat' dir='ltr'><strong>audiant,</strong></span> <span class='ocrx_word' id='word_1_330' title='bbox 2423 1100 2479 1146; x_wconf 91' lang='lat' dir='ltr'><strong>et</strong></span> <span class='ocrx_word' id='word_1_331' title='bbox 2506 1090 2650 1145; x_wconf 90' lang='lat' dir='ltr'><strong>inter</strong></span> <span class='ocrx_word' id='word_1_332' title='bbox 2695 1103 2790 1144; x_wconf 89' lang='lat' dir='ltr'><strong>eos</strong></span> <span class='ocrx_word' id='word_1_333' title='bbox 2818 1088 3081 1158; x_wconf 86' lang='lat' dir='ltr'><strong>quidquid</strong></span> <span class='ocrx_word' id='word_1_334' title='bbox 3139 1100 3225 1146; x_wconf 87' lang='lat' dir='ltr'><strong>est</strong></span> <span class='ocrx_word' id='word_1_335' title='bbox 3272 1089 3463 1148; x_wconf 89' lang='lat' dir='ltr'><strong>ﬁniant</strong></span> 
     </span>
    </p>
   </div>
   <div class='ocr_carea' id='block_1_54' title="bbox 1840 1184 3459 1255">
    <p class='ocr_par' dir='ltr' id='par_1_54' title="bbox 1840 1184 3459 1255">
     <span class='ocr_line' id='line_1_54' title="bbox 1840 1184 3459 1255; baseline -0.001 -14"><span class='ocrx_word' id='word_1_336' title='bbox 1840 1188 2071 1243; x_wconf 87' lang='lat' dir='ltr'><strong>adhibiti</strong></span> <span class='ocrx_word' id='word_1_337' title='bbox 2120 1190 2191 1244; x_wconf 91' lang='lat' dir='ltr'><strong>ab</strong></span> <span class='ocrx_word' id='word_1_338' title='bbox 2232 1190 2313 1244; x_wconf 89' lang='lat' dir='ltr'><strong>eis</strong></span> <span class='ocrx_word' id='word_1_339' title='bbox 2351 1204 2417 1244; x_wconf 81' lang='lat' dir='ltr'><strong>ex</strong></span> <span class='ocrx_word' id='word_1_340' title='bbox 2468 1201 2741 1243; x_wconf 85' lang='lat' dir='ltr'><strong>consensu</strong></span> <span class='ocrx_word' id='word_1_341' title='bbox 2788 1184 3170 1255; x_wconf 82' lang='lat' dir='ltr'><strong>episcOporum</strong></span> <span class='ocrx_word' id='word_1_342' title='bbox 3202 1199 3459 1252; x_wconf 89' lang='lat' dir='ltr'><strong>suorum;</strong></span> 
     </span>
    </p>
   </div>
   <div class='ocr_carea' id='block_1_55' title="bbox 1840 1280 3460 1354">
    <p class='ocr_par' dir='ltr' id='par_1_55' title="bbox 1840 1280 3460 1354">
     <span class='ocr_line' id='line_1_55' title="bbox 1840 1280 3460 1354; baseline -0.002 -19"><span class='ocrx_word' id='word_1_343' title='bbox 1840 1283 1986 1352; x_wconf 90' lang='lat' dir='ltr'><strong>quod</strong></span> <span class='ocrx_word' id='word_1_344' title='bbox 2013 1281 2059 1337; x_wconf 90' lang='lat' dir='ltr'><strong>si</strong></span> <span class='ocrx_word' id='word_1_345' title='bbox 2091 1292 2145 1337; x_wconf 90' lang='lat' dir='ltr'><strong>et</strong></span> <span class='ocrx_word' id='word_1_346' title='bbox 2174 1283 2338 1354; x_wconf 65' lang='grc'><strong>1⁸8</strong></span> <span class='ocrx_word' id='word_1_347' title='bbox 2359 1282 2427 1336; x_wconf 91' lang='lat' dir='ltr'><strong>ab</strong></span> <span class='ocrx_word' id='word_1_348' title='bbox 2454 1282 2536 1337; x_wconf 87' lang='lat' dir='ltr'><strong>eis</strong></span> <span class='ocrx_word' id='word_1_349' title='bbox 2560 1280 2967 1350; x_wconf 87' lang='lat' dir='ltr'><strong>provocandum</strong></span> <span class='ocrx_word' id='word_1_350' title='bbox 2992 1280 3322 1350; x_wconf 82' lang='lat' dir='ltr'><strong>putaverint,</strong></span> <span class='ocrx_word' id='word_1_351' title='bbox 3352 1293 3460 1333; x_wconf 91' lang='lat' dir='ltr'><strong>non</strong></span> 
     </span>
    </p>
   </div>
   <div class='ocr_carea' id='block_1_56' title="bbox 1842 1372 3463 1443">
    <p class='ocr_par' dir='ltr' id='par_1_56' title="bbox 1842 1372 3463 1443">
     <span class='ocr_line' id='line_1_56' title="bbox 1842 1372 3463 1443; baseline 0 -16"><span class='ocrx_word' id='word_1_352' title='bbox 1842 1382 2143 1443; x_wconf 76' lang='lat' dir='ltr'><strong>provocent</strong></span> <span class='ocrx_word' id='word_1_353' title='bbox 2172 1377 2275 1429; x_wconf 86' lang='lat' dir='ltr'><strong>nisi</strong></span> <span class='ocrx_word' id='word_1_354' title='bbox 2304 1374 2373 1429; x_wconf 90' lang='lat' dir='ltr'><strong>ad</strong></span> <span class='ocrx_word' id='word_1_355' title='bbox 2405 1373 2664 1430; x_wconf 78' lang='lat' dir='ltr'><strong>Africana</strong></span> <span class='ocrx_word' id='word_1_356' title='bbox 2708 1373 2941 1429; x_wconf 90' lang='lat' dir='ltr'><strong>concilia</strong></span> <span class='ocrx_word' id='word_1_357' title='bbox 2982 1372 3068 1428; x_wconf 90' lang='lat' dir='ltr'><strong>vel</strong></span> <span class='ocrx_word' id='word_1_358' title='bbox 3102 1374 3169 1428; x_wconf 90' lang='lat' dir='ltr'><strong>ad</strong></span> <span class='ocrx_word' id='word_1_359' title='bbox 3200 1372 3463 1441; x_wconf 87' lang='lat' dir='ltr'><strong>primatus</strong></span> 
     </span>
    </p>
   </div>
   <div class='ocr_carea' id='block_1_57' title="bbox 1844 1466 3464 1537">
    <p class='ocr_par' dir='ltr' id='par_1_57' title="bbox 1844 1466 3464 1537">
     <span class='ocr_line' id='line_1_57' title="bbox 1844 1466 3464 1537; baseline 0.001 -18"><span class='ocrx_word' id='word_1_360' title='bbox 1844 1466 2252 1535; x_wconf 88' lang='lat' dir='ltr'><strong>provinciarum</strong></span> <span class='ocrx_word' id='word_1_361' title='bbox 2303 1480 2572 1521; x_wconf 89' lang='lat' dir='ltr'><strong>suarum:</strong></span> <span class='ocrx_word' id='word_1_362' title='bbox 2625 1466 2693 1521; x_wconf 91' lang='lat' dir='ltr'><strong>ad</strong></span> <span class='ocrx_word' id='word_1_363' title='bbox 2741 1466 3099 1521; x_wconf 89' lang='lat' dir='ltr'><strong>transmarina</strong></span> <span class='ocrx_word' id='word_1_364' title='bbox 3145 1475 3327 1521; x_wconf 87' lang='lat' dir='ltr'><strong>autem</strong></span> <span class='ocrx_word' id='word_1_365' title='bbox 3372 1467 3464 1537; x_wconf 91' lang='lat' dir='ltr'><strong>qui</strong></span> 
     </span>
    </p>
   </div>
   <div class='ocr_carea' id='block_1_58' title="bbox 1841 1558 3464 1630">
    <p class='ocr_par' dir='ltr' id='par_1_58' title="bbox 1841 1558 3464 1630">
     <span class='ocr_line' id='line_1_58' title="bbox 1841 1558 3464 1630; baseline -0.001 -15"><span class='ocrx_word' id='word_1_366' title='bbox 1841 1561 2150 1630; x_wconf 84' lang='lat' dir='ltr'><strong>putaverint</strong></span> <span class='ocrx_word' id='word_1_367' title='bbox 2180 1560 2587 1630; x_wconf 87' lang='lat' dir='ltr'><strong>appellandum,</strong></span> <span class='ocrx_word' id='word_1_368' title='bbox 2635 1574 2664 1614; x_wconf 89' lang='lat' dir='ltr'><strong>a</strong></span> <span class='ocrx_word' id='word_1_369' title='bbox 2698 1559 2848 1615; x_wconf 91' lang='lat' dir='ltr'><strong>nullo</strong></span> <span class='ocrx_word' id='word_1_370' title='bbox 2905 1558 3048 1615; x_wconf 89' lang='lat' dir='ltr'><strong>intra</strong></span> <span class='ocrx_word' id='word_1_371' title='bbox 3099 1559 3336 1616; x_wconf 81' lang='lat' dir='ltr'><strong>Africam</strong></span> <span class='ocrx_word' id='word_1_372' title='bbox 3393 1558 3464 1614; x_wconf 90' lang='lat' dir='ltr'><strong>ad</strong></span> 
     </span>
    </p>
   </div>
   <div class='ocr_carea' id='block_1_59' title="bbox 1840 1652 2728 1723">
    <p class='ocr_par' dir='ltr' id='par_1_59' title="bbox 1840 1652 2728 1723">
     <span class='ocr_line' id='line_1_59' title="bbox 1840 1652 2728 1723; baseline -0.002 -17"><span class='ocrx_word' id='word_1_373' title='bbox 1840 1652 2284 1707; x_wconf 90' lang='lat' dir='ltr'><strong>communionem</strong></span> <span class='ocrx_word' id='word_1_374' title='bbox 2334 1652 2728 1723; x_wconf 86' lang='lat' dir='ltr'><strong>suscipiantur.</strong></span> 
     </span>
    </p>
   </div>
   <div class='ocr_carea' id='block_1_60' title="bbox 1845 1762 3464 1835">
    <p class='ocr_par' dir='ltr' id='par_1_60' title="bbox 1845 1762 3464 1835">
     <span class='ocr_line' id='line_1_60' title="bbox 1845 1762 3464 1835; baseline -0.001 -15"><span class='ocrx_word' id='word_1_375' title='bbox 1845 1762 2038 1820; x_wconf 81' lang='lat' dir='ltr'><strong>XXIII.</strong></span> <span class='ocrx_word' id='word_1_376' title='bbox 2082 1764 2163 1818; x_wconf 88' lang='lat' dir='ltr'><strong>De</strong></span> <span class='ocrx_word' id='word_1_377' title='bbox 2189 1765 2270 1818; x_wconf 80' lang='lat' dir='ltr'><strong>Itis</strong></span> <span class='ocrx_word' id='word_1_378' title='bbox 2315 1764 2406 1835; x_wconf 83' lang='lat' dir='ltr'><strong>qui</strong></span> <span class='ocrx_word' id='word_1_379' title='bbox 2445 1762 2892 1835; x_wconf 9' lang='lat' dir='ltr'><strong>apudrltgreticos</strong></span> <span class='ocrx_word' id='word_1_380' title='bbox 2936 1763 3292 1833; x_wconf 75' lang='lat' dir='ltr'><strong>paenitentiam</strong></span> <span class='ocrx_word' id='word_1_381' title='bbox 3320 1778 3464 1820; x_wconf 82' lang='lat' dir='ltr'><strong>acce-</strong></span> 
     </span>
    </p>
   </div>
   <div class='ocr_carea' id='block_1_61' title="bbox 2027 1832 3278 1905">
    <p class='ocr_par' dir='ltr' id='par_1_61' title="bbox 2027 1832 3278 1905">
     <span class='ocr_line' id='line_1_61' title="bbox 2027 1832 3278 1905; baseline 0.001 -16"><span class='ocrx_word' id='word_1_382' title='bbox 2027 1844 2215 1905; x_wconf 84' lang='lat' dir='ltr'><strong>perunt</strong></span> <span class='ocrx_word' id='word_1_383' title='bbox 2257 1832 2515 1905; x_wconf 79' lang='lat' dir='ltr'><strong>quomodo</strong></span> <span class='ocrx_word' id='word_1_384' title='bbox 2550 1834 2616 1887; x_wconf 86' lang='lat' dir='ltr'><strong>ab</strong></span> <span class='ocrx_word' id='word_1_385' title='bbox 2663 1832 2898 1888; x_wconf 79' lang='lat' dir='ltr'><strong>Ecclesia</strong></span> <span class='ocrx_word' id='word_1_386' title='bbox 2937 1832 3278 1905; x_wconf 69' lang='lat' dir='ltr'><strong>recipiantur.</strong></span> 
     </span>
    </p>
   </div>
   <div class='ocr_carea' id='block_1_62' title="bbox 1912 1922 3463 1997">
    <p class='ocr_par' dir='ltr' id='par_1_62' title="bbox 1912 1922 3463 1997">
     <span class='ocr_line' id='line_1_62' title="bbox 1912 1922 3463 1997; baseline 0.003 -18"><span class='ocrx_word' id='word_1_387' title='bbox 1912 1922 2146 1995; x_wconf 83' lang='lat' dir='ltr'><strong>Placuit,</strong></span> <span class='ocrx_word' id='word_1_388' title='bbox 2180 1934 2238 1982; x_wconf 94' lang='lat' dir='ltr'><strong>ut</strong></span> <span class='ocrx_word' id='word_1_389' title='bbox 2279 1926 2591 1997; x_wconf 84' lang='lat' dir='ltr'><strong>quicunque</strong></span> <span class='ocrx_word' id='word_1_390' title='bbox 2619 1939 2920 1981; x_wconf 90' lang='lat' dir='ltr'><strong>conversus</strong></span> <span class='ocrx_word' id='word_1_391' title='bbox 2952 1926 3021 1979; x_wconf 87' lang='lat' dir='ltr'><strong>ab</strong></span> <span class='ocrx_word' id='word_1_392' title='bbox 3072 1925 3347 1982; x_wconf 67' lang='lat' dir='ltr'><strong>haereticis</strong></span> <span class='ocrx_word' id='word_1_393' title='bbox 3375 1927 3463 1983; x_wconf 86' lang='lat' dir='ltr'><strong>di-</strong></span> 
     </span>
    </p>
   </div>
   <div class='ocr_carea' id='block_1_63' title="bbox 1839 2019 3459 2092">
    <p class='ocr_par' dir='ltr' id='par_1_63' title="bbox 1839 2019 3459 2092">
     <span class='ocr_line' id='line_1_63' title="bbox 1839 2019 3459 2092; baseline 0.001 -17"><span class='ocrx_word' id='word_1_394' title='bbox 1839 2020 1981 2076; x_wconf 77' lang='lat' dir='ltr'><strong>xerit</strong></span> <span class='ocrx_word' id='word_1_395' title='bbox 2010 2035 2070 2075; x_wconf 88' lang='lat' dir='ltr'><strong>se</strong></span> <span class='ocrx_word' id='word_1_396' title='bbox 2110 2021 2253 2090; x_wconf 89' lang='lat' dir='ltr'><strong>apud</strong></span> <span class='ocrx_word' id='word_1_397' title='bbox 2281 2035 2377 2077; x_wconf 87' lang='lat' dir='ltr'><strong>eos</strong></span> <span class='ocrx_word' id='word_1_398' title='bbox 2410 2019 2787 2091; x_wconf 73' lang='lat' dir='ltr'><strong>pmnitentiam</strong></span> <span class='ocrx_word' id='word_1_399' title='bbox 2830 2020 3132 2090; x_wconf 85' lang='lat' dir='ltr'><strong>accepisse,</strong></span> <span class='ocrx_word' id='word_1_400' title='bbox 3163 2021 3459 2092; x_wconf 85' lang='lat' dir='ltr'><strong>unusquis-</strong></span> 
     </span>
    </p>
   </div>
   <div class='ocr_carea' id='block_1_64' title="bbox 1840 2110 3464 2183">
    <p class='ocr_par' dir='ltr' id='par_1_64' title="bbox 1840 2110 3464 2183">
     <span class='ocr_line' id='line_1_64' title="bbox 1840 2110 3464 2183; baseline 0.002 -18"><span class='ocrx_word' id='word_1_401' title='bbox 1840 2126 1947 2181; x_wconf 87' lang='lat' dir='ltr'><strong>que</strong></span> <span class='ocrx_word' id='word_1_402' title='bbox 1988 2110 2292 2168; x_wconf 89' lang='lat' dir='ltr'><strong>catholicus</strong></span> <span class='ocrx_word' id='word_1_403' title='bbox 2344 2111 2636 2182; x_wconf 89' lang='lat' dir='ltr'><strong>episcopus</strong></span> <span class='ocrx_word' id='word_1_404' title='bbox 2679 2112 2920 2182; x_wconf 89' lang='lat' dir='ltr'><strong>requirat</strong></span> <span class='ocrx_word' id='word_1_405' title='bbox 2971 2111 3061 2167; x_wconf 91' lang='lat' dir='ltr'><strong>ubi</strong></span> <span class='ocrx_word' id='word_1_406' title='bbox 3102 2121 3158 2168; x_wconf 93' lang='lat' dir='ltr'><strong>et</strong></span> <span class='ocrx_word' id='word_1_407' title='bbox 3183 2113 3254 2169; x_wconf 93' lang='lat' dir='ltr'><strong>ob</strong></span> <span class='ocrx_word' id='word_1_408' title='bbox 3300 2128 3464 2183; x_wconf 89' lang='lat' dir='ltr'><strong>quam</strong></span> 
     </span>
    </p>
   </div>
   <div class='ocr_carea' id='block_1_65' title="bbox 1841 2200 3464 2272">
    <p class='ocr_par' dir='ltr' id='par_1_65' title="bbox 1841 2200 3464 2272">
     <span class='ocr_line' id='line_1_65' title="bbox 1841 2200 3464 2272; baseline 0.003 -17"><span class='ocrx_word' id='word_1_409' title='bbox 1841 2215 2061 2257; x_wconf 85' lang='lat' dir='ltr'><strong>causam</strong></span> <span class='ocrx_word' id='word_1_410' title='bbox 2087 2202 2230 2270; x_wconf 91' lang='lat' dir='ltr'><strong>apud</strong></span> <span class='ocrx_word' id='word_1_411' title='bbox 2261 2202 2483 2258; x_wconf 90' lang='lat' dir='ltr'><strong>eosdem</strong></span> <span class='ocrx_word' id='word_1_412' title='bbox 2528 2200 2819 2258; x_wconf 66' lang='lat' dir='ltr'><strong>bmreticos</strong></span> <span class='ocrx_word' id='word_1_413' title='bbox 2847 2203 3225 2272; x_wconf 66' lang='lat' dir='ltr'><strong>paenitentiam</strong></span> <span class='ocrx_word' id='word_1_414' title='bbox 3275 2218 3464 2260; x_wconf 80' lang='lat' dir='ltr'><strong>susce~</strong></span> 
     </span>
    </p>
   </div>
   <div class='ocr_carea' id='block_1_66' title="bbox 1842 2291 3464 2365">
    <p class='ocr_par' dir='ltr' id='par_1_66' title="bbox 1842 2291 3464 2365">
     <span class='ocr_line' id='line_1_66' title="bbox 1842 2291 3464 2365; baseline 0.002 -19"><span class='ocrx_word' id='word_1_415' title='bbox 1842 2292 2005 2363; x_wconf 89' lang='lat' dir='ltr'><strong>perit,</strong></span> <span class='ocrx_word' id='word_1_416' title='bbox 2034 2301 2091 2347; x_wconf 91' lang='lat' dir='ltr'><strong>ut</strong></span> <span class='ocrx_word' id='word_1_417' title='bbox 2121 2306 2244 2347; x_wconf 93' lang='lat' dir='ltr'><strong>cum</strong></span> <span class='ocrx_word' id='word_1_418' title='bbox 2276 2291 2440 2348; x_wconf 85' lang='lat' dir='ltr'><strong>certis</strong></span> <span class='ocrx_word' id='word_1_419' title='bbox 2478 2292 2822 2348; x_wconf 88' lang='lat' dir='ltr'><strong>documentis</strong></span> <span class='ocrx_word' id='word_1_420' title='bbox 2854 2294 2959 2349; x_wconf 91' lang='lat' dir='ltr'><strong>hoc</strong></span> <span class='ocrx_word' id='word_1_421' title='bbox 2995 2293 3173 2363; x_wconf 91' lang='lat' dir='ltr'><strong>ipsum</strong></span> <span class='ocrx_word' id='word_1_422' title='bbox 3214 2294 3321 2349; x_wconf 88' lang='lat' dir='ltr'><strong>sibi</strong></span> <span class='ocrx_word' id='word_1_423' title='bbox 3363 2310 3464 2365; x_wconf 88' lang='lat' dir='ltr'><strong>ap—</strong></span> 
     </span>
    </p>
   </div>
   <div class='ocr_carea' id='block_1_67' title="bbox 1842 2384 3465 2458">
    <p class='ocr_par' dir='ltr' id='par_1_67' title="bbox 1842 2384 3465 2458">
     <span class='ocr_line' id='line_1_67' title="bbox 1842 2384 3465 2458; baseline 0.003 -19"><span class='ocrx_word' id='word_1_424' title='bbox 1842 2384 2174 2456; x_wconf 87' lang='lat' dir='ltr'><strong>probavcrit,</strong></span> <span class='ocrx_word' id='word_1_425' title='bbox 2202 2401 2299 2457; x_wconf 91' lang='lat' dir='ltr'><strong>pro</strong></span> <span class='ocrx_word' id='word_1_426' title='bbox 2330 2385 2593 2457; x_wconf 82' lang='lat' dir='ltr'><strong>qualitate</strong></span> <span class='ocrx_word' id='word_1_427' title='bbox 2623 2385 2854 2454; x_wconf 90' lang='lat' dir='ltr'><strong>peccati,</strong></span> <span class='ocrx_word' id='word_1_428' title='bbox 2909 2387 3053 2442; x_wconf 91' lang='lat' dir='ltr'><strong>sicut</strong></span> <span class='ocrx_word' id='word_1_429' title='bbox 3111 2387 3294 2443; x_wconf 90' lang='lat' dir='ltr'><strong>eidem</strong></span> <span class='ocrx_word' id='word_1_430' title='bbox 3347 2390 3465 2458; x_wconf 85' lang='lat' dir='ltr'><strong>epi-</strong></span> 
     </span>
    </p>
   </div>
   <div class='ocr_carea' id='block_1_68' title="bbox 1841 2476 3465 2549">
    <p class='ocr_par' dir='ltr' id='par_1_68' title="bbox 1841 2476 3465 2549">
     <span class='ocr_line' id='line_1_68' title="bbox 1841 2476 3465 2549; baseline 0.002 -16"><span class='ocrx_word' id='word_1_431' title='bbox 1841 2490 2011 2546; x_wconf 91' lang='lat' dir='ltr'><strong>scopo</strong></span> <span class='ocrx_word' id='word_1_432' title='bbox 2038 2476 2310 2532; x_wconf 89' lang='lat' dir='ltr'><strong>catholico</strong></span> <span class='ocrx_word' id='word_1_433' title='bbox 2340 2476 2517 2533; x_wconf 89' lang='lat' dir='ltr'><strong>visum</strong></span> <span class='ocrx_word' id='word_1_434' title='bbox 2546 2476 2733 2547; x_wconf 78' lang='lat' dir='ltr'><strong>fuerit,</strong></span> <span class='ocrx_word' id='word_1_435' title='bbox 2767 2486 2981 2548; x_wconf 88' lang='lat' dir='ltr'><strong>tempus</strong></span> <span class='ocrx_word' id='word_1_436' title='bbox 3007 2478 3346 2549; x_wconf 63' lang='lat' dir='ltr'><strong>pmnitentia‘.</strong></span> <span class='ocrx_word' id='word_1_437' title='bbox 3376 2478 3465 2537; x_wconf 87' lang='lat' dir='ltr'><strong>vel</strong></span> 
     </span>
    </p>
   </div>
   <div class='ocr_carea' id='block_1_69' title="bbox 1843 2568 2625 2626">
    <p class='ocr_par' dir='ltr' id='par_1_69' title="bbox 1843 2568 2625 2626">
     <span class='ocr_line' id='line_1_69' title="bbox 1843 2568 2625 2626; baseline 0.001 -2"><span class='ocrx_word' id='word_1_438' title='bbox 1843 2568 2308 2626; x_wconf 89' lang='lat' dir='ltr'><strong>reconciliationis</strong></span> <span class='ocrx_word' id='word_1_439' title='bbox 2346 2569 2625 2626; x_wconf 86' lang='lat' dir='ltr'><strong>decernat.</strong></span> 
     </span>
    </p>
   </div>
   <div class='ocr_carea' id='block_1_70' title="bbox 1878 2678 3461 2752">
    <p class='ocr_par' dir='ltr' id='par_1_70' title="bbox 1878 2678 3461 2752">
     <span class='ocr_line' id='line_1_70' title="bbox 1878 2678 3461 2752; baseline 0.001 -16"><span class='ocrx_word' id='word_1_440' title='bbox 1878 2678 2072 2736; x_wconf 82' lang='lat' dir='ltr'><strong>XXIV.</strong></span> <span class='ocrx_word' id='word_1_441' title='bbox 2102 2679 2183 2735; x_wconf 83' lang='lat' dir='ltr'><strong>De</strong></span> <span class='ocrx_word' id='word_1_442' title='bbox 2202 2680 2461 2751; x_wconf 80' lang='lat' dir='ltr'><strong>epiquis</strong></span> <span class='ocrx_word' id='word_1_443' title='bbox 2486 2680 2866 2752; x_wconf 78' lang='lat' dir='ltr'><strong>negligentibus</strong></span> <span class='ocrx_word' id='word_1_444' title='bbox 2896 2681 3142 2737; x_wconf 82' lang='lat' dir='ltr'><strong>adversus</strong></span> <span class='ocrx_word' id='word_1_445' title='bbox 3172 2682 3461 2738; x_wconf 79' lang='lat' dir='ltr'><strong>Iucreticos.</strong></span> 
     </span>
    </p>
   </div>
   <div class='ocr_carea' id='block_1_71' title="bbox 1914 2793 3462 2867">
    <p class='ocr_par' dir='ltr' id='par_1_71' title="bbox 1914 2793 3462 2867">
     <span class='ocr_line' id='line_1_71' title="bbox 1914 2793 3462 2867; baseline 0.003 -18"><span class='ocrx_word' id='word_1_446' title='bbox 1914 2793 2047 2850; x_wconf 91' lang='lat' dir='ltr'><strong>Item</strong></span> <span class='ocrx_word' id='word_1_447' title='bbox 2081 2794 2304 2864; x_wconf 91' lang='lat' dir='ltr'><strong>placuit,</strong></span> <span class='ocrx_word' id='word_1_448' title='bbox 2330 2804 2392 2851; x_wconf 90' lang='lat' dir='ltr'><strong>ut</strong></span> <span class='ocrx_word' id='word_1_449' title='bbox 2415 2796 2726 2866; x_wconf 87' lang='lat' dir='ltr'><strong>quicunque</strong></span> <span class='ocrx_word' id='word_1_450' title='bbox 2762 2796 3040 2867; x_wconf 89' lang='lat' dir='ltr'><strong>negligunt</strong></span> <span class='ocrx_word' id='word_1_451' title='bbox 3067 2797 3185 2854; x_wconf 90' lang='lat' dir='ltr'><strong>loca</strong></span> <span class='ocrx_word' id='word_1_452' title='bbox 3208 2797 3279 2853; x_wconf 91' lang='lat' dir='ltr'><strong>ad</strong></span> <span class='ocrx_word' id='word_1_453' title='bbox 3306 2812 3462 2854; x_wconf 91' lang='lat' dir='ltr'><strong>suam</strong></span> 
     </span>
    </p>
   </div>
   <div class='ocr_carea' id='block_1_72' title="bbox 1842 2890 3466 2959">
    <p class='ocr_par' dir='ltr' id='par_1_72' title="bbox 1842 2890 3466 2959">
     <span class='ocr_line' id='line_1_72' title="bbox 1842 2890 3466 2959; baseline 0.002 -15"><span class='ocrx_word' id='word_1_454' title='bbox 1842 2890 2159 2945; x_wconf 88' lang='lat' dir='ltr'><strong>cathedram</strong></span> <span class='ocrx_word' id='word_1_455' title='bbox 2213 2890 2538 2959; x_wconf 89' lang='lat' dir='ltr'><strong>pertinentia</strong></span> <span class='ocrx_word' id='word_1_456' title='bbox 2589 2890 2644 2945; x_wconf 92' lang='lat' dir='ltr'><strong>in</strong></span> <span class='ocrx_word' id='word_1_457' title='bbox 2697 2891 3023 2947; x_wconf 86' lang='lat' dir='ltr'><strong>catholicam</strong></span> <span class='ocrx_word' id='word_1_458' title='bbox 3072 2893 3335 2948; x_wconf 86' lang='lat' dir='ltr'><strong>unitatem</strong></span> <span class='ocrx_word' id='word_1_459' title='bbox 3383 2892 3466 2948; x_wconf 90' lang='lat' dir='ltr'><strong>Iu-</strong></span> 
     </span>
    </p>
   </div>
   <div class='ocr_carea' id='block_1_73' title="bbox 1842 2983 3467 3057">
    <p class='ocr_par' dir='ltr' id='par_1_73' title="bbox 1842 2983 3467 3057">
     <span class='ocr_line' id='line_1_73' title="bbox 1842 2983 3467 3057; baseline 0 -15"><span class='ocrx_word' id='word_1_460' title='bbox 1842 2985 2008 3053; x_wconf 87' lang='lat' dir='ltr'><strong>crari,</strong></span> <span class='ocrx_word' id='word_1_461' title='bbox 2044 2985 2439 3039; x_wconf 89' lang='lat' dir='ltr'><strong>conveniantnr</strong></span> <span class='ocrx_word' id='word_1_462' title='bbox 2467 3000 2499 3038; x_wconf 90' lang='lat' dir='ltr'><strong>a</strong></span> <span class='ocrx_word' id='word_1_463' title='bbox 2546 2983 2899 3057; x_wconf 84' lang='lat' dir='ltr'><strong>diligentibus</strong></span> <span class='ocrx_word' id='word_1_464' title='bbox 2951 2984 3145 3041; x_wconf 88' lang='lat' dir='ltr'><strong>vicinis</strong></span> <span class='ocrx_word' id='word_1_465' title='bbox 3191 2985 3467 3057; x_wconf 88' lang='lat' dir='ltr'><strong>episcopis</strong></span> 
     </span>
    </p>
   </div>
   <div class='ocr_carea' id='block_1_74' title="bbox 1842 3077 3467 3149">
    <p class='ocr_par' dir='ltr' id='par_1_74' title="bbox 1842 3077 3467 3149">
     <span class='ocr_line' id='line_1_74' title="bbox 1842 3077 3467 3149; baseline 0.002 -16"><span class='ocrx_word' id='word_1_466' title='bbox 1842 3087 1902 3133; x_wconf 87' lang='lat' dir='ltr'><strong>ut</strong></span> <span class='ocrx_word' id='word_1_467' title='bbox 1934 3077 1987 3134; x_wconf 93' lang='lat' dir='ltr'><strong>id</strong></span> <span class='ocrx_word' id='word_1_468' title='bbox 2012 3092 2173 3148; x_wconf 87' lang='lat' dir='ltr'><strong>agere</strong></span> <span class='ocrx_word' id='word_1_469' title='bbox 2204 3092 2313 3132; x_wconf 85' lang='lat' dir='ltr'><strong>non</strong></span> <span class='ocrx_word' id='word_1_470' title='bbox 2340 3087 2659 3146; x_wconf 85' lang='lat' dir='ltr'><strong>morentur;</strong></span> <span class='ocrx_word' id='word_1_471' title='bbox 2692 3078 2839 3149; x_wconf 91' lang='lat' dir='ltr'><strong>quod</strong></span> <span class='ocrx_word' id='word_1_472' title='bbox 2860 3080 2906 3133; x_wconf 86' lang='lat' dir='ltr'><strong>si</strong></span> <span class='ocrx_word' id='word_1_473' title='bbox 2938 3079 3080 3135; x_wconf 86' lang='lat' dir='ltr'><strong>intra</strong></span> <span class='ocrx_word' id='word_1_474' title='bbox 3109 3094 3206 3137; x_wconf 80' lang='lat' dir='ltr'><strong>sex</strong></span> <span class='ocrx_word' id='word_1_475' title='bbox 3246 3094 3467 3137; x_wconf 87' lang='lat' dir='ltr'><strong>menses</strong></span> 
     </span>
    </p>
   </div>
   <div class='ocr_carea' id='block_1_75' title="bbox 1840 3174 3470 3245">
    <p class='ocr_par' dir='ltr' id='par_1_75' title="bbox 1840 3174 3470 3245">
     <span class='ocr_line' id='line_1_75' title="bbox 1840 3174 3470 3245; baseline 0.001 -13"><span class='ocrx_word' id='word_1_476' title='bbox 1840 3190 1872 3232; x_wconf 92' lang='lat' dir='ltr'><strong>a</strong></span> <span class='ocrx_word' id='word_1_477' title='bbox 1901 3175 1993 3231; x_wconf 89' lang='lat' dir='ltr'><strong>die</strong></span> <span class='ocrx_word' id='word_1_478' title='bbox 2032 3175 2413 3231; x_wconf 89' lang='lat' dir='ltr'><strong>conventionis</strong></span> <span class='ocrx_word' id='word_1_479' title='bbox 2461 3191 2571 3229; x_wconf 89' lang='lat' dir='ltr'><strong>non</strong></span> <span class='ocrx_word' id='word_1_480' title='bbox 2629 3174 2935 3243; x_wconf 81' lang='lat' dir='ltr'><strong>eﬁ‘ecerint,</strong></span> <span class='ocrx_word' id='word_1_481' title='bbox 2969 3177 3062 3245; x_wconf 91' lang='lat' dir='ltr'><strong>qui</strong></span> <span class='ocrx_word' id='word_1_482' title='bbox 3120 3180 3359 3244; x_wconf 89' lang='lat' dir='ltr'><strong>potuerit</strong></span> <span class='ocrx_word' id='word_1_483' title='bbox 3389 3176 3470 3233; x_wconf 90' lang='lat' dir='ltr'><strong>lu-</strong></span> 
     </span>
    </p>
   </div>
   <div class='ocr_carea' id='block_1_76' title="bbox 1838 3266 3468 3338">
    <p class='ocr_par' dir='ltr' id='par_1_76' title="bbox 1838 3266 3468 3338">
     <span class='ocr_line' id='line_1_76' title="bbox 1838 3266 3468 3338; baseline 0.002 -13"><span class='ocrx_word' id='word_1_484' title='bbox 1838 3270 1984 3325; x_wconf 87' lang='lat' dir='ltr'><strong>crari</strong></span> <span class='ocrx_word' id='word_1_485' title='bbox 2014 3284 2079 3325; x_wconf 90' lang='lat' dir='ltr'><strong>ea</strong></span> <span class='ocrx_word' id='word_1_486' title='bbox 2115 3269 2185 3323; x_wconf 89' lang='lat' dir='ltr'><strong>ad</strong></span> <span class='ocrx_word' id='word_1_487' title='bbox 2215 3270 2392 3338; x_wconf 88' lang='lat' dir='ltr'><strong>ipsum</strong></span> <span class='ocrx_word' id='word_1_488' title='bbox 2424 3266 2763 3337; x_wconf 88' lang='lat' dir='ltr'><strong>pertineant;</strong></span> <span class='ocrx_word' id='word_1_489' title='bbox 2796 3268 2871 3323; x_wconf 91' lang='lat' dir='ltr'><strong>ita</strong></span> <span class='ocrx_word' id='word_1_490' title='bbox 2896 3282 3053 3337; x_wconf 89' lang='lat' dir='ltr'><strong>sane,</strong></span> <span class='ocrx_word' id='word_1_491' title='bbox 3084 3277 3143 3324; x_wconf 91' lang='lat' dir='ltr'><strong>ut</strong></span> <span class='ocrx_word' id='word_1_492' title='bbox 3168 3271 3217 3324; x_wconf 90' lang='lat' dir='ltr'><strong>si</strong></span> <span class='ocrx_word' id='word_1_493' title='bbox 3250 3270 3363 3337; x_wconf 90' lang='lat' dir='ltr'><strong>ille,</strong></span> <span class='ocrx_word' id='word_1_494' title='bbox 3394 3271 3468 3328; x_wconf 78' lang='lat' dir='ltr'><strong>ad</strong></span> 
     </span>
    </p>
   </div>
   <div class='ocr_carea' id='block_1_77' title="bbox 1838 3360 3464 3434">
    <p class='ocr_par' dir='ltr' id='par_1_77' title="bbox 1838 3360 3464 3434">
     <span class='ocr_line' id='line_1_77' title="bbox 1838 3360 3464 3434; baseline 0.002 -18"><span class='ocrx_word' id='word_1_495' title='bbox 1838 3377 2000 3434; x_wconf 89' lang='lat' dir='ltr'><strong>quem</strong></span> <span class='ocrx_word' id='word_1_496' title='bbox 2043 3363 2371 3433; x_wconf 86' lang='lat' dir='ltr'><strong>pertinuisse</strong></span> <span class='ocrx_word' id='word_1_497' title='bbox 2402 3362 2745 3428; x_wconf 85' lang='lat' dir='ltr'><strong>videbantur,</strong></span> <span class='ocrx_word' id='word_1_498' title='bbox 2780 3360 3017 3431; x_wconf 91' lang='lat' dir='ltr'><strong>probare</strong></span> <span class='ocrx_word' id='word_1_499' title='bbox 3060 3364 3297 3430; x_wconf 88' lang='lat' dir='ltr'><strong>potuerit</strong></span> <span class='ocrx_word' id='word_1_500' title='bbox 3344 3378 3464 3420; x_wconf 87' lang='lat' dir='ltr'><strong>ma-</strong></span> 
     </span>
    </p>
   </div>
   <div class='ocr_carea' id='block_1_78' title="bbox 1836 3451 3468 3525">
    <p class='ocr_par' dir='ltr' id='par_1_78' title="bbox 1836 3451 3468 3525">
     <span class='ocr_line' id='line_1_78' title="bbox 1836 3451 3468 3525; baseline 0.002 -16"><span class='ocrx_word' id='word_1_501' title='bbox 1836 3454 1921 3525; x_wconf 91' lang='lat' dir='ltr'><strong>gis</strong></span> <span class='ocrx_word' id='word_1_502' title='bbox 1946 3454 2090 3509; x_wconf 91' lang='lat' dir='ltr'><strong>illius</strong></span> <span class='ocrx_word' id='word_1_503' title='bbox 2124 3454 2354 3510; x_wconf 88' lang='lat' dir='ltr'><strong>electam</strong></span> <span class='ocrx_word' id='word_1_504' title='bbox 2386 3451 2771 3523; x_wconf 87' lang='lat' dir='ltr'><strong>negligentiam</strong></span> <span class='ocrx_word' id='word_1_505' title='bbox 2815 3452 2884 3508; x_wconf 93' lang='lat' dir='ltr'><strong>ab</strong></span> <span class='ocrx_word' id='word_1_506' title='bbox 2944 3454 3219 3511; x_wconf 68' lang='lat' dir='ltr'><strong>hareticis</strong></span> <span class='ocrx_word' id='word_1_507' title='bbox 3257 3464 3317 3510; x_wconf 92' lang='lat' dir='ltr'><strong>ut</strong></span> <span class='ocrx_word' id='word_1_508' title='bbox 3364 3456 3468 3512; x_wconf 89' lang='lat' dir='ltr'><strong>im-</strong></span> 
     </span>
    </p>
   </div>
   <div class='ocr_carea' id='block_1_79' title="bbox 1838 3545 3465 3618">
    <p class='ocr_par' dir='ltr' id='par_1_79' title="bbox 1838 3545 3465 3618">
     <span class='ocr_line' id='line_1_79' title="bbox 1838 3545 3465 3618; baseline 0.004 -17"><span class='ocrx_word' id='word_1_509' title='bbox 1838 3560 1985 3617; x_wconf 90' lang='lat' dir='ltr'><strong>pune</strong></span> <span class='ocrx_word' id='word_1_510' title='bbox 2014 3545 2090 3602; x_wconf 90' lang='lat' dir='ltr'><strong>ibi</strong></span> <span class='ocrx_word' id='word_1_511' title='bbox 2120 3547 2251 3610; x_wconf 88' lang='lat' dir='ltr'><strong>sint,</strong></span> <span class='ocrx_word' id='word_1_512' title='bbox 2282 3557 2336 3602; x_wconf 88' lang='lat' dir='ltr'><strong>et</strong></span> <span class='ocrx_word' id='word_1_513' title='bbox 2364 3560 2517 3601; x_wconf 90' lang='lat' dir='ltr'><strong>suam</strong></span> <span class='ocrx_word' id='word_1_514' title='bbox 2548 3545 2885 3617; x_wconf 87' lang='lat' dir='ltr'><strong>diligentiam</strong></span> <span class='ocrx_word' id='word_1_515' title='bbox 2933 3546 3101 3604; x_wconf 78' lang='lat' dir='ltr'><strong>fuisse</strong></span> <span class='ocrx_word' id='word_1_516' title='bbox 3131 3558 3465 3618; x_wconf 72' lang='lat' dir='ltr'><strong>prmventam</strong></span> 
     </span>
    </p>
   </div>
   <div class='ocr_carea' id='block_1_80' title="bbox 1840 3639 3466 3711">
    <p class='ocr_par' dir='ltr' id='par_1_80' title="bbox 1840 3639 3466 3711">
     <span class='ocr_line' id='line_1_80' title="bbox 1840 3639 3466 3711; baseline 0.004 -16"><span class='ocrx_word' id='word_1_517' title='bbox 1840 3649 1901 3695; x_wconf 92' lang='lat' dir='ltr'><strong>ut</strong></span> <span class='ocrx_word' id='word_1_518' title='bbox 1940 3654 2008 3696; x_wconf 89' lang='lat' dir='ltr'><strong>eo</strong></span> <span class='ocrx_word' id='word_1_519' title='bbox 2054 3641 2219 3696; x_wconf 90' lang='lat' dir='ltr'><strong>modo</strong></span> <span class='ocrx_word' id='word_1_520' title='bbox 2241 3639 2361 3710; x_wconf 90' lang='lat' dir='ltr'><strong>ejus</strong></span> <span class='ocrx_word' id='word_1_521' title='bbox 2391 3655 2521 3697; x_wconf 91' lang='lat' dir='ltr'><strong>cura</strong></span> <span class='ocrx_word' id='word_1_522' title='bbox 2552 3640 2839 3697; x_wconf 89' lang='lat' dir='ltr'><strong>sollicitior</strong></span> <span class='ocrx_word' id='word_1_523' title='bbox 2886 3640 3169 3711; x_wconf 87' lang='lat' dir='ltr'><strong>vitaretur,</strong></span> <span class='ocrx_word' id='word_1_524' title='bbox 3202 3658 3325 3700; x_wconf 92' lang='lat' dir='ltr'><strong>cum</strong></span> <span class='ocrx_word' id='word_1_525' title='bbox 3363 3644 3466 3701; x_wconf 90' lang='lat' dir='ltr'><strong>hoc</strong></span> 
     </span>
    </p>
   </div>
   <div class='ocr_carea' id='block_1_81' title="bbox 1835 3722 3505 3806">
    <p class='ocr_par' dir='ltr' id='par_1_81' title="bbox 1835 3722 3505 3806">
     <span class='ocr_line' id='line_1_81' title="bbox 1835 3722 3505 3806; baseline 0.002 -17"><span class='ocrx_word' id='word_1_526' title='bbox 1835 3732 2045 3805; x_wconf 86' lang='lat' dir='ltr'><strong>judices</strong></span> <span class='ocrx_word' id='word_1_527' title='bbox 2094 3734 2340 3806; x_wconf 79' lang='lat' dir='ltr'><strong>episcopi</strong></span> <span class='ocrx_word' id='word_1_528' title='bbox 2397 3734 2773 3806; x_wconf 85' lang='lat' dir='ltr'><strong>cognoverint,</strong></span> <span class='ocrx_word' id='word_1_529' title='bbox 2835 3750 2949 3791; x_wconf 69' lang='lat' dir='ltr'><strong>sua:</strong></span> <span class='ocrx_word' id='word_1_530' title='bbox 3009 3736 3286 3793; x_wconf 71' lang='lat' dir='ltr'><strong>cathedra:</strong></span> <span class='ocrx_word' id='word_1_531' title='bbox 3342 3722 3505 3795; x_wconf 34' lang='lat' dir='ltr'><strong>loca.</strong></span> 
     </span>
    </p>
   </div>
   <div class='ocr_carea' id='block_1_82' title="bbox 1838 3832 3460 3904">
    <p class='ocr_par' dir='ltr' id='par_1_82' title="bbox 1838 3832 3460 3904">
     <span class='ocr_line' id='line_1_82' title="bbox 1838 3832 3460 3904; baseline 0.002 -16"><span class='ocrx_word' id='word_1_532' title='bbox 1838 3834 2153 3889; x_wconf 86' lang='lat' dir='ltr'><strong>restituant.</strong></span> <span class='ocrx_word' id='word_1_533' title='bbox 2187 3833 2332 3889; x_wconf 74' lang='lat' dir='ltr'><strong>Sane</strong></span> <span class='ocrx_word' id='word_1_534' title='bbox 2376 3833 2424 3888; x_wconf 88' lang='lat' dir='ltr'><strong>si</strong></span> <span class='ocrx_word' id='word_1_535' title='bbox 2453 3832 2698 3904; x_wconf 90' lang='lat' dir='ltr'><strong>episcopi</strong></span> <span class='ocrx_word' id='word_1_536' title='bbox 2728 3833 2872 3887; x_wconf 91' lang='lat' dir='ltr'><strong>inter</strong></span> <span class='ocrx_word' id='word_1_537' title='bbox 2902 3848 3040 3902; x_wconf 92' lang='lat' dir='ltr'><strong>quos</strong></span> <span class='ocrx_word' id='word_1_538' title='bbox 3084 3847 3245 3890; x_wconf 86' lang='lat' dir='ltr'><strong>causa</strong></span> <span class='ocrx_word' id='word_1_539' title='bbox 3273 3847 3460 3891; x_wconf 87' lang='lat' dir='ltr'><strong>versa-</strong></span> 
     </span>
    </p>
   </div>
   <div class='ocr_carea' id='block_1_83' title="bbox 1839 3927 3460 4000">
    <p class='ocr_par' dir='ltr' id='par_1_83' title="bbox 1839 3927 3460 4000">
     <span class='ocr_line' id='line_1_83' title="bbox 1839 3927 3460 4000; baseline 0.003 -19"><span class='ocrx_word' id='word_1_540' title='bbox 1839 3934 1929 3982; x_wconf 89' lang='lat' dir='ltr'><strong>tur</strong></span> <span class='ocrx_word' id='word_1_541' title='bbox 1956 3927 2295 3984; x_wconf 87' lang='lat' dir='ltr'><strong>diversarum</strong></span> <span class='ocrx_word' id='word_1_542' title='bbox 2326 3938 2453 3984; x_wconf 90' lang='lat' dir='ltr'><strong>sunt</strong></span> <span class='ocrx_word' id='word_1_543' title='bbox 2494 3927 2921 3998; x_wconf 86' lang='lat' dir='ltr'><strong>provinciarum,</strong></span> <span class='ocrx_word' id='word_1_544' title='bbox 2952 3927 3041 3983; x_wconf 92' lang='lat' dir='ltr'><strong>ille</strong></span> <span class='ocrx_word' id='word_1_545' title='bbox 3071 3928 3336 4000; x_wconf 88' lang='lat' dir='ltr'><strong>primatus</strong></span> <span class='ocrx_word' id='word_1_546' title='bbox 3365 3928 3460 3986; x_wconf 89' lang='lat' dir='ltr'><strong>dct</strong></span> 
     </span>
    </p>
   </div>
   <div class='ocr_carea' id='block_1_84' title="bbox 1834 4017 3459 4093">
    <p class='ocr_par' dir='ltr' id='par_1_84' title="bbox 1834 4017 3459 4093">
     <span class='ocr_line' id='line_1_84' title="bbox 1834 4017 3459 4093; baseline 0.002 -19"><span class='ocrx_word' id='word_1_547' title='bbox 1834 4017 2045 4091; x_wconf 86' lang='lat' dir='ltr'><strong>judices</strong></span> <span class='ocrx_word' id='word_1_548' title='bbox 2079 4019 2201 4093; x_wconf 90' lang='lat' dir='ltr'><strong>[U.,</strong></span> <span class='ocrx_word' id='word_1_549' title='bbox 2229 4018 2320 4085; x_wconf 87' lang='lat' dir='ltr'><strong>B.,</strong></span> <span class='ocrx_word' id='word_1_550' title='bbox 2352 4018 2666 4092; x_wconf 89' lang='lat' dir='ltr'><strong>dejudicet],</strong></span> <span class='ocrx_word' id='word_1_551' title='bbox 2691 4021 2744 4075; x_wconf 92' lang='lat' dir='ltr'><strong>in</strong></span> <span class='ocrx_word' id='word_1_552' title='bbox 2775 4019 2931 4091; x_wconf 87' lang='lat' dir='ltr'><strong>cujus</strong></span> <span class='ocrx_word' id='word_1_553' title='bbox 2971 4020 3247 4089; x_wconf 87' lang='lat' dir='ltr'><strong>provincia</strong></span> <span class='ocrx_word' id='word_1_554' title='bbox 3277 4030 3361 4077; x_wconf 88' lang='lat' dir='ltr'><strong>est</strong></span> <span class='ocrx_word' id='word_1_555' title='bbox 3378 4021 3459 4077; x_wconf 77' lang='lat' dir='ltr'><strong>lo-</strong></span> 
     </span>
    </p>
   </div>
   <div class='ocr_carea' id='block_1_85' title="bbox 1838 4112 3461 4185">
    <p class='ocr_par' dir='ltr' id='par_1_85' title="bbox 1838 4112 3461 4185">
     <span class='ocr_line' id='line_1_85' title="bbox 1838 4112 3461 4185; baseline 0.001 -18"><span class='ocrx_word' id='word_1_556' title='bbox 1838 4126 1935 4168; x_wconf 88' lang='lat' dir='ltr'><strong>cus</strong></span> <span class='ocrx_word' id='word_1_557' title='bbox 1960 4112 2029 4168; x_wconf 89' lang='lat' dir='ltr'><strong>de</strong></span> <span class='ocrx_word' id='word_1_558' title='bbox 2044 4128 2152 4183; x_wconf 80' lang='lat' dir='ltr'><strong>quo</strong></span> <span class='ocrx_word' id='word_1_559' title='bbox 2172 4114 2552 4169; x_wconf 88' lang='lat' dir='ltr'><strong>contenditur:</strong></span> <span class='ocrx_word' id='word_1_560' title='bbox 2584 4114 2629 4168; x_wconf 92' lang='lat' dir='ltr'><strong>si</strong></span> <span class='ocrx_word' id='word_1_561' title='bbox 2657 4122 2836 4168; x_wconf 88' lang='lat' dir='ltr'><strong>autem</strong></span> <span class='ocrx_word' id='word_1_562' title='bbox 2864 4127 2933 4168; x_wconf 80' lang='lat' dir='ltr'><strong>ex</strong></span> <span class='ocrx_word' id='word_1_563' title='bbox 2959 4114 3236 4168; x_wconf 86' lang='lat' dir='ltr'><strong>communi</strong></span> <span class='ocrx_word' id='word_1_564' title='bbox 3254 4114 3461 4185; x_wconf 89' lang='lat' dir='ltr'><strong>placito</strong></span> 
     </span>
    </p>
   </div>
   <div class='ocr_carea' id='block_1_86' title="bbox 1836 4205 3454 4277">
    <p class='ocr_par' dir='ltr' id='par_1_86' title="bbox 1836 4205 3454 4277">
     <span class='ocr_line' id='line_1_86' title="bbox 1836 4205 3454 4277; baseline 0.003 -17"><span class='ocrx_word' id='word_1_565' title='bbox 1836 4205 2046 4261; x_wconf 88' lang='lat' dir='ltr'><strong>vicinos</strong></span> <span class='ocrx_word' id='word_1_566' title='bbox 2065 4205 2277 4275; x_wconf 88' lang='lat' dir='ltr'><strong>judices</strong></span> <span class='ocrx_word' id='word_1_567' title='bbox 2309 4205 2599 4277; x_wconf 87' lang='lat' dir='ltr'><strong>elegerint,</strong></span> <span class='ocrx_word' id='word_1_568' title='bbox 2622 4214 2713 4261; x_wconf 91' lang='lat' dir='ltr'><strong>aut</strong></span> <span class='ocrx_word' id='word_1_569' title='bbox 2739 4221 2879 4261; x_wconf 90' lang='lat' dir='ltr'><strong>unus</strong></span> <span class='ocrx_word' id='word_1_570' title='bbox 2910 4206 3139 4276; x_wconf 89' lang='lat' dir='ltr'><strong>eligatur</strong></span> <span class='ocrx_word' id='word_1_571' title='bbox 3176 4217 3271 4263; x_wconf 88' lang='lat' dir='ltr'><strong>aut</strong></span> <span class='ocrx_word' id='word_1_572' title='bbox 3318 4219 3454 4277; x_wconf 88' lang='lat' dir='ltr'><strong>tres,</strong></span> 
     </span>
    </p>
   </div>
   <div class='ocr_carea' id='block_1_87' title="bbox 1836 4298 3462 4373">
    <p class='ocr_par' dir='ltr' id='par_1_87' title="bbox 1836 4298 3462 4373">
     <span class='ocr_line' id='line_1_87' title="bbox 1836 4298 3462 4373; baseline 0.003 -20"><span class='ocrx_word' id='word_1_573' title='bbox 1836 4306 1897 4354; x_wconf 90' lang='lat' dir='ltr'><strong>ut</strong></span> <span class='ocrx_word' id='word_1_574' title='bbox 1917 4298 1967 4356; x_wconf 88' lang='lat' dir='ltr'><strong>si</strong></span> <span class='ocrx_word' id='word_1_575' title='bbox 1993 4309 2103 4355; x_wconf 86' lang='lat' dir='ltr'><strong>tres</strong></span> <span class='ocrx_word' id='word_1_576' title='bbox 2124 4299 2391 4368; x_wconf 83' lang='lat' dir='ltr'><strong>elegerint</strong></span> <span class='ocrx_word' id='word_1_577' title='bbox 2414 4300 2764 4355; x_wconf 87' lang='lat' dir='ltr'><strong>automnium</strong></span> <span class='ocrx_word' id='word_1_578' title='bbox 2796 4301 3123 4357; x_wconf 83' lang='lat' dir='ltr'><strong>sententiam</strong></span> <span class='ocrx_word' id='word_1_579' title='bbox 3152 4310 3180 4339; x_wconf 74' lang='grc' dir='ltr'>ι</span> <span class='ocrx_word' id='word_1_580' title='bbox 3201 4315 3462 4373; x_wconf 88' lang='lat' dir='ltr'><strong>sequatur</strong></span> 
     </span>
    </p>
   </div>
   <div class='ocr_carea' id='block_1_88' title="bbox 1837 4393 3459 4465">
    <p class='ocr_par' dir='ltr' id='par_1_88' title="bbox 1837 4393 3459 4465">
     <span class='ocr_line' id='line_1_88' title="bbox 1837 4393 3459 4465; baseline 0.002 -17"><span class='ocrx_word' id='word_1_581' title='bbox 1837 4402 1931 4449; x_wconf 89' lang='lat' dir='ltr'><strong>aut</strong></span> <span class='ocrx_word' id='word_1_582' title='bbox 1983 4394 2248 4462; x_wconf 90' lang='lat' dir='ltr'><strong>duorum;</strong></span> <span class='ocrx_word' id='word_1_583' title='bbox 2305 4409 2334 4447; x_wconf 93' lang='lat' dir='ltr'><strong>a</strong></span> <span class='ocrx_word' id='word_1_584' title='bbox 2382 4393 2661 4465; x_wconf 88' lang='lat' dir='ltr'><strong>judicibus</strong></span> <span class='ocrx_word' id='word_1_585' title='bbox 2720 4402 2903 4448; x_wconf 87' lang='lat' dir='ltr'><strong>autem</strong></span> <span class='ocrx_word' id='word_1_586' title='bbox 2959 4408 3098 4463; x_wconf 90' lang='lat' dir='ltr'><strong>quos</strong></span> <span class='ocrx_word' id='word_1_587' title='bbox 3154 4397 3459 4451; x_wconf 86' lang='lat' dir='ltr'><strong>communis</strong></span> 
     </span>
    </p>
   </div>
   <div class='ocr_carea' id='block_1_89' title="bbox 1837 4485 3461 4559">
    <p class='ocr_par' dir='ltr' id='par_1_89' title="bbox 1837 4485 3461 4559">
     <span class='ocr_line' id='line_1_89' title="bbox 1837 4485 3461 4559; baseline 0.001 -17"><span class='ocrx_word' id='word_1_588' title='bbox 1837 4500 2138 4542; x_wconf 86' lang='lat' dir='ltr'><strong>consensus</strong></span> <span class='ocrx_word' id='word_1_589' title='bbox 2165 4485 2396 4557; x_wconf 79' lang='lat' dir='ltr'><strong>elegerit</strong></span> <span class='ocrx_word' id='word_1_590' title='bbox 2426 4500 2533 4541; x_wconf 92' lang='lat' dir='ltr'><strong>non</strong></span> <span class='ocrx_word' id='word_1_591' title='bbox 2559 4486 2719 4540; x_wconf 90' lang='lat' dir='ltr'><strong>liceat</strong></span> <span class='ocrx_word' id='word_1_592' title='bbox 2766 4500 3062 4555; x_wconf 89' lang='lat' dir='ltr'><strong>provocare</strong></span> <span class='ocrx_word' id='word_1_593' title='bbox 3089 4504 3101 4540; x_wconf 93' lang='lat'><strong>:</strong></span> <span class='ocrx_word' id='word_1_594' title='bbox 3133 4495 3189 4542; x_wconf 90' lang='lat' dir='ltr'><strong>et</strong></span> <span class='ocrx_word' id='word_1_595' title='bbox 3217 4488 3461 4559; x_wconf 82' lang='lat' dir='ltr'><strong>quisquis</strong></span> 
     </span>
    </p>
   </div>
   <div class='ocr_carea' id='block_1_90' title="bbox 127 4535 3463 4653">
    <p class='ocr_par' dir='ltr' id='par_1_90' title="bbox 127 4535 3463 4653">
     <span class='ocr_line' id='line_1_90' title="bbox 127 4535 3463 4653; baseline -0 -16"><span class='ocrx_word' id='word_1_596' title='bbox 127 4535 425 4653; x_wconf 36' lang='lat'><strong>15‘}???</strong></span> <span class='ocrx_word' id='word_1_597' title='bbox 442 4539 1235 4653; x_wconf 46' lang='lat' dir='ltr'><strong>q,‘ff‘_f‘_‘ff’f_&#39;£,°’_‘f°‘ff{&#39;f</strong></span> <span class='ocrx_word' id='word_1_598' title='bbox 1251 4541 1733 4653; x_wconf 38' lang='grc' dir='ltr'><strong>,θξίέιξηῗῗΡί-Ρθῖέ</strong></span> <span class='ocrx_word' id='word_1_599' title='bbox 1760 4576 1815 4639; x_wconf 89' lang='lat' dir='ltr'><strong><em>D</em></strong></span> <span class='ocrx_word' id='word_1_600' title='bbox 1841 4583 2105 4653; x_wconf 86' lang='lat' dir='ltr'><strong>probatus</strong></span> <span class='ocrx_word' id='word_1_601' title='bbox 2152 4535 2315 4635; x_wconf 45' lang='lat' dir='ltr'><strong>fuerit</strong></span> <span class='ocrx_word' id='word_1_602' title='bbox 2341 4594 2441 4651; x_wconf 90' lang='lat' dir='ltr'><strong>per</strong></span> <span class='ocrx_word' id='word_1_603' title='bbox 2478 4535 2876 4636; x_wconf 70' lang='lat' dir='ltr'><strong>contumaciam</strong></span> <span class='ocrx_word' id='word_1_604' title='bbox 2908 4579 3057 4635; x_wconf 90' lang='lat' dir='ltr'><strong>nolle</strong></span> <span class='ocrx_word' id='word_1_605' title='bbox 3086 4535 3463 4649; x_wconf 54' lang='lat' dir='ltr'><strong>obtemper&#39;are</strong></span> 
     </span>
    </p>
   </div>
   <div class='ocr_carea' id='block_1_91' title="bbox 129 4629 1730 4705">
    <p class='ocr_par' dir='ltr' id='par_1_91' title="bbox 129 4629 1730 4705">
     <span class='ocr_line' id='line_1_91' title="bbox 129 4629 1730 4705; baseline 0.006 -23"><span class='ocrx_word' id='word_1_606' title='bbox 129 4629 288 4687; x_wconf 85' lang='lat' dir='ltr'><strong>tincre</strong></span> <span class='ocrx_word' id='word_1_607' title='bbox 320 4648 429 4687; x_wconf 76' lang='lat' dir='ltr'><strong>non</strong></span> <span class='ocrx_word' id='word_1_608' title='bbox 471 4632 547 4687; x_wconf 87' lang='lat' dir='ltr'><strong>ita</strong></span> <span class='ocrx_word' id='word_1_609' title='bbox 580 4631 923 4701; x_wconf 84' lang='lat' dir='ltr'><strong>repetierint,</strong></span> <span class='ocrx_word' id='word_1_610' title='bbox 975 4642 1034 4687; x_wconf 93' lang='lat' dir='ltr'><strong>ut</strong></span> <span class='ocrx_word' id='word_1_611' title='bbox 1082 4647 1275 4689; x_wconf 89' lang='lat' dir='ltr'><strong>causas</strong></span> <span class='ocrx_word' id='word_1_612' title='bbox 1300 4648 1427 4690; x_wconf 87' lang='lat' dir='ltr'><strong>suas</strong></span> <span class='ocrx_word' id='word_1_613' title='bbox 1457 4636 1730 4705; x_wconf 81' lang='lat' dir='ltr'><strong>episcopis</strong></span> 
     </span>
    </p>
   </div>
   <div class='ocr_carea' id='block_1_92' title="bbox 126 4719 1730 4795">
    <p class='ocr_par' dir='ltr' id='par_1_92' title="bbox 126 4719 1730 4795">
     <span class='ocr_line' id='line_1_92' title="bbox 126 4719 1730 4795; baseline 0.004 -20"><span class='ocrx_word' id='word_1_614' title='bbox 126 4719 482 4791; x_wconf 76' lang='lat' dir='ltr'><strong>iudicantibus</strong></span> <span class='ocrx_word' id='word_1_615' title='bbox 514 4732 696 4795; x_wconf 72' lang='lat' dir='ltr'><strong>agant,</strong></span> <span class='ocrx_word' id='word_1_616' title='bbox 728 4722 825 4780; x_wconf 89' lang='lat' dir='ltr'><strong>sed</strong></span> <span class='ocrx_word' id='word_1_617' title='bbox 850 4724 958 4778; x_wconf 91' lang='lat' dir='ltr'><strong>alio</strong></span> <span class='ocrx_word' id='word_1_618' title='bbox 988 4725 1261 4781; x_wconf 89' lang='lat' dir='ltr'><strong>retinente</strong></span> <span class='ocrx_word' id='word_1_619' title='bbox 1290 4725 1571 4794; x_wconf 88' lang='lat' dir='ltr'><strong>irruerint,</strong></span> <span class='ocrx_word' id='word_1_620' title='bbox 1614 4725 1730 4781; x_wconf 86' lang='lat' dir='ltr'><strong>sive</strong></span> 
     </span>
    </p>
   </div>
   <div class='ocr_carea' id='block_1_93' title="bbox 129 4814 1733 4887">
    <p class='ocr_par' dir='ltr' id='par_1_93' title="bbox 129 4814 1733 4887">
     <span class='ocr_line' id='line_1_93' title="bbox 129 4814 1733 4887; baseline 0.006 -20"><span class='ocrx_word' id='word_1_621' title='bbox 129 4814 426 4871; x_wconf 80' lang='lat' dir='ltr'><strong>nolentibus</strong></span> <span class='ocrx_word' id='word_1_622' title='bbox 448 4815 565 4871; x_wconf 89' lang='lat' dir='ltr'><strong>sive</strong></span> <span class='ocrx_word' id='word_1_623' title='bbox 593 4816 902 4872; x_wconf 90' lang='lat' dir='ltr'><strong>volentibus</strong></span> <span class='ocrx_word' id='word_1_624' title='bbox 934 4817 1206 4887; x_wconf 90' lang='lat' dir='ltr'><strong>plebibus,</strong></span> <span class='ocrx_word' id='word_1_625' title='bbox 1260 4834 1439 4876; x_wconf 64' lang='lat' dir='ltr'><strong>causae</strong></span> <span class='ocrx_word' id='word_1_626' title='bbox 1479 4834 1592 4875; x_wconf 66' lang='lat' dir='ltr'><strong>suae</strong></span> <span class='ocrx_word' id='word_1_627' title='bbox 1637 4821 1733 4877; x_wconf 88' lang='lat' dir='ltr'><strong>de-</strong></span> 
     </span>
    </p>
   </div>
   <div class='ocr_carea' id='block_1_94' title="bbox 128 4906 1732 4984">
    <p class='ocr_par' dir='ltr' id='par_1_94' title="bbox 128 4906 1732 4984">
     <span class='ocr_line' id='line_1_94' title="bbox 128 4906 1732 4984; baseline 0.006 -23"><span class='ocrx_word' id='word_1_628' title='bbox 128 4906 430 4966; x_wconf 84' lang='lat' dir='ltr'><strong>trimentum</strong></span> <span class='ocrx_word' id='word_1_629' title='bbox 464 4908 789 4981; x_wconf 86' lang='lat' dir='ltr'><strong>patiantur:</strong></span> <span class='ocrx_word' id='word_1_630' title='bbox 824 4918 879 4965; x_wconf 90' lang='lat' dir='ltr'><strong>et</strong></span> <span class='ocrx_word' id='word_1_631' title='bbox 922 4911 1231 4981; x_wconf 89' lang='lat' dir='ltr'><strong>quicunque</strong></span> <span class='ocrx_word' id='word_1_632' title='bbox 1279 4912 1384 4969; x_wconf 89' lang='lat' dir='ltr'><strong>hoc</strong></span> <span class='ocrx_word' id='word_1_633' title='bbox 1424 4912 1535 4984; x_wconf 89' lang='lat' dir='ltr'><strong>jam</strong></span> <span class='ocrx_word' id='word_1_634' title='bbox 1586 4914 1732 4971; x_wconf 80' lang='lat' dir='ltr'><strong>lece-</strong></span> 
     </span>
    </p>
   </div>
   <div class='ocr_carea' id='block_1_95' title="bbox 129 5002 1727 5077">
    <p class='ocr_par' dir='ltr' id='par_1_95' title="bbox 129 5002 1727 5077">
     <span class='ocr_line' id='line_1_95' title="bbox 129 5002 1727 5077; baseline 0.005 -22"><span class='ocrx_word' id='word_1_635' title='bbox 129 5011 259 5068; x_wconf 85' lang='lat' dir='ltr'><strong>ruut,</strong></span> <span class='ocrx_word' id='word_1_636' title='bbox 283 5004 330 5059; x_wconf 88' lang='lat' dir='ltr'><strong>si</strong></span> <span class='ocrx_word' id='word_1_637' title='bbox 362 5002 609 5059; x_wconf 89' lang='lat' dir='ltr'><strong>nondum</strong></span> <span class='ocrx_word' id='word_1_638' title='bbox 638 5014 723 5060; x_wconf 88' lang='lat' dir='ltr'><strong>est</strong></span> <span class='ocrx_word' id='word_1_639' title='bbox 744 5004 885 5060; x_wconf 90' lang='lat' dir='ltr'><strong>inter</strong></span> <span class='ocrx_word' id='word_1_640' title='bbox 915 5006 1203 5075; x_wconf 83' lang='lat' dir='ltr'><strong>episcopos</strong></span> <span class='ocrx_word' id='word_1_641' title='bbox 1235 5004 1386 5061; x_wconf 90' lang='lat' dir='ltr'><strong>ﬁnita</strong></span> <span class='ocrx_word' id='word_1_642' title='bbox 1420 5009 1727 5077; x_wconf 90' lang='lat' dir='ltr'><strong>contentio,</strong></span> 
     </span>
    </p>
   </div>
   <div class='ocr_carea' id='block_1_96' title="bbox 128 5091 1735 5170">
    <p class='ocr_par' dir='ltr' id='par_1_96' title="bbox 128 5091 1735 5170">
     <span class='ocr_line' id='line_1_96' title="bbox 128 5091 1735 5170; baseline 0.005 -23"><span class='ocrx_word' id='word_1_643' title='bbox 128 5091 208 5147; x_wconf 87' lang='lat' dir='ltr'><strong>sed</strong></span> <span class='ocrx_word' id='word_1_644' title='bbox 238 5094 423 5150; x_wconf 88' lang='lat' dir='ltr'><strong>adhuc</strong></span> <span class='ocrx_word' id='word_1_645' title='bbox 454 5095 582 5151; x_wconf 89' lang='lat' dir='ltr'><strong>inde</strong></span> <span class='ocrx_word' id='word_1_646' title='bbox 601 5094 961 5163; x_wconf 89' lang='lat' dir='ltr'><strong>contendunt,</strong></span> <span class='ocrx_word' id='word_1_647' title='bbox 992 5097 1083 5151; x_wconf 90' lang='lat' dir='ltr'><strong>ille</strong></span> <span class='ocrx_word' id='word_1_648' title='bbox 1112 5096 1239 5153; x_wconf 89' lang='lat' dir='ltr'><strong>inde</strong></span> <span class='ocrx_word' id='word_1_649' title='bbox 1271 5097 1519 5155; x_wconf 82' lang='lat' dir='ltr'><strong>discedat</strong></span> <span class='ocrx_word' id='word_1_650' title='bbox 1563 5114 1735 5170; x_wconf 72' lang='lat' dir='ltr'><strong>quem</strong></span> 
     </span>
    </p>
   </div>
   <div class='ocr_carea' id='block_1_97' title="bbox 127 5188 1731 5258">
    <p class='ocr_par' dir='ltr' id='par_1_97' title="bbox 127 5188 1731 5258">
     <span class='ocr_line' id='line_1_97' title="bbox 127 5188 1731 5258; baseline 0.003 -17"><span class='ocrx_word' id='word_1_651' title='bbox 127 5188 420 5243; x_wconf 75' lang='lat' dir='ltr'><strong>constiterit</strong></span> <span class='ocrx_word' id='word_1_652' title='bbox 474 5188 856 5257; x_wconf 74' lang='lat' dir='ltr'><strong>praetermissis</strong></span> <span class='ocrx_word' id='word_1_653' title='bbox 898 5188 1171 5258; x_wconf 77' lang='lat' dir='ltr'><strong>iudicibus</strong></span> <span class='ocrx_word' id='word_1_654' title='bbox 1218 5190 1607 5247; x_wconf 87' lang='lat' dir='ltr'><strong>ecclesiasticis</strong></span> <span class='ocrx_word' id='word_1_655' title='bbox 1656 5192 1731 5246; x_wconf 89' lang='lat' dir='ltr'><strong>ir-</strong></span> 
     </span>
    </p>
   </div>
   <div class='ocr_carea' id='block_1_98' title="bbox 128 5276 1729 5355">
    <p class='ocr_par' dir='ltr' id='par_1_98' title="bbox 128 5276 1729 5355">
     <span class='ocr_line' id='line_1_98' title="bbox 128 5276 1729 5355; baseline 0.007 -25"><span class='ocrx_word' id='word_1_656' title='bbox 128 5276 283 5335; x_wconf 82' lang='lat' dir='ltr'><strong>ruisse</strong></span> <span class='ocrx_word' id='word_1_657' title='bbox 315 5297 328 5333; x_wconf 95' lang='lat'>:</span> <span class='ocrx_word' id='word_1_658' title='bbox 375 5294 479 5335; x_wconf 87' lang='lat' dir='ltr'><strong>nec</strong></span> <span class='ocrx_word' id='word_1_659' title='bbox 530 5280 632 5335; x_wconf 87' lang='lat' dir='ltr'><strong>sibi</strong></span> <span class='ocrx_word' id='word_1_660' title='bbox 662 5281 891 5351; x_wconf 89' lang='lat' dir='ltr'><strong>quisque</strong></span> <span class='ocrx_word' id='word_1_661' title='bbox 918 5281 1248 5350; x_wconf 90' lang='lat' dir='ltr'><strong>blandiatur,</strong></span> <span class='ocrx_word' id='word_1_662' title='bbox 1278 5284 1379 5340; x_wconf 90' lang='lat' dir='ltr'><strong>sia</strong></span> <span class='ocrx_word' id='word_1_663' title='bbox 1410 5285 1645 5355; x_wconf 90' lang='lat' dir='ltr'><strong>primatu</strong></span> <span class='ocrx_word' id='word_1_664' title='bbox 1669 5297 1729 5343; x_wconf 91' lang='lat' dir='ltr'><strong>ut</strong></span> 
     </span>
    </p>
   </div>
   <div class='ocr_carea' id='block_1_99' title="bbox 130 5370 1725 5445">
    <p class='ocr_par' dir='ltr' id='par_1_99' title="bbox 130 5370 1725 5445">
     <span class='ocr_line' id='line_1_99' title="bbox 130 5370 1725 5445; baseline 0.005 -22"><span class='ocrx_word' id='word_1_665' title='bbox 130 5372 344 5425; x_wconf 82' lang='lat' dir='ltr'><strong>retineat</strong></span> <span class='ocrx_word' id='word_1_666' title='bbox 374 5370 591 5426; x_wconf 90' lang='lat' dir='ltr'><strong>litteras</strong></span> <span class='ocrx_word' id='word_1_667' title='bbox 630 5370 971 5441; x_wconf 89' lang='lat' dir='ltr'><strong>impetrarit;</strong></span> <span class='ocrx_word' id='word_1_668' title='bbox 998 5371 1094 5428; x_wconf 91' lang='lat' dir='ltr'><strong>sed</strong></span> <span class='ocrx_word' id='word_1_669' title='bbox 1118 5372 1234 5430; x_wconf 88' lang='lat' dir='ltr'><strong>sive</strong></span> <span class='ocrx_word' id='word_1_670' title='bbox 1268 5373 1465 5431; x_wconf 85' lang='lat' dir='ltr'><strong>habeat</strong></span> <span class='ocrx_word' id='word_1_671' title='bbox 1492 5376 1725 5445; x_wconf 86' lang='lat' dir='ltr'><strong>litteras,</strong></span> 
     </span>
    </p>
   </div>
   <div class='ocr_carea' id='block_1_100' title="bbox 130 5461 1729 5541">
    <p class='ocr_par' dir='ltr' id='par_1_100' title="bbox 130 5461 1729 5541">
     <span class='ocr_line' id='line_1_100' title="bbox 130 5461 1729 5541; baseline 0.009 -28"><span class='ocrx_word' id='word_1_672' title='bbox 130 5473 230 5517; x_wconf 74' lang='lat' dir='ltr'><strong>sive</strong></span> <span class='ocrx_word' id='word_1_673' title='bbox 262 5478 371 5518; x_wconf 89' lang='lat' dir='ltr'><strong>non</strong></span> <span class='ocrx_word' id='word_1_674' title='bbox 406 5461 628 5534; x_wconf 82' lang='lat' dir='ltr'><strong>habeat,</strong></span> <span class='ocrx_word' id='word_1_675' title='bbox 661 5464 952 5521; x_wconf 89' lang='lat' dir='ltr'><strong>conveniat</strong></span> <span class='ocrx_word' id='word_1_676' title='bbox 994 5480 1119 5522; x_wconf 90' lang='lat' dir='ltr'><strong>eum</strong></span> <span class='ocrx_word' id='word_1_677' title='bbox 1166 5469 1257 5537; x_wconf 91' lang='lat' dir='ltr'><strong>qui</strong></span> <span class='ocrx_word' id='word_1_678' title='bbox 1310 5476 1457 5526; x_wconf 87' lang='lat' dir='ltr'><strong>tenet</strong></span> <span class='ocrx_word' id='word_1_679' title='bbox 1500 5480 1556 5526; x_wconf 92' lang='lat' dir='ltr'><strong>et</strong></span> <span class='ocrx_word' id='word_1_680' title='bbox 1606 5471 1729 5541; x_wconf 86' lang='lat' dir='ltr'><strong>ejus</strong></span> 
     </span>
    </p>
   </div>
   <div class='ocr_carea' id='block_1_101' title="bbox 133 5550 1728 5629">
    <p class='ocr_par' dir='ltr' id='par_1_101' title="bbox 133 5550 1728 5629">
     <span class='ocr_line' id='line_1_101' title="bbox 133 5550 1728 5629; baseline 0.009 -23"><span class='ocrx_word' id='word_1_681' title='bbox 133 5550 322 5610; x_wconf 72' lang='lat' dir='ltr'><strong>litteras</strong></span> <span class='ocrx_word' id='word_1_682' title='bbox 353 5557 608 5628; x_wconf 64' lang='lat' dir='ltr'><strong>accipias,</strong></span> <span class='ocrx_word' id='word_1_683' title='bbox 650 5568 713 5613; x_wconf 89' lang='lat' dir='ltr'><strong>ut</strong></span> <span class='ocrx_word' id='word_1_684' title='bbox 735 5567 994 5629; x_wconf 83' lang='lat' dir='ltr'><strong>appareat</strong></span> <span class='ocrx_word' id='word_1_685' title='bbox 1022 5559 1249 5628; x_wconf 86' lang='lat' dir='ltr'><strong>paciﬁce</strong></span> <span class='ocrx_word' id='word_1_686' title='bbox 1280 5564 1523 5619; x_wconf 89' lang='lat' dir='ltr'><strong>tenuisse</strong></span> <span class='ocrx_word' id='word_1_687' title='bbox 1550 5563 1728 5620; x_wconf 88' lang='lat' dir='ltr'><strong>eccle-</strong></span> 
     </span>
    </p>
   </div>
   <div class='ocr_carea' id='block_1_102' title="bbox 134 5645 1729 5727">
    <p class='ocr_par' dir='ltr' id='par_1_102' title="bbox 134 5645 1729 5727">
     <span class='ocr_line' id='line_1_102' title="bbox 134 5645 1729 5727; baseline 0.006 -25"><span class='ocrx_word' id='word_1_688' title='bbox 134 5645 249 5702; x_wconf 77' lang='lat' dir='ltr'><strong>siam</strong></span> <span class='ocrx_word' id='word_1_689' title='bbox 276 5651 345 5706; x_wconf 87' lang='lat' dir='ltr'><strong>ad</strong></span> <span class='ocrx_word' id='word_1_690' title='bbox 375 5666 441 5706; x_wconf 87' lang='lat' dir='ltr'><strong>se</strong></span> <span class='ocrx_word' id='word_1_691' title='bbox 467 5650 851 5721; x_wconf 87' lang='lat' dir='ltr'><strong>pertinentem.</strong></span> <span class='ocrx_word' id='word_1_692' title='bbox 896 5651 955 5708; x_wconf 88' lang='lat' dir='ltr'><strong>Si</strong></span> <span class='ocrx_word' id='word_1_693' title='bbox 980 5662 1158 5709; x_wconf 89' lang='lat' dir='ltr'><strong>autem</strong></span> <span class='ocrx_word' id='word_1_694' title='bbox 1191 5654 1285 5711; x_wconf 90' lang='lat' dir='ltr'><strong>ille</strong></span> <span class='ocrx_word' id='word_1_695' title='bbox 1317 5656 1552 5727; x_wconf 89' lang='lat' dir='ltr'><strong>aliquam</strong></span> <span class='ocrx_word' id='word_1_696' title='bbox 1580 5670 1729 5727; x_wconf 67' lang='lat' dir='ltr'><strong>qum-</strong></span> 
     </span>
    </p>
   </div>
   <div class='ocr_carea' id='block_1_103' title="bbox 135 5738 1729 5817">
    <p class='ocr_par' dir='ltr' id='par_1_103' title="bbox 135 5738 1729 5817">
     <span class='ocr_line' id='line_1_103' title="bbox 135 5738 1729 5817; baseline 0.007 -22"><span class='ocrx_word' id='word_1_697' title='bbox 135 5738 349 5798; x_wconf 72' lang='lat' dir='ltr'><strong>ttioaem</strong></span> <span class='ocrx_word' id='word_1_698' title='bbox 378 5744 645 5813; x_wconf 83' lang='lat' dir='ltr'><strong>retulerit,</strong></span> <span class='ocrx_word' id='word_1_699' title='bbox 675 5757 773 5815; x_wconf 88' lang='lat' dir='ltr'><strong>per</strong></span> <span class='ocrx_word' id='word_1_700' title='bbox 815 5744 1099 5816; x_wconf 84' lang='lat' dir='ltr'><strong>episcopos</strong></span> <span class='ocrx_word' id='word_1_701' title='bbox 1123 5745 1339 5817; x_wconf 90' lang='lat' dir='ltr'><strong>judices</strong></span> <span class='ocrx_word' id='word_1_702' title='bbox 1374 5763 1541 5806; x_wconf 86' lang='lat' dir='ltr'><strong>causa</strong></span> <span class='ocrx_word' id='word_1_703' title='bbox 1572 5748 1729 5805; x_wconf 85' lang='lat' dir='ltr'><strong>ﬁnia-</strong></span> 
     </span>
    </p>
   </div>
   <div class='ocr_carea' id='block_1_104' title="bbox 1833 4672 3461 4747">
    <p class='ocr_par' dir='ltr' id='par_1_104' title="bbox 1833 4672 3461 4747">
     <span class='ocr_line' id='line_1_104' title="bbox 1833 4672 3461 4747; baseline -0.001 -16"><span class='ocrx_word' id='word_1_704' title='bbox 1833 4675 2132 4747; x_wconf 76' lang='lat' dir='ltr'><strong>iudicibus,</strong></span> <span class='ocrx_word' id='word_1_705' title='bbox 2161 4688 2284 4729; x_wconf 91' lang='lat' dir='ltr'><strong>cum</strong></span> <span class='ocrx_word' id='word_1_706' title='bbox 2316 4673 2419 4729; x_wconf 91' lang='lat' dir='ltr'><strong>hoc</strong></span> <span class='ocrx_word' id='word_1_707' title='bbox 2444 4672 2632 4742; x_wconf 74' lang='lat' dir='ltr'><strong>primae</strong></span> <span class='ocrx_word' id='word_1_708' title='bbox 2662 4672 2811 4727; x_wconf 87' lang='lat' dir='ltr'><strong>sedis</strong></span> <span class='ocrx_word' id='word_1_709' title='bbox 2839 4674 3099 4742; x_wconf 88' lang='lat' dir='ltr'><strong>episcopo</strong></span> <span class='ocrx_word' id='word_1_710' title='bbox 3138 4672 3301 4727; x_wconf 74' lang='lat' dir='ltr'><strong>fuerit</strong></span> <span class='ocrx_word' id='word_1_711' title='bbox 3333 4686 3461 4741; x_wconf 90' lang='lat' dir='ltr'><strong>pro-</strong></span> 
     </span>
    </p>
   </div>
   <div class='ocr_carea' id='block_1_105' title="bbox 1836 4766 3461 4839">
    <p class='ocr_par' dir='ltr' id='par_1_105' title="bbox 1836 4766 3461 4839">
     <span class='ocr_line' id='line_1_105' title="bbox 1836 4766 3461 4839; baseline 0.001 -15"><span class='ocrx_word' id='word_1_712' title='bbox 1836 4770 2029 4836; x_wconf 86' lang='lat' dir='ltr'><strong>latum,</strong></span> <span class='ocrx_word' id='word_1_713' title='bbox 2073 4768 2169 4823; x_wconf 89' lang='lat' dir='ltr'><strong>det</strong></span> <span class='ocrx_word' id='word_1_714' title='bbox 2216 4766 2428 4823; x_wconf 89' lang='lat' dir='ltr'><strong>litteras</strong></span> <span class='ocrx_word' id='word_1_715' title='bbox 2459 4776 2519 4823; x_wconf 87' lang='lat' dir='ltr'><strong>ut</strong></span> <span class='ocrx_word' id='word_1_716' title='bbox 2547 4766 2728 4823; x_wconf 82' lang='lat' dir='ltr'><strong>nullus</strong></span> <span class='ocrx_word' id='word_1_717' title='bbox 2769 4768 2821 4823; x_wconf 92' lang='lat' dir='ltr'><strong>ei</strong></span> <span class='ocrx_word' id='word_1_718' title='bbox 2851 4767 3218 4825; x_wconf 84' lang='lat' dir='ltr'><strong>communicet</strong></span> <span class='ocrx_word' id='word_1_719' title='bbox 3243 4770 3461 4839; x_wconf 89' lang='lat' dir='ltr'><strong>episco-</strong></span> 
     </span>
    </p>
   </div>
   <div class='ocr_carea' id='block_1_106' title="bbox 1839 4863 2627 4935">
    <p class='ocr_par' dir='ltr' id='par_1_106' title="bbox 1839 4863 2627 4935">
     <span class='ocr_line' id='line_1_106' title="bbox 1839 4863 2627 4935; baseline -0.008 -14"><span class='ocrx_word' id='word_1_720' title='bbox 1839 4879 2035 4935; x_wconf 90' lang='lat' dir='ltr'><strong>porum</strong></span> <span class='ocrx_word' id='word_1_721' title='bbox 2063 4865 2239 4919; x_wconf 90' lang='lat' dir='ltr'><strong>donec</strong></span> <span class='ocrx_word' id='word_1_722' title='bbox 2264 4863 2627 4933; x_wconf 90' lang='lat' dir='ltr'><strong>obtemperet.</strong></span> 
     </span>
    </p>
   </div>
   <div class='ocr_carea' id='block_1_107' title="bbox 2271 4977 3022 5050">
    <p class='ocr_par' dir='ltr' id='par_1_107' title="bbox 2271 4977 3022 5050">
     <span class='ocr_line' id='line_1_107' title="bbox 2271 4977 3022 5050; baseline -0.004 -15"><span class='ocrx_word' id='word_1_723' title='bbox 2271 4977 2444 5035; x_wconf 82' lang='lat' dir='ltr'><strong>XXV.</strong></span> <span class='ocrx_word' id='word_1_724' title='bbox 2487 4978 2566 5033; x_wconf 86' lang='lat' dir='ltr'><strong>De</strong></span> <span class='ocrx_word' id='word_1_725' title='bbox 2611 4978 2799 5048; x_wconf 84' lang='lat' dir='ltr'><strong>quibus</strong></span> <span class='ocrx_word' id='word_1_726' title='bbox 2844 4994 3022 5050; x_wconf 86' lang='lat' dir='ltr'><strong>supra.</strong></span> 
     </span>
    </p>
   </div>
   <div class='ocr_carea' id='block_1_108' title="bbox 1909 5091 3457 5164">
    <p class='ocr_par' dir='ltr' id='par_1_108' title="bbox 1909 5091 3457 5164">
     <span class='ocr_line' id='line_1_108' title="bbox 1909 5091 3457 5164; baseline -0.003 -12"><span class='ocrx_word' id='word_1_727' title='bbox 1909 5095 1965 5152; x_wconf 90' lang='lat' dir='ltr'><strong>Si</strong></span> <span class='ocrx_word' id='word_1_728' title='bbox 1996 5096 2049 5150; x_wconf 90' lang='lat' dir='ltr'><strong>in</strong></span> <span class='ocrx_word' id='word_1_729' title='bbox 2084 5094 2398 5150; x_wconf 88' lang='lat' dir='ltr'><strong>matricibus</strong></span> <span class='ocrx_word' id='word_1_730' title='bbox 2425 5091 2698 5150; x_wconf 86' lang='lat' dir='ltr'><strong>cathedris</strong></span> <span class='ocrx_word' id='word_1_731' title='bbox 2724 5092 3016 5164; x_wconf 86' lang='lat' dir='ltr'><strong>episcopus</strong></span> <span class='ocrx_word' id='word_1_732' title='bbox 3029 5092 3310 5163; x_wconf 85' lang='lat' dir='ltr'><strong>negligens</strong></span> <span class='ocrx_word' id='word_1_733' title='bbox 3338 5091 3457 5148; x_wconf 81' lang='lat' dir='ltr'><strong>fue-</strong></span> 
     </span>
    </p>
   </div>
   <div class='ocr_carea' id='block_1_109' title="bbox 1836 5185 3454 5256">
    <p class='ocr_par' dir='ltr' id='par_1_109' title="bbox 1836 5185 3454 5256">
     <span class='ocr_line' id='line_1_109' title="bbox 1836 5185 3454 5256; baseline -0.005 -7"><span class='ocrx_word' id='word_1_734' title='bbox 1836 5193 1909 5249; x_wconf 87' lang='lat' dir='ltr'><strong>rit</strong></span> <span class='ocrx_word' id='word_1_735' title='bbox 1937 5192 2197 5246; x_wconf 87' lang='lat' dir='ltr'><strong>adversus</strong></span> <span class='ocrx_word' id='word_1_736' title='bbox 2240 5189 2548 5256; x_wconf 70' lang='lat' dir='ltr'><strong>haereticos,</strong></span> <span class='ocrx_word' id='word_1_737' title='bbox 2577 5190 2934 5244; x_wconf 89' lang='lat' dir='ltr'><strong>conveniatur</strong></span> <span class='ocrx_word' id='word_1_738' title='bbox 2962 5203 2993 5244; x_wconf 87' lang='lat' dir='ltr'><strong>a</strong></span> <span class='ocrx_word' id='word_1_739' title='bbox 3019 5185 3213 5243; x_wconf 88' lang='lat' dir='ltr'><strong>vicinis</strong></span> <span class='ocrx_word' id='word_1_740' title='bbox 3240 5186 3454 5256; x_wconf 88' lang='lat' dir='ltr'><strong>episco-</strong></span> 
     </span>
    </p>
   </div>
   <div class='ocr_carea' id='block_1_110' title="bbox 1836 5281 3457 5357">
    <p class='ocr_par' dir='ltr' id='par_1_110' title="bbox 1836 5281 3457 5357">
     <span class='ocr_line' id='line_1_110' title="bbox 1836 5281 3457 5357; baseline -0.007 -16"><span class='ocrx_word' id='word_1_741' title='bbox 1836 5286 1922 5357; x_wconf 91' lang='lat' dir='ltr'><strong>pis</strong></span> <span class='ocrx_word' id='word_1_742' title='bbox 1975 5282 2347 5355; x_wconf 79' lang='lat' dir='ltr'><strong>diligentibus,</strong></span> <span class='ocrx_word' id='word_1_743' title='bbox 2381 5290 2438 5338; x_wconf 90' lang='lat' dir='ltr'><strong>et</strong></span> <span class='ocrx_word' id='word_1_744' title='bbox 2485 5281 2535 5337; x_wconf 92' lang='lat' dir='ltr'><strong>ei</strong></span> <span class='ocrx_word' id='word_1_745' title='bbox 2562 5295 2661 5337; x_wconf 89' lang='lat' dir='ltr'><strong>sua</strong></span> <span class='ocrx_word' id='word_1_746' title='bbox 2699 5281 3021 5351; x_wconf 83' lang='lat' dir='ltr'><strong>negligentia</strong></span> <span class='ocrx_word' id='word_1_747' title='bbox 3051 5281 3457 5335; x_wconf 89' lang='lat' dir='ltr'><strong>demonstretur</strong></span> 
     </span>
    </p>
   </div>
   <div class='ocr_carea' id='block_1_111' title="bbox 1836 5370 3452 5443">
    <p class='ocr_par' dir='ltr' id='par_1_111' title="bbox 1836 5370 3452 5443">
     <span class='ocr_line' id='line_1_111' title="bbox 1836 5370 3452 5443; baseline -0.007 -10"><span class='ocrx_word' id='word_1_748' title='bbox 1836 5386 1899 5433; x_wconf 88' lang='lat' dir='ltr'><strong>ut</strong></span> <span class='ocrx_word' id='word_1_749' title='bbox 1930 5391 1990 5431; x_wconf 85' lang='lat' dir='ltr'><strong>se</strong></span> <span class='ocrx_word' id='word_1_750' title='bbox 2019 5390 2285 5431; x_wconf 82' lang='lat' dir='ltr'><strong>excusare</strong></span> <span class='ocrx_word' id='word_1_751' title='bbox 2323 5390 2430 5429; x_wconf 82' lang='lat' dir='ltr'><strong>non</strong></span> <span class='ocrx_word' id='word_1_752' title='bbox 2473 5373 2685 5443; x_wconf 89' lang='lat' dir='ltr'><strong>possit;</strong></span> <span class='ocrx_word' id='word_1_753' title='bbox 2718 5374 2863 5441; x_wconf 93' lang='lat' dir='ltr'><strong>quod</strong></span> <span class='ocrx_word' id='word_1_754' title='bbox 2888 5371 2935 5428; x_wconf 89' lang='lat' dir='ltr'><strong>si</strong></span> <span class='ocrx_word' id='word_1_755' title='bbox 2965 5386 3030 5426; x_wconf 76' lang='lat' dir='ltr'><strong>ex</strong></span> <span class='ocrx_word' id='word_1_756' title='bbox 3061 5370 3150 5425; x_wconf 82' lang='lat' dir='ltr'><strong>die</strong></span> <span class='ocrx_word' id='word_1_757' title='bbox 3178 5385 3287 5440; x_wconf 91' lang='lat' dir='ltr'><strong>quo</strong></span> <span class='ocrx_word' id='word_1_758' title='bbox 3316 5382 3452 5421; x_wconf 85' lang='lat' dir='ltr'><strong>con-</strong></span> 
     </span>
    </p>
   </div>
   <div class='ocr_carea' id='block_1_112' title="bbox 1838 5462 3455 5537">
    <p class='ocr_par' dir='ltr' id='par_1_112' title="bbox 1838 5462 3455 5537">
     <span class='ocr_line' id='line_1_112' title="bbox 1838 5462 3455 5537; baseline -0.009 -9"><span class='ocrx_word' id='word_1_759' title='bbox 1838 5471 2054 5528; x_wconf 88' lang='lat' dir='ltr'><strong>venitur</strong></span> <span class='ocrx_word' id='word_1_760' title='bbox 2078 5472 2216 5526; x_wconf 89' lang='lat' dir='ltr'><strong>intra</strong></span> <span class='ocrx_word' id='word_1_761' title='bbox 2243 5485 2337 5525; x_wconf 80' lang='lat' dir='ltr'><strong>sex</strong></span> <span class='ocrx_word' id='word_1_762' title='bbox 2369 5482 2585 5524; x_wconf 83' lang='lat' dir='ltr'><strong>menses</strong></span> <span class='ocrx_word' id='word_1_763' title='bbox 2630 5468 2686 5523; x_wconf 92' lang='lat' dir='ltr'><strong>in</strong></span> <span class='ocrx_word' id='word_1_764' title='bbox 2713 5468 2832 5537; x_wconf 89' lang='lat' dir='ltr'><strong>ejus</strong></span> <span class='ocrx_word' id='word_1_765' title='bbox 2862 5466 3138 5537; x_wconf 90' lang='lat' dir='ltr'><strong>provincia</strong></span> <span class='ocrx_word' id='word_1_766' title='bbox 3167 5462 3455 5519; x_wconf 79' lang='lat' dir='ltr'><strong>exsecutio</strong></span> 
     </span>
    </p>
   </div>
   <div class='ocr_carea' id='block_1_113' title="bbox 1837 5559 3454 5632">
    <p class='ocr_par' dir='ltr' id='par_1_113' title="bbox 1837 5559 3454 5632">
     <span class='ocr_line' id='line_1_113' title="bbox 1837 5559 3454 5632; baseline -0.006 -12"><span class='ocrx_word' id='word_1_767' title='bbox 1837 5565 2020 5632; x_wconf 77' lang='lat' dir='ltr'><strong>fuerit,</strong></span> <span class='ocrx_word' id='word_1_768' title='bbox 2056 5574 2111 5619; x_wconf 88' lang='lat' dir='ltr'><strong>et</strong></span> <span class='ocrx_word' id='word_1_769' title='bbox 2151 5580 2257 5620; x_wconf 91' lang='lat' dir='ltr'><strong>non</strong></span> <span class='ocrx_word' id='word_1_770' title='bbox 2289 5578 2384 5619; x_wconf 88' lang='lat' dir='ltr'><strong>eos</strong></span> <span class='ocrx_word' id='word_1_771' title='bbox 2432 5563 2499 5618; x_wconf 87' lang='lat' dir='ltr'><strong>ad</strong></span> <span class='ocrx_word' id='word_1_772' title='bbox 2543 5562 2805 5618; x_wconf 88' lang='lat' dir='ltr'><strong>unitatem</strong></span> <span class='ocrx_word' id='word_1_773' title='bbox 2853 5559 3173 5617; x_wconf 86' lang='lat' dir='ltr'><strong>catholicam</strong></span> <span class='ocrx_word' id='word_1_774' title='bbox 3221 5570 3454 5613; x_wconf 83' lang='lat' dir='ltr'><strong>conver-</strong></span> 
     </span>
    </p>
   </div>
   <div class='ocr_carea' id='block_1_114' title="bbox 1837 5648 3452 5723">
    <p class='ocr_par' dir='ltr' id='par_1_114' title="bbox 1837 5648 3452 5723">
     <span class='ocr_line' id='line_1_114' title="bbox 1837 5648 3452 5723; baseline -0.009 -10"><span class='ocrx_word' id='word_1_775' title='bbox 1837 5658 2031 5715; x_wconf 89' lang='lat' dir='ltr'><strong>tendos</strong></span> <span class='ocrx_word' id='word_1_776' title='bbox 2059 5660 2352 5723; x_wconf 87' lang='lat' dir='ltr'><strong>curaverit,</strong></span> <span class='ocrx_word' id='word_1_777' title='bbox 2388 5670 2497 5711; x_wconf 89' lang='lat' dir='ltr'><strong>non</strong></span> <span class='ocrx_word' id='word_1_778' title='bbox 2544 5655 2597 5710; x_wconf 84' lang='lat' dir='ltr'><strong>ei</strong></span> <span class='ocrx_word' id='word_1_779' title='bbox 2648 5652 3082 5710; x_wconf 78' lang='lat' dir='ltr'><strong>communicetur</strong></span> <span class='ocrx_word' id='word_1_780' title='bbox 3121 5652 3298 5705; x_wconf 89' lang='lat' dir='ltr'><strong>donec</strong></span> <span class='ocrx_word' id='word_1_781' title='bbox 3344 5648 3452 5700; x_wconf 88' lang='lat' dir='ltr'><strong>im-</strong></span> 
     </span>
    </p>
   </div>
   <div class='ocr_carea' id='block_1_115' title="bbox 1836 5743 3455 5821">
    <p class='ocr_par' dir='ltr' id='par_1_115' title="bbox 1836 5743 3455 5821">
     <span class='ocr_line' id='line_1_115' title="bbox 1836 5743 3455 5821; baseline -0.01 -15"><span class='ocrx_word' id='word_1_782' title='bbox 1836 5751 2026 5821; x_wconf 85' lang='lat' dir='ltr'><strong>pleat:</strong></span> <span class='ocrx_word' id='word_1_783' title='bbox 2061 5749 2315 5807; x_wconf 86' lang='lat' dir='ltr'><strong>siautem</strong></span> <span class='ocrx_word' id='word_1_784' title='bbox 2368 5746 2653 5820; x_wconf 87' lang='lat' dir='ltr'><strong>probatum</strong></span> <span class='ocrx_word' id='word_1_785' title='bbox 2705 5746 2865 5805; x_wconf 80' lang='lat' dir='ltr'><strong>fuerit</strong></span> <span class='ocrx_word' id='word_1_786' title='bbox 2916 5761 3040 5803; x_wconf 90' lang='lat' dir='ltr'><strong>eum</strong></span> <span class='ocrx_word' id='word_1_787' title='bbox 3086 5743 3156 5801; x_wconf 92' lang='lat' dir='ltr'><strong>de</strong></span> <span class='ocrx_word' id='word_1_788' title='bbox 3204 5752 3455 5799; x_wconf 83' lang='lat' dir='ltr'><strong>commu-</strong></span> 
     </span>
    </p>
   </div>
   <div class='ocr_carea' id='block_1_116' title="bbox 196 5877 1733 5961">
    <p class='ocr_par' dir='ltr' id='par_1_116' title="bbox 196 5877 1733 5961">
     <span class='ocr_line' id='line_1_116' title="bbox 196 5877 1733 5961; baseline 0.003 -23"><span class='ocrx_word' id='word_1_789' title='bbox 196 5886 222 5918; x_wconf 80' lang='grc' dir='ltr'>ι</span> <span class='ocrx_word' id='word_1_790' title='bbox 258 5878 335 5938; x_wconf 74' lang='grc' dir='ltr'><strong>ει</strong></span> <span class='ocrx_word' id='word_1_791' title='bbox 363 5877 487 5949; x_wconf 62' lang='lat'><strong>5.,</strong></span> <span class='ocrx_word' id='word_1_792' title='bbox 519 5880 582 5936; x_wconf 71' lang='grc' dir='ltr'><strong>ε.</strong></span> <span class='ocrx_word' id='word_1_793' title='bbox 614 5880 708 5952; x_wconf 69' lang='grc' dir='ltr'><strong>ιι..</strong></span> <span class='ocrx_word' id='word_1_794' title='bbox 748 5882 813 5941; x_wconf 80' lang='lat' dir='ltr'><strong>s.</strong></span> <span class='ocrx_word' id='word_1_795' title='bbox 840 5883 899 5949; x_wconf 75' lang='lat'><strong>3,</strong></span> <span class='ocrx_word' id='word_1_796' title='bbox 927 5882 995 5941; x_wconf 79' lang='grc' dir='ltr'><strong>τ,</strong></span> <span class='ocrx_word' id='word_1_797' title='bbox 1029 5884 1080 5942; x_wconf 77' lang='grc' dir='ltr'><strong>ι.</strong></span> <span class='ocrx_word' id='word_1_798' title='bbox 1112 5884 1172 5944; x_wconf 80' lang='grc' dir='ltr'><strong>ιιι</strong></span> <span class='ocrx_word' id='word_1_799' title='bbox 1202 5886 1297 5959; x_wconf 80' lang='lat' dir='ltr'><strong>A.,</strong></span> <span class='ocrx_word' id='word_1_800' title='bbox 1338 5885 1407 5947; x_wconf 79' lang='grc' dir='ltr'><strong>τ.</strong></span> <span class='ocrx_word' id='word_1_801' title='bbox 1436 5885 1499 5961; x_wconf 80' lang='lat' dir='ltr'><strong>a,</strong></span> <span class='ocrx_word' id='word_1_802' title='bbox 1540 5885 1635 5960; x_wconf 75' lang='grc' dir='ltr'><strong>υ..</strong></span> <span class='ocrx_word' id='word_1_803' title='bbox 1665 5883 1733 5946; x_wconf 81' lang='lat' dir='ltr'><strong>o.</strong></span> 
     </span>
    </p>
   </div>
   <div class='ocr_carea' id='block_1_117' title="bbox 1905 5877 2077 5961">
    <p class='ocr_par' dir='ltr' id='par_1_117' title="bbox 1905 5888 2077 5947">
     <span class='ocr_line' id='line_1_117' title="bbox 1905 5888 2077 5947; baseline 0.012 -2"><span class='ocrx_word' id='word_1_804' title='bbox 1905 5888 2077 5947; x_wconf 70' lang='lat' dir='ltr'><strong>lentia.</strong></span> 
     </span>
    </p>
   </div>
   <div class='ocr_carea' id='block_1_118' title="bbox 489 5976 1174 6047">
    <p class='ocr_par' dir='ltr' id='par_1_118' title="bbox 489 5976 1174 6047">
     <span class='ocr_line' id='line_1_118' title="bbox 489 5976 1174 6047; baseline 0.004 -7"><span class='ocrx_word' id='word_1_805' title='bbox 489 5976 768 6043; x_wconf 67' lang='lat' dir='ltr'><strong>Panos.</strong></span> <span class='ocrx_word' id='word_1_806' title='bbox 814 5976 1174 6047; x_wconf 81' lang='lat' dir='ltr'><strong>LXXXIV.</strong></span> 
     </span>
    </p>
   </div>
   <div class='ocr_carea' id='block_1_119' title="bbox 2934 5976 2977 6039">
    <p class='ocr_par' dir='ltr' id='par_1_119' title="bbox 2934 5976 2977 6039">
     <span class='ocr_line' id='line_1_119' title="bbox 2934 5976 2977 6039; baseline 0 0"><span class='ocrx_word' id='word_1_807' title='bbox 2934 5976 2977 6039; x_wconf 90' lang='lat'><strong>8</strong></span> 
     </span>
    </p>
   </div>
  </div>
