3870 6364
1168 387 1547 445 COLLECTIO
1581 382 1913 445 CANONUM
1948 387 2009 447 S.
2047 388 2321 450 lSlDORO
2357 386 2630 448 HISPAL.
2672 388 3031 449 ASCRIPTA.

3632 381 3746 446 238

456 507 615 560 nione
642 505 851 562 illorum
884 505 1047 561 fuisse
1086 507 1392 570 mentitum,
1424 505 1655 561 dicendo
1679 520 1775 561 eos
1805 520 2048 563 commu-
2076 516 2131 575 Α
2152 524 2310 566 verso
2336 508 2567 564 concilio
2586 506 2795 576 judices
2840 516 3023 561 ternos
3063 502 3133 560 de
3181 497 3407 574 singulis
3440 500 3751 569 provinciis

457 599 665 653 nieasse
686 614 820 668 quos
863 612 929 651 eo
983 597 1187 652 sciente
1245 600 1407 670 189
1459 614 1564 655 non
1619 600 2049 658 communicasse

460 687 775 749 Constiterit,
809 686 969 740 etiam
1000 688 1369 755 episcopatum
1402 688 1634 742 amittat.

528 776 716 833 XXVI.
762 777 837 830 De
878 779 1159 847 virginibus
1188 795 1304 849 qua:
1331 780 1472 849 infra
1502 781 1683 847 viginti
1708 782 1930 849 quinque
1957 798 2050 836 tm-

774 864 866 900 nos
896 851 1192 903 necessitate
1218 862 1429 921 cogente
1474 850 1726 903 velantur.

523 938 651 991 Item
683 938 901 1004 placuit,
927 950 983 992 ut
1006 940 1308 1008 quicunque
1322 942 1702 1009 episcoporum
1723 942 2051 996 necessitate

456 1030 812 1095 periclLtautis
845 1032 1110 1098 pudicitiae
1138 1032 1437 1103 virginalis,
1458 1047 1579 1087 cum
1612 1034 1695 1088 vel
1732 1035 1929 1102 petitor
1958 1048 2053 1103 po-

457 1128 575 1173 tens
599 1120 678 1173 vel
706 1131 883 1187 raptor
914 1120 1106 1188 aliquis
1136 1122 1469 1188 formidatur,
1500 1124 1585 1177 vel
1620 1124 1666 1178 si
1688 1124 1849 1179 etiam
1876 1124 2054 1192 aliquo

458 1212 508 1265 in
536 1213 723 1266 mortis
778 1212 1015 1277 periculo
1044 1215 1278 1282 scripulo
1302 1227 1619 1283 compuncta
1645 1216 1823 1280 fuerit,
1850 1232 1917 1271 ne
1946 1232 2053 1273 non

454 1306 624 1358 velata
670 1305 949 1371 moriatur,
978 1316 1072 1359 aut
1109 1308 1447 1378 exigentibus
1470 1309 1809 1379 parentibus,
1833 1320 1925 1363 aut
1972 1310 2054 1363 his

454 1396 519 1451 ad
551 1412 778 1465 quorum
811 1413 992 1451 curam
1050 1401 1309 1468 pertinet,
1343 1402 1599 1455 velaverit
1632 1401 1891 1470 virginem
1917 1402 2054 1454 intra

460 1487 657 1553 vigenti
691 1492 925 1555 quinque
957 1501 1126 1543 annos
1156 1490 1352 1557 a-tatis,
1386 1505 1491 1544 non
1522 1491 1570 1543 ei
1597 1491 1739 1544 obsit
1766 1492 2053 1545 concilium

456 1580 597 1645 quod
622 1582 687 1632 de
721 1582 824 1634 isto
851 1598 1074 1636 numero
1103 1598 1366 1637 annorum
1392 1584 1743 1637 constitutum
1774 1594 1875 1637 est.

529 1692 745 1748 XXVII.
790 1695 866 1769 _De
907 1697 1160 1764 episcopis
1208 1700 1293 1764 qui
1338 1709 1451 1768 post
1500 1710 1615 1753 acta
1663 1671 2058 1769 Carthaginensi

632 1766 824 1831 synon
863 1769 1042 1817 retenti
1068 1778 1185 1818 sunt
1207 1770 1276 1819 ad
1319 1766 1517 1837 reliqua
1563 1766 1873 1841 peragenda.

2152 599 2274 669 eligi
2301 615 2315 653 :
2342 608 2399 655 et
2420 600 2574 655 electi
2600 610 2722 652 sunt
2750 598 2817 651 de
2856 596 3124 665 provincia
3156 591 3568 663 Carthaginensi
3616 591 3754 646 Vin-

2153 693 2385 755 centius,
2418 688 2834 743 Fortunatianus
2856 698 2907 740 et
2930 684 3161 738 Clarus:
3206 686 3273 738 de
3307 683 3583 753 provincia
3624 679 3747 736 Nu-

2155 780 2590 850 midice'Alipius,
2618 780 2946 846 Augustinus
2974 785 3027 830 et
3056 773 3353 830 Restitutus
3381 792 3396 829 :
3428 774 3498 832 de
3528 774 3756 843 provin-

2154 870 2237 926 cia
2287 871 2559 941 Bysaeena
2613 882 2736 923 cum
2777 876 2967 921 sancto
3012 879 3143 921 sene
3182 863 3480 918 Donatiano
3518 868 3760 931 primatu

2155 965 2496 1032 Cresconius,
2549 962 2822 1019 Jueundus
2863 970 2919 1017 et
2960 960 3285 1017 Emilianus
3338 975 3353 1013 :
3399 958 3469 1014 de
3502 958 3764 1014 Maurita-

2158 1058 2241 1112 nia
2270 1058 2565 1125 Sitiphensi
2607 1057 2929 1114 Severianus
2966 1054 3052 1127 [Τ.
3107 1056 3158 1121 1,
3190 1050 3284 1119 G.,
3320 1050 3760 1122 Severiuianus],

2156 1147 2475 1203 Casiattieus
2529 1157 2585 1202 et
2634 1147 2867 1202 Donatus
2914 1164 2927 1198 :
2972 1144 3042 1199 de
3095 1144 3372 1213 provincia
3424 1142 3762 1210 Tripolitana

2161 1239 2422 1303 Plautius,
2469 1240 2558 1306 qui
2611 1252 2679 1290 ex
2721 1250 2872 1289 more
2920 1238 3124 1303 legatus
3182 1250 3321 1287 unus
3364 1244 3448 1288 est
3510 1234 3761 1285 missus:

2158 1332 2247 1399 qui
2278 1342 2467 1381 omnes
2519 1342 2641 1382 eum
2695 1334 2883 1382 sancto
2940 1338 3071 1379 sene
3123 1324 3342 1379 Aurelio
3384 1324 3639 1379 universa
3670 1336 3767 1377 co-

2160 1429 2435 1492 gnoscant,
2467 1434 2499 1474 a
2519 1434 2625 1489 quo
2646 1420 2795 1489 petiit
2825 1418 3130 1473 universum
3151 1417 3435 1473 concilium
3467 1426 3525 1471 ut
3546 1416 3761 1471 cunctis

2160 1514 2271 1566 sive
2296 1512 2461 1581 gestis
2500 1526 2617 1579 qua:
2646 1510 2891 1565 confecta
2915 1510 3025 1579 jam
3063 1519 3187 1563 sunt
3225 1523 3324 1564 seu
3368 1508 3618 1577 epistolis
3650 1508 3765 1575 ipse

2161 1602 2481 1657 subscribat.

2231 1692 2485 1748 Aurelius
2506 1694 2790 1761 episcopus
2832 1690 3076 1747 ecclesiae
3129 1686 3577 1760 Carthaginensis
3634 1686 3764 1741 sub-

2160 1784 2398 1852 scripsit.

530 1870 656 1923 ltem
692 1871 910 1937 placuit,
966 1886 1033 1925 ne
1077 1873 1278 1927 diutius
1322 1874 1557 1929 universi
1606 1879 1843 1944 episcopi
1898 1878 2057 1947 190
2091 1868 2140 1926 B
2244 1874 2574 1928 Donatianns
2595 1872 2929 1942 Teleptensis
2959 1873 3148 1942 prima
3174 1872 3321 1927 sedis
3346 1869 3694 1939 subscripsit.

452 1963 539 2030 qui
566 1962 631 2014 ad
664 1964 947 2018 concilium
972 1967 1285 2035 congregati
1316 1976 1441 2020 sunt
1466 1976 1801 2033 tenerentur,
1827 1968 1893 2019 ab
1928 1971 2054 2019 uui-

2237 1966 2499 2018 Similiter
2515 1974 2572 2019 et
2599 1979 2789 2026 omnes
2818 1964 3059 2035 episcopi
3080 1964 3549 2029 subscripserunt.

454 2072 3759 2111 ω

1305 2318 1984 2407 CONCILIUM
2027 2191 2751 2398 ξξΓΕΕΕΡΤΕΝ
2765 2314 2902 2398 SE

638 2518 795 2563 νοεῖ·
837 2501 864 2539 δ
908 2516 1327 2562 consuemus:
1373 2510 1835 2559 montosisstatt
1879 2509 2079 2554 BONOI

2199 2510 2277 2550 ΒΤ
2319 2507 2697 2552 ουκοῃκτιι
2742 2490 3035 2552 secunno
3080 2508 3197 2551 vm
3239 2508 3582 2553 IALBNDLO

1970 2585 2274 2633 ΜΔΙΤΙΔΒ.

524 2748 864 2818 Congregeto
890 2743 1124 2799 concilio
1156 2743 1209 2796 in
1250 2742 1479 2797 ecclesia
1512 2740 1893 2811 Apostolorum
1934 2739 2042 2809 ple-

461 2838 544 2892 bis
570 2836 903 2903 Teleptonsis
936 2835 1123 2889 beatus
1169 2833 1327 2903 Pater
1358 2836 1544 2901 prima:
1593 2831 1739 2887 sedis
1768 2831 2051 2899 episcopus

461 2930 785 2984 Donatianus
838 2926 1070 2981 civitatis
1123 2922 1464 2992 Teleptensis
1521 2938 1643 2977 cum
1713 2920 2047 2985 resedisset,

457 3019 871 3076 consedentibns
902 3031 1083 3071 secum
1114 3014 1391 3080 Januario,
1423 3013 1624 3078 Felice,
1648 3011 1920 3073 Secundo,
1950 3008 2055 3081 Cy-

459 3113 557 3181 rio,
600 3111 852 3174 Victoria,
888 3108 1249 3173 Seeundiano,
1306 3108 1437 3162 Geta
1482 3106 1600 3180 [D.,
1656 3104 1826 3177 Zeta],
1881 3104 2061 3159 Euno-

458 3203 963 3270 mio,Muximiano,
1011 3202 1233 3261 Donato,
1263 3198 1577 3261 Cresconio,
1637 3196 1902 3257 Jucuudo,
1959 3196 2059 3251 So-

463 3304 636 3364 patro,
672 3292 959 3356 Restituto,
994 3292 1227 3353 Juliano,
1280 3289 1620 3354 Maximiano,
1656 3287 1919 3349 Tertiolo,
1966 3285 2062 3339 Mi-

460 3388 586 3453 lieo,
624 3385 876 3449 Maximo,
908 3382 1226 3447 Donatiano,
1261 3380 1479 3447 Basilio,
1508 3378 1824 3444 Papiniano,
1859 3376 2061 3431 Janua-

2158 2751 2280 2806 qu:e
2307 2736 2359 2789 in
2392 2734 2683 2804 aliquantis
2708 2750 2815 2789 non
2840 2744 2998 2790 erant
3048 2750 3227 2791 causa:
3266 2741 3361 2791 sed
3402 2736 3661 2803 erimina,
3714 2746 3775 2792 ut

2160 2826 2228 2879 de
2258 2834 2455 2880 cetero
2487 2824 2795 2881 sollicitudo
2824 2835 2972 2882 esset
2993 2827 3280 2897 unicuique
3313 2829 3364 2880 in
3391 2822 3639 2883 Ecclesia
3674 2843 3773 2882 eu-

2164 2933 2277 2973 ram
2358 2918 2664 2987 hujusmodi
2719 2919 2942 2985 habere,
2988 2919 3132 2975 sicut
3184 2920 3463 2988 apostolus
3517 2919 3781 2988 praedicat

2167 3009 2363 3063 Paulus
2395 3028 2406 3063 :
2442 3009 2622 3063 Talem
2653 3009 2763 3064 Deo
2791 3009 3080 3064 Ecclesiam
3126 3013 3491 3081 exhibendam,
3528 3029 3638 3065 non
3688 3012 3781 3067 ha-

2169 3100 2366 3155 bentem
2390 3104 2648 3155 maculam
2670 3112 2759 3155 aut
2780 3118 2985 3173 rugam,
3008 3118 3074 3156 ne
3106 3116 3201 3171 per
3220 3102 3242 3138 ⁴¹
3261 3102 3491 3171 alicujus
3511 3104 3782 3157 morbida

2165 3193 2280 3246 ovis
2310 3193 2547 3245 afflatum
2574 3193 2898 3246 conscientia
2927 3204 3110 3247 nostra
3154 3194 3520 3247 contaminata
3563 3195 3781 3248 videre~

2168 3292 2273 3348 tur,
2306 3300 2411 3352 qua
2436 3286 2501 3335 de
2532 3297 2591 3337 re
2623 3284 2830 3337 meliori
2878 3283 3109 3337 consilio
3139 3283 3191 3338 id
3216 3284 3357 3339 sedit
3401 3294 3631 3354 prepter
3688 3298 3783 3339 eos

2168 3376 2421 3441 maxime,
2446 3376 2535 3444 qui
2566 3378 2617 3429 in
2649 3377 2897 3446 praesenti
2928 3377 3239 3432 valetudine
3262 3379 3513 3445 corporis
3543 3388 3645 3432 aut
3672 3378 3782 3434 fes-

460 3480 563 3542 rio,
614 3475 935 3547 Porphyrio,
983 3472 1109 3527 item
1166 3471 1483 3543 l'orphyrio,
1527 3469 1732 3524 Donato
1760 3510 1773 3533 ,
1823 3468 2056 3529 Juliuno,
2089 3456 2134 3518 C
2165 3482 2239 3523 sae
2269 3470 2443 3523 aetatis
2465 3482 2624 3522 causa
2652 3470 2843 3523 adesse
2890 3470 3114 3524 minime
3148 3479 3465 3538 potuerunt,
3497 3488 3611 3539 quo
3655 3486 3782 3541 per-

461 3570 620 3632 'l‘uto,
655 3568 928 3629 Fet-tonio,
963 3563 1274 3629 Quintiano,
1330 3563 1569 3630 (Iapione
1616 3571 1670 3615 et
1698 3562 1910 3613 exteris
1941 3558 2061 3625 epi-

462 3660 665 3727 scopis,
696 3673 904 3712 necnon
959 3657 1123 3711 etiam
1160 3656 1439 3708 Vincentio
1470 3666 1523 3708 et
1568 3654 1950 3707 Fortunatiano
1982 3652 2061 3703 le-

461 3754 601 3822 gatis
643 3751 932 3818 provinciae
990 3747 1390 3817 proconsularis
1442 3746 1507 3799 ad
1559 3744 1893 3813 Byzaeenum
1945 3742 2059 3815 [D.,

464 3839 1117 3913 Byzantium]eoncilimn
1150 3838 1369 3892 directis
1424 3846 1475 3890 et
1535 3836 1787 3905 reliquis;
1837 3836 2061 3887 Vincen-

464 3937 572 3991 tius
600 3944 653 3989 et
710 3932 1131 3987 Fortunatianus
1177 3931 1468 3984 dixerunt:
1518 3931 1692 3983 Etiam
1744 3928 2063 3984 eumThus—

465 4027 623 4081 drum
675 4025 1001 4089 fuissemus,
1049 4022 1186 4075 sicut
1234 4037 1444 4075 mecum
1501 4023 1691 4075 recolit
1738 4022 2066 4076 memorialis

466 4115 670 4168 auditio
702 4126 897 4178 vestra,
932 4121 986 4165 et
1038 4111 1293 4180 epistolas
1325 4122 1523 4166 s:mcta:
1575 4114 1847 4165 memoria:
1890 4112 2066 4167 Siricii

466 4208 610 4262 sedis
640 4206 949 4273 apostolica:
989 4205 1225 4273 episcopi
1277 4204 1597 4257 dederemus
1630 4204 1953 4267 recitandas,
2001 4219 2067 4256 ex

466 4302 663 4370 quibus
684 4315 808 4355 cum
840 4314 997 4351 unam
1029 4299 1233 4366 legeret
1255 4296 1665 4349 sanctitnoniutn
1700 4298 1876 4349 fratris
1901 4295 2068 4347 nostri

467 4393 704 4461 episcopi
742 4390 976 4451 Latonii,
1010 4401 1263 4457 utrasque
1304 4404 1402 4440 nos
1450 4402 1589 4439 nunc
1637 4390 1839 4439 referre
1870 4400 2066 4453 sugge-

468 4484 575 4537 stio
606 4484 807 4536 indicat
834 4499 846 4533 :
876 4482 973 4534 has
1006 4482 1218 4533 feCllzll'i
1249 4480 1465 4532 donate.
1496 4478 1745 4545 Episcopi
1770 4478 2019 4529 dixerunt
2054 4493 2065 4527 :

473 4576 789 4629 ltecitcntur
811 4574 1051 4640 epistolae
1086 4570 1404 4624 venerabilis
1454 4570 1726 4623 memorizc
1764 4571 1915 4638 191
1949 4585 2070 4622 san-

468 4671 540 4724 cti
570 4668 771 4731 Siricii,
803 4676 857 4717 ut
886 4667 1187 4717 noverimus
1211 4665 1334 4731 quid
1366 4679 1547 4716 earum
1577 4671 1751 4716 textus
1779 4665 2069 4717 contineat.

469 4760 603 4813 Cum
664 4758 1028 4817 traderentur,
1074 4755 1316 4808 Privatus
1361 4756 1597 4807 natarius
1654 4754 1827 4807 dixit:
1877 4754 2071 4809 Exem-

472 4854 618 4919 plum
650 4850 972 4901 tractatorizc
1000 4845 1240 4913 episcopi
1273 4845 1421 4898 urbis
1444 4846 1659 4898 Romae:
1699 4842 2071 4899 Dilectissimis

470 4944 730 4996 l'ialribus
761 4949 813 4993 et
859 4938 1193 5006 coepiscopis
1249 4953 1345 5006 per
1394 4936 1629 4990 Africam
1678 4936 1920 4990 Siaiiius.
1991 4940 2075 4992 Di-

468 5048 622 5087 versa
660 5034 678 5058 °
708 5032 974 5100 quamvis,
999 5044 1117 5081 eum
1143 5027 1194 5080 in
1220 5043 1380 5080 unum
1406 5026 1597 5081 fratres
1625 5028 2075 5081 convenissemus

469 5124 535 5178 ad
568 5122 739 5174 sancti
767 5119 993 5188 apostoli
1026 5120 1167 5173 Petri
1197 5119 1476 5187 reliquias,
1510 5134 1605 5187 per
1644 5134 1803 5187 quem
1838 5127 1894 5173 et
1941 5134 2073 5189 apo-

471 5215 703 5269 stolatus
746 5221 800 5265 et
848 5213 1190 5281 episcopatus
1222 5211 1275 5263 in
1311 5208 1527 5265 Christo
1564 5212 1732 5280 capit
1775 5211 2076 5281 exordium,

471 5306 839 5377 placueritque
869 5314 1086 5373 propter
1141 5313 1481 5374 emergentes
1528 5304 1795 5374 plurimas
1852 5319 2064 5370 causas,

540 5489 562 5514 υ
608 5479 961 5549 Desttmplum
991 5490 1077 5535 est
1122 5481 1226 5535 hoc
1273 5482 1556 5536 concilium
1610 5497 1675 5536 ex
1716 5480 1917 5535 Codice
1948 5478 2061 5544 ΑΒ..

463 5567 587 5604 cum
621 5552 759 5604 desit
789 5552 839 5604 in
875 5554 939 5605 A.
970 5564 1021 5621 et
1046 5554 1284 5621 reliquis.
1320 5552 1583 5606 Collatum
1616 5560 1697 5606 est
1747 5553 1905 5603 etiam
1939 5568 2062 5605 cum

466 5624 684 5689 optimae
718 5632 858 5675 notae
884 5620 1079 5677 Codice
1101 5620 1192 5693 qui
1240 5626 1289 5675 iu
1330 5624 1653 5677 Bibliotheca
1685 5622 1849 5689 Regia
1876 5638 2059 5676 asser-

465 5703 624 5745 vatur
655 5696 755 5745 sub
789 5695 889 5748 hoc
922 5696 1071 5747 titulo
1100 5713 1111 5746 :
1169 5696 1435 5765 Upuscula
1481 5696 1649 5765 sancti
1684 5693 1907 5765 Martjni
1960 5694 2067 5745 Du-

460 5764 703 5888 Bticnsia‘;
731 5766 883 5833 cujus
910 5775 962 5819 et
991 5763 1259 5819 variantes
1286 5766 1542 5822 lectiones
1598 5764 1777 5818 littera
1812 5763 1875 5818 D.
1909 5775 2065 5819 nota-

504 5849 662 5888 imus.

504 5849 662 5888 ιιηυς.

2168 3570 2326 3628 petua
2360 3558 2660 3613 istiusmodi
2693 3559 2867 3614 forma
2904 3568 3155 3615 servetur
3209 3560 3419 3616 litteras
3472 3563 3612 3615 tales
3664 3562 3783 3617 dari

2170 3652 2387 3718 placuit,
2416 3668 2519 3707 non
2542 3668 2662 3720 qua!
2694 3668 2831 3706 nova
2865 3652 3159 3722 praeferant
3205 3651 3327 3724 {D.,
3373 3651 3779 3725 prmseferant],

2168 3748 2263 3799 sed
2294 3748 2416 3815 quia
2441 3762 2561 3814 quas
2586 3747 2888 3815 aliquorum
2914 3746 3126 3816 ignavia
3160 3748 3404 3815 neglecta
3437 3756 3571 3800 sunt
3603 3748 3783 3801 obser-

2170 3836 2282 3889 vari
2328 3841 2647 3905 eup'amus,
2706 3852 2827 3905 qua:
2888 3846 3065 3891 tamen
3124 3839 3421 3908 apostolica
3463 3848 3520 3893 et
3573 3848 3782 3909 patrum

2170 3928 2556 3981 constitutione
2613 3938 2739 3981 sunt
2790 3930 3105 3994 eonstituta,
3158 3930 3298 3983 sicut
3339 3928 3608 3997 scriptum
3659 3938 3782 3983 est:

2173 4021 2339 4090 State,
2357 4034 2403 4074 et
2428 4030 2590 4075 tenete
2612 4022 2910 4075 traditiones
2932 4031 3158 4083 nostras,
3184 4022 3289 4074 sive
3309 4037 3399 4090 per
3418 4023 3665 4088 verbum,
3685 4025 3786 4075 sive

2172 4130 2261 4181 per
2298 4116 2591 4181 epistolam.
2636 4114 2766 4167 illud
2816 4123 2963 4169 certe
3008 4125 3244 4168 vestram
3302 4115 3466 4169 debet
3518 4126 3781 4181 tuentem,

2171 4208 2506 4262 dilectiSsimi
2566 4208 2791 4273 l'ratres,
2838 4209 3211 4262 vehementius
3265 4210 3509 4264 excitare
3543 4251 3558 4273 ,
3618 4219 3675 4264 ut
3722 4208 3785 4261 ab

2172 4300 2316 4351 omni
2348 4299 2467 4353 labe
2490 4300 2671 4353 saeculi
2699 4299 2852 4353 istius
2877 4301 3149 4353 immunes
3199 4299 3265 4353 ad
3300 4299 3394 4354 Dei
3426 4309 3784 4367 conspectum

2174 4394 2457 4458 securique
2492 4393 2808 4457 veniamus;
2844 4406 2949 4445 non
2982 4394 3124 4446 enim
3148 4395 3351 4446 erimus
3395 4396 3673 4447 immunes
3698 4394 3782 4461 qui

2177 4481 2295 4553 [D.,
2330 4478 2475 4551 quia]
2525 4498 2825 4548 pra-sumus
2880 4483 3151 4549 plebibus,
3184 4498 3306 4537 cum
3353 4485 3623 4551 scriptum
3669 4486 3781 4538 sit:

2174 4574 2269 4628 Cui
2293 4576 2507 4627 multum
2538 4574 2784 4627 creditum
2817 4576 2994 4645 fuerit,
3024 4575 3140 4643 plus
3173 4578 3235 4627 ab
3266 4576 3445 4627 eodem
3476 4576 3783 4643 requiretur.

2178 4669 2319 4738 Ergo
2346 4668 2597 4736 quoniam
2631 4682 2735 4720 non
2771 4683 2865 4733 pro
2896 4668 3051 4720 nobis
3080 4677 3289 4720 tantum
3318 4668 3411 4720 sed
3452 4682 3557 4734 pro
3593 4667 3783 4735 populo

2176 4760 2379 4813 credito
2410 4750 2711 4829 Cogitamus
2740 4771 2998 4826 prtestare
3020 4760 3307 4823 rationem,
3341 4763 3604 4830 populum
3631 4761 3785 4815 disci-

2178 4850 2523 4919 pliuadeil‘tea
2556 4851 2809 4904 humilem
2836 4851 3053 4905 erudire
3104 4850 3395 4909 debemus.
3450 4852 3786 4906 Exstiterunt

2176 4942 2317 4995 enim
2364 4943 2625 5006 nonnulli,
2656 4943 2746 5011 qui
2790 4952 2991 4997 statuta
3047 4944 3315 5013 majorum
3366 4960 3477 4999 non
3543 4956 3786 5001 tenentes

2176 5036 2474 5088 castitatem
2509 5036 2764 5089 Ecclesia:
2794 5040 3218 5107 praesumptione
3248 5038 3563 5109 violarunt,
3593 5040 3781 5094 volun-

2178 5132 2338 5178 tatem
2372 5129 2552 5193 populi
2582 5136 2893 5195 sequentes,
2922 5129 3017 5183 Dei
3042 5128 3306 5198 jndieium
3366 5144 3480 5185 non
3512 5134 3779 5187 timentes.

2178 5217 2317 5287 Ergo
2344 5235 2408 5271 nc
2440 5219 2557 5286 pari
2582 5235 2731 5275 more
2762 5221 2981 5276 silentio
3008 5223 3304 5278 connivere
3329 5234 3497 5290 atque
3531 5226 3782 5278 adhiberis

2173 5322 2495 5363 consensum
2528 5310 2721 5365 talibus
2753 5311 3059 5379 videamur,
3115 5313 3263 5369 unde
3291 5315 3565 5385 gebenna
3606 5331 3783 5387 poenas

2241 5483 2269 5523 ιι
2407 5488 2791 5567 proconsulibus
2821 5490 3210 5560 gloriosissimis
3261 5490 3512 5548 Honorio
3562 5501 3611 5548 et
3652 5491 3777 5547 Con-

2170 5561 2356 5609 stantio
2381 5561 2620 5611 secundo.

2246 5639 2266 5663 ε
2301 5630 2374 5681 Ex
2400 5630 2460 5682 l).
2490 5631 2543 5684 lu
2573 5631 2658 5684 AS.
2680 5670 2693 5692 ,
2728 5631 2949 5686 Diversi.

2248 5698 2272 5737 ι]
2308 5700 2398 5766 D.,
2428 5718 2522 5771 pro
2553 5704 2773 5775 alicujus
2794 5705 3046 5760 morbida
3073 5706 3182 5762 ovis
3212 5705 3417 5777 afﬂatu.
