3870 6338
119 397 193 457 23?
1046 393 1323 455 GALLIE
1360 389 1698 451 CONCILIA.
1738 420 1812 433 —
1852 387 2315 449 ARELATENSE
2356 389 2397 447 1.
3283 376 3394 439 138

122 516 332 587 possimus
360 513 657 587 Incurrere,
682 513 907 572 dicente
936 513 1160 570 Domino
1194 529 1206 565 :
1235 508 1431 564 Furem
1461 506 1667 564 uidebas
1697 509 1748 569 Δ
1776 520 1898 561 cum
1930 505 2134 561 dictum
2164 505 2272 561 sit:
2306 504 2493 559 Omnia
2540 505 2737 560 munda
2772 505 3001 572 mundis,
3041 501 3394 572 coinquinatis

122 625 153 667 tt
173 609 376 665 canebas
402 624 518 663 eam
541 625 603 661 eo
653 619 703 664 et
732 625 856 664 eum
887 606 1135 663 adulteris
1186 608 1478 674 portionem
1539 616 1681 657 tuam
1783 610 1955 654 autem
1986 611 2034 655 et
2063 599 2366 668 inﬁdelibus
2395 600 2528 654 nihil
2559 600 2851 653 mundum?
2876 598 2991 667 Qua
3015 598 3081 654 de
3113 614 3172 655 re
3203 598 3394 653 hortor

118 708 292 775 peneia
321 722 339 758 :
382 706 497 760 hac
519 717 676 774 sunt,
708 722 832 777 qua:
858 704 1115 773 deinceps
1171 699 1367 754 intuitu
1394 696 1563 752 divini
1591 695 1679 767 ju-
1785 706 1839 750 et
1869 712 2065 751 moneo
2089 706 2144 750 et
2170 710 2302 767 rogo
2329 697 2549 751 tollatur
2601 696 2704 750 hoc
2734 693 3088 765 opprobrium
3118 692 3263 765 quod
3305 706 3397 761 po-

116 800 210 853 dicii
230 812 399 853 omnes
428 803 728 855 catholicos
786 799 1074 869 episcopos
1102 793 1321 864 expedit
1374 790 1673 848 custodire.
1785 795 1890 841 test
1908 788 2037 857 jure
2068 788 2234 844 etiam
2281 787 2559 858 gentilitas
2614 789 2887 843 incusare.
2936 788 3100 842 Forte
3152 785 3399 841 creditur

170 892 201 945 l.
229 894 449 947 Utextra
482 892 878 947 conscientiam
928 890 1076 945 sedis
1097 888 1429 959 apostolicae,
1463 884 1566 938 hoc
1594 892 1678 939 est
1780 883 1905 952 quia
1934 884 2194 951 scriptum
2220 892 2302 937 est
2336 900 2348 935 :
2387 881 2553 937 Unius
2584 883 2761 937 uxoris
2794 881 3001 935 uirum:
3047 896 3155 935 non
3182 894 3399 950 parma.

116 986 344 1051 primatis,
397 999 555 1039 nemo
606 986 805 1038 audeat
870 983 1165 1037 ordinare:
1213 981 1477 1049 integrum
1532 976 1675 1030 enim
1783 984 2001 1029 nentem
2078 975 2133 1029 in
2200 975 2638 1043 concupiscentia
2702 972 2996 1044 generandi
3054 971 3231 1039 dixit,
3298 967 3395 1025 sed

108 1077 321 1143 judicium
378 1088 460 1132 est
512 1078 661 1145 quod
719 1077 1085 1149 plurimorum
1151 1072 1420 1128 sententia
1471 1085 1675 1125 conse-
1780 1079 2001 1138 prepter
2054 1067 2447 1123 continentiam
2504 1066 2758 1122 iuturam.
2818 1066 3003 1136 Neque
3058 1066 3204 1119 enim
3254 1064 3397 1118 inte-

109 1170 268 1239 quitur.
1777 1175 2153 1231 groscorpore
2203 1177 2311 1216 non
2372 1162 2590 1217 admisit
2646 1162 2735 1232 qui
2782 1162 2901 1217 ait:
2967 1159 3166 1215 Vellem
3217 1169 3392 1213 autem

162 1261 211 1315 ll.
241 1261 310 1318 Ne
337 1276 469 1317 unus
495 1262 789 1331 episcopus
812 1262 1131 1333 episcopum
1163 1258 1419 1315 ordinare
1470 1272 1676 1328 praesu-
1778 1267 1952 1307 omnes
1970 1252 2199 1307 homines
2225 1254 2300 1307 sic
2319 1269 2450 1318 esse,
2476 1254 2631 1307 sicuti
2661 1264 2706 1308 et
2732 1270 2825 1325 ego
2854 1269 2875 1319 ;
2902 1264 2959 1309 et
3014 1252 3253 1320 apertius
3303 1249 3400 1305 de-

110 1361 189 1407 tnal
218 1362 418 1423 propter
448 1355 837 1425 arrogantiam,
866 1370 936 1409 ne
987 1353 1241 1408 furtivum
1300 1353 1459 1423 192
1509 1351 1674 1406 bene-
1776 1344 1966 1411 clarat,
2001 1346 2230 1402 dicens:
2269 1346 2370 1414 Qui
2398 1356 2571 1402 autem
2596 1349 2653 1402 in
2681 1365 2837 1402 carne
2888 1357 3006 1403 sunt
3041 1346 3149 1401 Deo
3181 1348 3386 1415 placere

111 1443 252 1499 licium
277 1448 563 1514 prastitum
596 1447 851 1501 videatur
882 1464 896 1499 :
922 1445 1024 1500 hoc
1055 1445 1200 1500 enim
1225 1444 1277 1499 in
1323 1442 1532 1515 synodo
1570 1443 1672 1497 Ni-
1774 1454 1882 1493 non
1906 1448 2120 1509 possunt
2152 1454 2279 1494 :sos
2303 1450 2478 1495 autem
2498 1443 2615 1512 jans
2646 1458 2749 1495 non
2781 1443 2901 1496 estis
2921 1442 2975 1495 in
3002 1456 3178 1508 carne,
3209 1440 3298 1494 sed
3327 1440 3384 1495 in

109 1548 223 1590 cena
245 1546 445 1593 constat
470 1554 595 1595 esse
616 1538 923 1594 definitum.

1838 1531 1980 1583 iritu.

159 1622 231 1679 lll.
282 1626 403 1682 Item
446 1629 490 1683 si
550 1629 674 1699 quis
715 1638 840 1699 post
880 1628 1257 1684 remissionem
1324 1632 1667 1696 peccatorum
1849 1624 2005 1695 193
2036 1622 2162 1680 Hrec
2208 1626 2408 1697 itaque,
2443 1626 2662 1694 fratres,
2696 1627 2742 1683 si
2770 1628 2925 1697 plena
2964 1628 3237 1695 vigilantia
3266 1626 3391 1683 fue-

106 1717 329 1787 cirgu'lutu
352 1720 558 1775 militia:
586 1721 866 1776 saecularis
898 1721 1166 1787 habuerit,
1202 1720 1271 1775 ad
1314 1720 1524 1775 clerum
1569 1716 1668 1771 ad-
1769 1714 1878 1769 rint
1902 1718 1969 1769 ab
1998 1716 2248 1772 omnibus
2288 1720 2596 1787 observata,
2635 1720 2869 1775 cessabit
2897 1721 3140 1789 ambitio,
3172 1720 3389 1776 dissen-

105 1809 212 1864 mitti
239 1827 333 1865 non
352 1813 531 1867 debet.
1702 1881 1712 1883 _
1766 1804 1852 1860 sio
1871 1810 2255 1878 conquiescet,
2280 1810 2519 1867 haereses
2550 1822 2603 1867 et
2630 1813 2921 1868 schismata
2954 1828 3061 1868 non
3092 1822 3391 1883 emergent,

159 1900 231 1954 ιν.
253 1899 310 1956 Ut
334 1904 639 1970 mulierem,
662 1906 720 1960 id
743 1911 830 1961 est
854 1905 1094 1973 viduam,
1117 1905 1347 1962 clericus
1364 1920 1472 1959 non
1498 1903 1658 1959 ducat
1690 1881 1740 1947 Β
1766 1896 1941 1953 locum
1965 1914 2070 1955 non
2096 1902 2327 1969 accipiet
2346 1902 2595 1959 diabolus
2616 1904 2897 1971 saviendi,
2926 1906 3167 1960 manebit
3196 1881 3397 1961 unani-

104 2008 303 2050 uxorem.
1764 1992 1945 2057 mites.
1976 1994 2229 2065 iniquitas
2254 2006 2504 2066 superata
2528 1997 2842 2063 calcabitur,
2873 1999 3109 2054 charitas
3132 2001 3390 2068 spiritua-

156 2084 207 2137 Υ.
233 2085 290 2141 Ut
317 2089 357 2141 is
381 2087 470 2158 qui
503 2087 681 2145 laicus
706 2088 923 2145 viduam
954 2086 1175 2145 duxerit
1203 2102 1312 2145 non
1338 2086 1660 2144 admittatur
1762 2087 1799 2143 li
1832 2086 2043 2143 fervore
2072 2088 2338 2158 llagrabit,
2384 2106 2492 2159 pax
2543 2090 2828 2159 prtedicata
2858 2091 3012 2147 labiis
3037 2107 3159 2146 cum
3193 2092 3386 2146 volun-

102 2176 149 2229 ad
185 2177 384 2233 clerum.
1762 2188 1871 2234 tate
1898 2178 2019 2252 [D.,
2046 2177 2345 2250 voluptate]
2373 2180 2536 2235 animi
2560 2182 2932 2249 concordabit,
2950 2198 3055 2252 pas
3086 2186 3269 2252 utique
3294 2184 3396 2240 Dei

153 2266 223 2323 Vl.
251 2268 395 2325 Utde
424 2270 605 2327 aliena
634 2270 869 2328 ecclesia
894 2270 1149 2328 ordinare
1169 2270 1429 2327 clericum
1477 2269 1657 2325 nullus
1760 2270 1933 2325 nostri
1965 2285 2127 2340 quam
2157 2272 2404 2327 Salvator
2442 2274 2557 2342 ipse
2608 2272 2720 2344 jam
2781 2275 3057 2344 proximus
3124 2276 3396 2344 passionis

104 2372 295 2447 sturpet.
1758 2364 2075 2421 servandam
2106 2380 2228 2421 esse
2262 2368 2536 2437 praecepit,
2588 2376 2645 2423 et
2690 2366 3034 2423 hereditario
3082 2383 3201 2424 eam
3236 2368 3379 2425 nubi

152 2451 240 2507 Vll.
285 2454 350 2511 Ut
378 2456 658 2527 abjectum
690 2457 951 2516 clericum
995 2457 1107 2514 alia
1146 2457 1387 2516 ecclesia
1417 2472 1529 2514 non
1558 2456 1657 2513 ad-
1754 2451 1881 2523 jure
1915 2455 2222 2526 dereliquit,
2251 2457 2440 2513 dicens
2470 2476 2483 2513 :
2519 2456 2713 2513 Pacem
2753 2474 2922 2513 ineant
2948 2460 3182 2528 relinquo
3207 2462 3383 2531 vobis,

100 2544 254 2603 mittat.
1757 2558 1813 2602 et
1840 2548 2040 2605 dictum
2068 2548 2309 2618 Apostoli
2332 2568 2345 2603 :
2375 2547 2445 2605 Ut
2487 2551 2755 2605 unanimes
2782 2568 2944 2605 unum
2975 2554 3249 2609 sentientes
3268 2572 3390 2627 per-

152 2639 257 2700 illl.
289 2642 352 2699 Ut
379 2645 665 2702 venientes
690 2660 722 2703 a
779 2644 1096 2703 Novatianis
1142 2646 1226 2704 vel
1282 2645 1653 2705 lootensibus
1756 2656 2058 2695 maneam“
2086 2644 2140 2695 in
2163 2639 2387 2707 Christo,
2414 2642 2546 2697 nihil
2571 2659 2663 2715 per
2691 2646 3068 2700 contentionem
3099 2647 3264 2711 nobis.
3292 2664 3386 2701 ne-

99 2745 166 2800 per
188 2748 351 2791 manus
375 2739 779 2810 impositiouem
811 2741 1178 2812 suscipiantur
1195 2756 1265 2797 οι
1299 2756 1368 2798 go
1395 2740 1541 2810 quod
1562 2756 1652 2797 re-
1755 2750 1853 2805 que
1899 2751 1991 2803 per
2041 2736 2249 2789 inanem
2305 2737 2525 2807 gloriam
2555 2737 2894 2804 vindicantes,
2925 2755 3017 2793 nec
3063 2740 3381 2805 hominibus,

100 2827 336 2895 bapliunt.
1760 2823 1923 2897 194
1948 2824 2041 2880 sed
2072 2824 2183 2880 Deo
2215 2838 2389 2881 nostra
2419 2829 2664 2883 salvatori
2692 2830 3012 2900 placeamus.
3057 2831 3151 2887 llis
3183 2848 3387 2902 prace-

147 2917 216 2974 lX.
245 2921 497 2980 Preterea
522 2966 539 2990 ,
585 2924 728 2997 quod
780 2924 1006 2997 dignum
1051 2931 1112 2981 et
1150 2923 1419 2996 pudicum
1452 2933 1510 2979 et
1554 2924 1651 2978 ho~
1755 2920 1859 2987 ptis
1913 2920 2165 2975 omnibus
2213 2919 2258 2973 si
2291 2921 2523 2977 ﬁdeliter
2551 2924 2881 2980 voluerimus
2912 2925 3136 2982 obedire
3158 2966 3175 2993 ,
3206 2936 3392 2983 custo-

100 3025 257 3068 nestum
284 3028 378 3083 est,
405 3020 702 3075 suademus
733 3019 827 3092 ID.
853 3018 1181 3090 studemus],
1224 3026 1283 3072 ut
1336 3018 1648 3072 sacerdotes
1754 3010 1864 3065 diet
1894 3009 2155 3068 Dominus
2178 3027 2403 3083 corpora
2429 3026 2609 3071 nostra
2644 3025 2698 3071 et
2720 3019 2929 3073 animas
2957 3028 3170 3075 nostras
3205 3021 3257 3075 in
3293 3021 3384 3077 die

99 3112 135 3156 et
158 3104 298 3163 levita
324 3124 443 3165 cum
475 3112 745 3167 uxoribus
772 3111 885 3165 suis
914 3126 1021 3165 non
1052 3119 1270 3173 coeant,
1296 3110 1421 3181 quia
1465 3112 1516 3164 in
1547 3109 1647 3164 mi-

1836 3117 1856 3156 a
1888 3104 2195 3161 redditurus
2248 3116 2332 3161 est
2357 3106 2650 3179 unicuique
2692 3111 2987 3166 secundum
3038 3127 3204 3181 opera
3259 3130 3379 3170 sua.

100 3194 266 3255 tisterio
290 3203 511 3259 ministri
540 3204 878 3275 quotidianis
923 3202 1343 3261 necessitatibus
1383 3216 1646 3271 occupan-
1676 3255 1720 3275 Α
1751 3194 1810 3252 Si
1857 3198 1978 3268 quis
2044 3214 2176 3254 sane
2235 3199 2454 3254 inﬂatus
2509 3212 2692 3257 mente
2762 3205 2941 3258 carnis
2997 3220 3109 3260 suae
3162 3206 3232 3261 ab
3285 3205 3388 3265 hac

98 3300 183 3359 tur;
205 3295 258 3349 ad
279 3255 585 3355 Corinthio;
608 3313 843 3368 namque
865 3298 1063 3355 Paulus
1084 3299 1166 3354 sic
1194 3296 1403 3362 scribit,
1428 3297 1642 3354 dicens:
1674 3255 1720 3319 Ο
1751 3290 1977 3345 canonis
2032 3292 2243 3346 ratione
2312 3292 2543 3350 voluerit
2600 3296 2816 3364 evagari
2843 3338 2859 3363 ,
2916 3300 3052 3353 sciat
3130 3314 3190 3354 se
3245 3308 3301 3356 et
3354 3316 3386 3356 a

100 3386 315 3456 Abuinete,
341 3403 393 3445 ut
426 3393 624 3448 vacetis
672 3395 921 3449 orationi.
988 3394 1047 3449 Si
1097 3407 1227 3462 ergo
1274 3390 1428 3447 laicis
1472 3388 1646 3445 absti-
1748 3390 1931 3435 nostra
1950 3382 2329 3437 communione
2350 3383 2622 3438 seclusum
2646 3395 2699 3439 et
2722 3386 2986 3455 gehenna
3011 3403 3197 3459 pmnas
3223 3390 3385 3447 habi-

100 3479 231 3533 Μαι
279 3480 572 3553 imperatur
628 3494 686 3539 ιη
740 3485 956 3554 possim
1011 3483 1374 3553 deprecare;
1426 3479 1640 3546 audiri,
1747 3472 2238 3529 turum.Prteterea
2264 3474 2632 3531 misericordia
2663 3477 3006 3547 cnmjndicio
3046 3496 3171 3536 esse
3192 3482 3379 3551 debet;

99 3583 247 3635 quanto
268 3581 423 3647 mea.
448 3579 715 3636 sacerdos
747 3580 933 3650 utique
970 3578 1122 3635 omni
1155 3584 1434 3633 ωοιηοηιο
1486 3589 1644 3647 ρει-α-
1749 3565 1945 3620 talibus
1971 3566 2115 3622 enim
2158 3577 2374 3637 oportet
2398 3583 2591 3624 manus
2616 3569 2913 3642 porrigere,
2939 3572 3029 3639 qui
3053 3573 3131 3628 sic
3155 3588 3380 3629 curren-

99 3666 159 3714 lus
179 3679 277 3720 esse
294 3668 469 3741 debet,
498 3682 559 3727 ut
592 3672 875 3727 munditiae
919 3672 1153 3741 puritate
1207 3684 1436 3726 securus
1467 3669 1640 3725 sacri-

1836 3673 1864 3712 n
1888 3672 1997 3713 non
2022 3658 2341 3727 pertrahant
2362 3660 2416 3715 in
2449 3661 2685 3717 ruinam.
2728 3661 2923 3718 Datum
2946 3663 3133 3719 Romae
3163 3664 3218 3718 in
3246 3680 3379 3721 con-

98 3751 227 3811 icium
248 3759 423 3817 oﬂerat
451 3774 548 3819 aut
607 3763 888 3834 baptizare
916 3764 1182 3833 cogatur?
1212 3763 1305 3833 qui
1352 3762 1400 3817 si
1452 3770 1639 3817 conta-

1838 3765 1872 3805 ο
1896 3752 2274 3821 episcoporum
2300 3755 2570 3825 octoginta
2601 3756 2703 3811 sub
2743 3754 2835 3812 die
2874 3772 2929 3811 Ix
2979 3757 3101 3812 ldus
3130 3758 3378 3817 Januarii

101 3840 275 3902 minatus
294 3850 447 3907 luerit
470 3853 680 3908 carnali
729 3854 1202 3924 concupiscentia,
1237 3852 1366 3924 quid
1424 3851 1638 3907 faciet?

1836 3882 1875 3911 .,
1890 3842 2161 3899 Kalendas
2179 3844 2489 3921 ianuarias]
2515 3856 2638 3919 post
2658 3849 3001 3906 consulatum
3019 3850 3244 3908 llouorii
3266 3854 3381 3910 Au-

100 3937 187 4003 Cluid
211 3946 510 4001 excusabit?
538 3962 650 4017 quo
681 3947 912 4017 pudore,
942 3962 1048 4019 qua
1102 3957 1283 4003 mente
1314 3944 1638 4017 usurpabit?
1747 3935 1887 4005 Βυειί
1915 3946 1969 3992 ει
2018 3937 2292 3995 Ballionis-

99 4038 171 4092 (ιιι
193 4036 519 4103 conscientia,
553 4052 665 4107 quo
694 4038 887 4094 merito
936 4038 1024 4093 hic
1048 4037 1293 4094 exaudiri
1346 4052 1407 4093 se
1442 4036 1634 4101 credit,

106 4180 3373 4225 Μ

784 4327 1538 4461 ΟΑΕΕΙλἘ
1629 4322 2603 4463 CONCILIA.

1448 4538 1886 4560 ﬂ

1644 4643 1841 4718 XXI

673 4810 1359 4898 CONCILIUM
1438 4810 2211 4898 ARELATENSE
2289 4814 2789 4902 PRIMUM

108 4972 131 5012 Δ
160 4967 418 5017 ηῠιιιιε
459 4968 784 5015 BPIICOPIS
819 4970 1104 5025 θεαῖσι,
1150 4970 1216 5014 IN
1247 4970 1554 5015 CIVITATB
1600 4974 1647 5013 A‘

1836 4972 1921 5029 ΓΟ,
1950 4973 2120 5016 APUD
2166 4973 2474 5018 MARINUM
2522 4974 2909 5032 EPISCOPUM,
2962 4978 3381 5027 TBMPORIBUS

159 5052 536 5097 COIS'I‘ANTINI
582 5050 1047 5111 ωνειιλτοιιιο,
1070 5049 1153 5093 ΕΟ
1199 5050 1507 5095 τΕΜΡοΒΒ
1554 5050 1647 5104 Ωυι

1836 5053 1936 5096 ,Διί
1978 5051 2332 5099 οοιηαιιιυιί
2366 5055 2679 5101 NICENUI
2723 5056 3021 5103 ΠΔΒΙἸὍΜ
3070 5061 3183 5103 EST
3214 5063 3385 5107 TRE-
3444 5066 3455 5067 ί

159 5131 469 5178 (2111⁸1⁸01οκ
512 5131 747 5176 ΒΕΟΕῙ
783 5130 866 5176 ΒΤ
911 5130 1078 5176 OCTO
1121 5130 1595 5176 EPISCOPORUM.

152 5274 336 5377 limina
358 5291 414 5340 et
456 5283 829 5377 sanctissimo
855 5282 1117 5377 Silvestre
1172 5283 1427 5377 episcopo
1496 5291 1671 5340 coetus
1696 5295 1756 5359 ι)
1778 5301 1890 5344 una
1932 5296 2177 5358 tempore
2197 5302 2295 5359 per
2321 5301 2540 5345 omnem
2568 5289 2755 5345 orbem
2799 5285 3119 5344 observetur
3148 5298 3201 5345 et
3232 5290 3385 5358 iuxta

109 5375 429 5444 εβὶεεοροτιιω,
455 5379 547 5447 qui
573 5375 791 5433 adunati
813 5376 1092 5432 lueruntln
1116 5376 1315 5448 oppido
1338 5377 1659 5444 Arelatensi.
1774 5378 2218 5437 consuetudinem
2242 5378 2449 5437 litteras
2468 5380 2537 5435 ad
2562 5394 2754 5437 omnes
2784 5390 2838 5435 tu
2858 5380 3082 5451 dirigas.

108 5464 883 5527 quiddmeverimuscommuni
924 5470 1151 5527 consilio
1179 5470 1556 5527 charitatitute
1581 5470 1661 5526 si-
1810 5516 2036 5532 ---η
2099 5516 2164 5532 η.
2237 5515 2282 5532 ..
2386 5518 2397 5529 .
2565 5514 2631 5532 η..
2685 5516 2720 5532 η
2802 5515 2853 5532 ..
2960 5520 2973 5532 .
3018 5518 3076 5532 ._
3138 5516 3157 5532 ς
3286 5519 3317 5532 ..

108 5514 883 5632 ὲηιέρῖιίιῖἑιζῖίᾟξηέἴέἕε’ξιὶὶ’
1810 5518 1970 5592 195
1995 5516 2060 5573 "-
2096 5516 2166 5573 υτ
2194 5515 2282 5571 αδδ
2308 5514 2876 5661 σκξεῑτερξδιέέείὲ·
2899 5516 3159 5591 παίδων]
3198 5519 3347 5574 πίε·

112 5656 151 5700 τε
169 5652 380 5712 debeant.

237 5767 273 5824 ι.
302 5769 365 5827 Ut
393 5788 501 5827 uno
519 5772 603 5827 die
620 5780 667 5828 et
686 5781 909 5845 tentpore
938 5771 1133 5844 pascha
1175 5770 1471 5828 celebretur.

162 5877 221 5936 Ds
257 5882 621 5943 observatione
674 5884 892 5957 paschae
928 5884 1238 5955 dominicae,
1268 5894 1327 5942 ut
1352 5899 1462 5943 uno
1486 5884 1575 5942 die
1602 5890 1660 5942 et

1836 5723 2024 5780 Dabis
2047 5722 2141 5796 qui
2169 5722 2226 5779 in
2268 5722 2679 5795 quibuscunqtte
2724 5720 2858 5777 locis
2902 5720 3139 5780 ordinati
3178 5724 3377 5786 fuerint

1764 5818 1996 5879 ministri
2026 5822 2081 5876 in
2120 5819 2252 5887 ipsis
2276 5818 2408 5874 locis
2430 5825 2796 5888 perseverent.
