3870 6356
427 428 527 483 £39

460 549 548 600 lli.
578 542 646 599 Ut
668 542 753 614 qui
782 541 831 593 in
855 551 974 607 pace
1006 547 1149 587 arma
1177 527 1458 599 projiciunt
1484 520 2004 576 excommunicentur.
2037 514 2090 575 Α

496 642 573 697 De
606 607 689 691 his.
714 635 801 704 qui
832 644 976 684 arma
1005 625 1287 697 projiciunt
1337 621 1387 675 in
1439 632 1591 688 pace,
1627 615 1820 684 placuit
1848 607 2013 663 absti-

428 740 541 796 neri
577 752 665 789 ens
697 748 725 783 a
750 726 1145 783 communione.

571 826 657 881 IV.
684 824 963 891 Utamgw
985 818 1108 869 dum
1132 812 1326 882 agitant
1358 800 1875 862 excommuiiicentur.

506 924 580 973 lle
611 912 951 986 .tgitatoribus
981 909 1063 976 qui
1099 906 1279 958 lideles
1309 911 1454 962 sunt,
1511 894 1704 959 placuit
1728 902 1819 942 eos
1848 895 2019 953 quan-

432 1013 521 1069 tliu
546 1014 766 1079 agitant,
794 1022 821 1058 a
853 1000 1227 1057 communione
1258 990 1511 1063 separari.

504 1105 567 1157 γ.
598 1104 662 1155 (Ἰ
690 1102 773 1168 qui
804 1099 853 1149 in
877 1094 1087 1147 trieatris
1111 1074 1946 1143 conveniuntexcommunicentur.

510 1193 903 1251 Dethca'ricis,
958 1199 1010 1239 et
1063 1186 1205 1249 ipsos
1254 1179 1453 1249 placuit
1507 1169 1742 1243 quandiu
1774 1171 1955 1234 agunt,
1998 1174 2028 1212 a

436 1290 813 1347 communione
845 1276 1103 1347 separari.

510 1383 592 1441 γι.
622 1382 683 1435 In
714 1377 1011 1447 infirmitate
1036 1368 1260 1425 conversi
1300 1378 1477 1415 manus
1504 1353 1878 1426 impositionent
1899 1343 2033 1397 acci-

1160 1447 1322 1511 piunt.

512 1549 587 1601 De
631 1546 711 1597 his
739 1540 914 1612 quiin
972 1507 1281 1589 inﬁrmitate
1332 1522 1551 1579 credere
1580 1517 1783 1577 volunt,
1830 1507 2028 1579 placuit

442 1642 639 1696 debere
668 1637 748 1690 his
772 1646 985 1687 manum
1011 1622 1236 1693 imponi.

513 1734 623 1789 VII.
654 1731 727 1783 De
776 1722 1075 1795 praesidibus
1100 1728 1153 1768 ut
1176 1729 1293 1793 cuin
1321 1704 1626 1762 conscientia
1678 1694 1908 1768 episcOpi
1956 1690 2039 1745 sui

1037 1792 1424 1842 commumcmt.

518 1899 594 1951 De
625 1890 938 1963 prmsidibus
976 1884 1063 1953 qui
1092 1880 1271 1933 ﬁdeles
1293 1874 1355 1928 ad
1386 1869 1724 1942 prmsidatum
1760 1857 2043 1961 prosiliunt
2073 1893 2121 1954 Β

447 1992 517 2049 ita
548 1950 765 2057 pla-cuit,
797 1991 854 2036 ut
882 1950 1007 2035 cum
1031 1974 1257 2044 promoti
1308 1968 1504 2021 fuerint
1548 1962 1752 2014 litteras
1782 1950 2045 2019 accipiant

450 2038 517 2049 "“
551 2038 662 2057 r-—-
755 2038 765 2047 -
1032 2038 1044 2044 -

450 2077 845 2138 ecclesiasﬁcas
872 2060 1397 2124 euntmunicalorias,
1454 2056 1525 2107 ita
1555 2060 1731 2104 tamen
1764 2054 1818 2097 ut
1846 2042 1897 2094 in
1928 2038 2048 2107 qui-

460 2180 771 2237 buscunque
802 2167 934 2219 locis
964 2162 1246 2234 gesserint,
1270 2156 1339 2208 ab
1394 2151 1646 2218 episcopo
1674 2140 1913 2212 ejusdem
1946 2133 2050 2190 loci

454 2283 581 2325 cura
606 2264 708 2318 illis
738 2269 947 2329 agatur,
982 2262 1037 2305 ut
1064 2266 1181 2304 cum
1216 2245 1475 2312 coeperint
1501 2248 1682 2293 contra
1717 2228 2053 2297 disciplinam

453 2362 718 2434 publicam
742 2366 922 2422 agere.
964 2360 1069 2400 tum
1102 2345 1317 2396 demum
1364 2352 1391 2388 a
1451 2327 1825 2387 communione
1870 2320 2056 2375 etclu-

457 2422 647 2510 duntur
680 2467 692 2501 :
724 2445 964 2501 similiter
988 2452 1033 2493 ct
1065 2438 1129 2491 de
1153 2444 1232 2486 bis
1259 2431 1345 2499 qui
1370 2422 1749 2494 rempublicam
1786 2426 1944 2483 agere
1963 2423 2057 2464 vo-

483 2567 597 2601 ιιηι.

459 2550 597 2604 lunt.

497 2638 630 2696 VIIi.
678 2636 824 2690 Utea:
849 2634 1041 2682 haerere
1077 2614 1385 2696 conversed
1420 2612 1473 2665 in
1505 2595 2026 2696 Trinitatenbaptisall

713 2677 853 2767 sunt,
897 2710 1073 2751 manus
1105 2686 1478 2758 impOsitionem
1513 2677 1789 2744 accipiant.

547 2828 627 2882 De
653 2822 860 2878 Arianis
887 2816 976 2886 qui
1007 2808 1217 2881 propria
1266 2806 1383 2871 lege
1407 2815 1503 2855 sua
1549 2804 1769 2851 utuntur
1823 2798 1883 2843 ut
1909 2789 2065 2843 reba-

474 2920 762 2991 ptizentur,
796 2910 989 2979 placuit
1006 2906 1050 2957 si
1075 2900 1139 2955 ad
1155 2895 1432 2953 ecclesiam
1464 2888 1627 2957 aliqui
1651 2886 1717 2939 de
1742 2884 1842 2936 hac
1863 2881 2070 2935 lin-rese

467 2972 733 3066 venerint.
770 3002 1099 3066 interrogent
1155 3008 1247 3045 eos
1287 2985 1609 3058 symbo'um,
1644 2988 1697 3033 et
1729 2976 1775 3032 si
1825 2972 2070 3043 pervide-

468 3102 576 3159 rint
615 3113 708 3154 eos
756 3094 807 3147 in
851 3092 1004 3145 Patre
1031 3096 1084 3139 et
1108 3083 1241 3138 Filio
1269 3080 1401 3134 etin
1452 3072 1650 3142 Spiritu
1710 3076 1895 3122 sancto
1952 3076 2072 3118 esse

1122 407 1501 473 COLLECTIO
1537 398 1871 463 CANONUM
1910 399 1969 455 S.
2014 390 2293 452 ISIDORO
2334 385 2605 446 HISPAL.
2647 378 3008 441 ASCRIPTA.

2115 505 2266 562 hensi
2298 512 2349 558 et
2406 503 2474 557 de
2521 500 2605 553 his
2660 510 2795 567 quos
2835 493 3220 549 ordinaverunt
3269 482 3405 540 ratio
3457 480 3733 539 subsistit,

2121 614 2224 652 non
2257 596 2357 650 illis
2386 592 2609 647 obsistat
2642 586 2929 643 ordinatio.
2960 582 3219 651 Quoniam
3266 575 3420 632 multi
3476 582 3611 628 sunt
3642 571 3741 639 qui

2121 700 2307 747 contra
2363 686 2661 741 Ecclesiam
2718 694 3014 750 repugnare
3045 678 3297 731 videntur
3353 682 3405 725 et
3437 684 3533 739 per
3572 676 3747 721 testes

2124 786 2432 850 redemptos
2490 788 2674 846 putant
2730 789 2789 827 se
2844 769 3186 826 excusatione
3243 762 3456 818 admitti
3511 760 3745 824 debere,

2128 878 2346 935 Omnino
2366 890 2469 928 non
2496 871 2872 941 permittautur
2896 863 3021 930 nisi,
3051 870 3109 915 ut
3129 873 3289 929 supra
3313 856 3577 919 dlximus,
3605 850 3753 907 actis

2128 970 2353 1043 publicis
2383 967 2683 1021 docuerint.

2128 1038 2269 1120 XIV.
2330 1060 2395 1116 Ut
2442 1061 2560 1130 falsi
2600 1064 2917 1111 accusatores
2956 1055 3190 1130 fratrum
3234 1058 3390 1114 usque
3430 1041 3501 1095 ad
3554 1038 3759 1095 exitum

3618 364 3732 422 9.ιο

2646 1123 3166 1180 excommunicentur.

2207 1229 2279 1281 De
2308 1228 2387 1278 his
2426 1223 2515 1291 qui
2549 1221 2679 1273 falso
2709 1224 2969 1271 accusant
3010 1212 3201 1265 fratres
3241 1223 3387 1277 suos,
3421 1203 3628 1277 placuit
3658 1215 3765 1257 eos

2133 1335 2300 1389 usque
2324 1319 2387 1370 ad
2423 1313 2623 1370 exitum
2684 1325 2787 1365 non
2839 1304 3260 1368 communicare,
3289 1300 3384 1356 sed
3425 1299 3621 1352 falsum
3677 1302 3766 1349 te-

2134 1424 2269 1467 stem
2288 1410 2438 1479 juxta
2475 1407 2805 1473 Scripturam
2836 1398 3153 1466 impunitum
3183 1410 3290 1447 non
3322 1396 3483 1447 licere
3509 1403 3655 1445 esse.

2530 1496 2646 1551 XV.
2686 1493 2752 1550 Ut
2779 1495 2937 1547 levitte
2968 1506 3071 1544 non
3097 1486 3342 1554 offerant.

2211 1596 2288 1649 De
2310 1591 2644 1655 diaconibus,
2675 1601 2807 1658 quos
2843 1583 3193 1653 cognovimus
3231 1578 3409 1634 multis
3431 1575 3569 1631 locis
3595 1568 3776 1629 oder-

2143 1703 2224 1755 re,
2258 1685 2453 1756 placuit
2487 1682 2705 1736 minime
2735 1678 2851 1732 ﬁeri
2876 1676 3100 1730 debere.

2142 1779 2279 1836 XVI.
2321 1777 2388 1835 Ut
2416 1776 2712 1848 ptenitentes
2749 1771 2835 1826 ubi
2864 1768 3154 1848 acceperint
3199 1763 3481 1820 orationem
3529 1758 3602 1814 ibi
3624 1771 3778 1812 com-

2858 1850 3143 1893 ntuntcent.

2218 1945 2293 1998 De
2316 1942 2399 1995 his
2420 1940 2509 2011 qui
2534 1952 2629 2007 pro
2651 1936 2844 1991 delicto
2883 1946 2982 1987 suo
3008 1947 3036 1984 a
3086 1928 3464 1985 communione
3510 1936 3785 1993 separan-

2153 2048 2237 2093 tur
2250 2048 2275 2075 α
2301 2038 2372 2091 ita
2388 2035 2605 2105 placuit,
2632 2039 2691 2085 ut
2711 2032 2763 2084 iu
2778 2028 3179 2097 quibuscunque
3199 2022 3327 2077 locis
3352 2013 3789 2075 fuerantcxclu-

2153 2130 2222 2199 si,
2265 2130 2451 2182 eodem
2482 2126 2599 2179 loco
2628 2118 3059 2177 communionem
3092 2119 3512 2183 consequantur.

2163 2243 2314 2316 197
2346 2238 2513 2297 XVII.
2552 2236 2810 2292 Utnullus
2853 2234 3121 2300 episcopus
3164 2227 3323 2281 alium
3360 2223 3628 2279 conculcet
3666 2216 3791 2290 epi-

2858 2319 3089 2358 scopum.

2858 2321 2943 2358 sco
3021 2320 3089 2354 m.

2234 2408 2303 2462 Ut
2332 2404 2509 2460 nullus
2534 2402 2821 2472 episcopus
2857 2320 3018 2449 ahupr:
3051 2393 3361 2461 episcopum
3390 2386 3715 2444 conculcet.

2233 2499 2421 2555 XVIII.
2456 2494 2522 2551 Ut
2546 2471 2791 2548 diaconus
2830 2488 2960 2542 nihil
2990 2488 3099 2542 sine
3122 2482 3408 2555 presbytero
3436 2477 3628 2545 offerat
3660 2471 3715 2527 1⁵.

2234 2592 2311 2646 De
2340 2587 2650 2645 diacouibus
2700 2583 2899 2639 urbicis
2936 2590 2994 2634 ut
3040 2594 3147 2634 non
3181 2586 3381 2631 tantum
3432 2570 3541 2626 sibi
3572 2582 3799 2639 praesu-

2166 2694 2348 2748 mant,
2389 2681 2483 2735 sed
2518 2680 2777 2733 honorem
2824 2671 3158 2745 presbyteris
3211 2673 3537 2730 reservent,
3571 2670 3631 2717 ut
3678 2662 3807 2716 sine

2169 2776 2498 2836 conscientia
2526 2776 2764 2842 ipsorum
2798 2770 2927 2821 nihil
2962 2766 3068 2819 tale
3096 2763 3313 2816 iaciant.

2206 2870 2350 2926 XIX.
2379 2867 2448 2923 Ut
2472 2866 2742 2938 peregrino
2770 2861 3009 2932 episwpo
3041 2858 3183 2912 locus
3210 2850 3545 2922 sacriﬁcandi
3575 2848 3769 2902 detur.

2250 2967 2324 3020 De
2353 2959 2648 3033 peregrinis
2674 2958 2943 3025 episcopis
2973 2951 3067 3021 qui
3096 2952 3151 3006 in
3182 2952 3373 3003 urbem
3405 2945 3589 3002 solent
3621 2938 3794 2997 veni-

2177 3071 2257 3123 re,
2292 3056 2491 3125 placuit
2519 3052 2623 3105 illis
2648 3050 2821 3104 locum
2845 3048 2960 3101 dari
2992 3054 3050 3099 ut
3073 3043 3325 3098 oll'erant.

2182 3146 2297 3202 XX.
2328 3146 2394 3201 Ut
2416 3148 2521 3200 sine
2541 3144 2701 3198 tribus
2733 3140 2983 3212 episwpis
3013 3137 3187 3191 nullus
3212 3136 3484 3201 episcOpus
3505 3129 3812 3185 ordinetur.

473 3222 537 3249 υἰΙ
561 3222 789 3254 ιιιιιιιυδ,
824 3222 1011 3237 ιιιιιηυυ
1049 3222 1123 3233 υιιι
1152 3222 1351 3229 -..υ-..-μ
1465 3222 1477 3237 1
1932 3222 1943 3225 _

473 3222 731 3353 Spiritum
788 3284 1029 3331 sanctum
1066 3288 1079 3335 ;
1114 3266 1253 3337 quod
1278 3264 1320 3317 si
1354 3257 1664 3327 interrogati
1696 3268 1802 3308 non
1852 3264 2074 3320 respon-
2102 3250 2148 3314 C
2253 3244 2327 3296 De
2360 3240 2442 3294 bis
2487 3240 2578 3308 qui
2626 3243 2891 3303 usurpant
2936 3230 3037 3285 sibi
3091 3230 3191 3283 soli
3233 3227 3433 3282 debere
3483 3222 3818 3292 episcopum

1360 3352 1363 3353 ⁷
2182 3332 2424 3353 Adi-hu
2500 3329 2695 3353 *ιη-ιε·
2744 3334 2796 3353 --ι
2831 3325 3004 3353 unum
3050 3321 3152 3353 tu...
3207 3320 3307 3353 ,ηις
3350 3322 3647 3353 “unum”
3712 3309 3818 3353 nm

474 3487 569 3544 IX.
606 3486 671 3542 Ut
698 3484 784 3555 qui
814 3480 1158 3550 confessorum
1181 3474 1373 3526 litteras
1404 3472 1607 3540 portant
1635 3462 1768 3516 alias
1803 3459 2074 3529 recipiant.

549 3602 625 3655 De
644 3598 725 3652 his
747 3595 865 3665 quis
891 3590 1255 3645 confessorum
1285 3584 1489 3637 litteras
1509 3579 1755 3637 aﬂ'erunt,
1778 3570 1971 3643 placuit
1998 3577 2075 3635 ut,

479 3690 706 3748 sublatis
731 3661 809 3741 eis
840 3681 1052 3746 litteris,
1083 3678 1216 3732 alias
1256 3673 1521 3742 accipiant
1555 3661 2074 3724 cornmunicatorias.

486 3799 724 3873 196x.
748 3798 814 3852 Ut
825 3796 868 3849 si
884 3796 1031 3865 cujus
1043 3806 1173 3845 uxor
1185 3785 1547 3841 adulteraverit
1558 3782 1713 3836 aliam
1727 3795 1829 3833 non
1839 3775 2077 3845 accipiat.

556 3912 631 3965 De
657 3910 738 3963 his
754 3907 844 3977 qui
865 3904 1119 3972 conjuges
1146 3912 1269 3953 suas
1293 3898 1343 3951 in
1368 3896 1626 3949 adulterio
1647 3887 2078 3960 deprehendunt,

485 4018 537 4066 et
570 4009 707 4061 idem
739 4012 863 4058 sunt
901 3999 1265 4054 adolescentes
1306 3993 1490 4047 ﬁdeles
1517 4000 1570 4045 ct
1606 3987 1954 4058 prohibentur
1985 3998 2090 4036 nu-i

484 4102 634 4167 bere,
664 4100 862 4169 placuit
912 4103 1165 4164 quantum
1200 4089 1365 4157 possit
1392 4085 1671 4141 consilium
1703 4081 1780 4135 eis
1818 4080 1991 4141 detur,
2020 4089 2086 4130 ne

487 4192 788 4251 viventibus
812 4188 971 4244 etiam
999 4184 1251 4239 uxoribus
1288 4178 1419 4247 suis,
1450 4178 1574 4233 licet
1594 4175 1847 4230 adulterae
1870 4174 1998 4234 sint,
2028 4176 2088 4223 ut

489 4299 595 4341 non
625 4285 760 4337 alias
790 4279 1073 4348 accipiant.

524 4377 617 4433 XI.
664 4375 733 4433 Ut
783 4372 989 4444 feminre
1037 4366 1212 4436 ﬁdeles
1255 4359 1687 4444 qumGenIiIibus
1714 4373 1766 4411 se
1786 4354 2053 4427 junxerint

1073 4443 1591 4492 excontmuntcentur.

566 4546 641 4601 De
670 4536 862 4609 puellis
892 4532 1133 4588 ﬁdelibus
1162 4542 1279 4597 quae
1309 4524 1605 4580 Gentilibus
1637 4521 1953 4591 junguntur,
1976 4518 2090 4588 pla-

2176 3332 2466 3396 ordinare,
2500 3329 2700 3399 placuit
2744 3334 2803 3381 ut
2831 3325 3009 3379 nullus
3050 3321 3153 3376 hoc
3207 3320 3309 3374 sibi
3350 3322 3677 3388 praesumat,
3712 3309 3823 3365 nlsi

2179 3423 2465 3491 assumptis
2495 3420 2599 3475 sibi
2631 3419 2752 3473 aliis
2784 3426 2992 3486 septem
3040 3410 3345 3483 episcopis;
3397 3408 3443 3462 si
3480 3418 3673 3460 tamen
3708 3415 3823 3457 non

2181 3533 2249 3587 po
2263 3526 2384 3570 terit
2412 3525 2620 3584 septem
2640 3553 2656 3579 ,
2690 3510 2831 3567 infra
2862 3522 2970 3563 tres
2995 3522 3103 3560 non
3128 3505 3328 3558 audeat
3349 3500 3634 3556 ordinare.

2254 3604 2395 3660 XXI.
2426 3602 2493 3658 Ut
2511 3603 2730 3657 clericus
2766 3600 2889 3653 alibi
2919 3596 3178 3650 transiens
3205 3589 3723 3647 excommunicetur.

2255 3702 2328 3755 De
2357 3697 2688 3767 presbyteris
2710 3702 2803 3747 aut
2827 3688 3151 3746 diaconibus
3177 3687 3273 3758 qui
3306 3686 3487 3739 solent
3527 3683 3828 3737 dimittere

2182 3799 2300 3855 loca
2332 3813 2427 3853 sua
2464 3797 2520 3850 in
2548 3794 2743 3864 quibus
2770 3786 3003 3845 ordinati
3032 3795 3162 3842 sunt
3182 3793 3237 3839 et
3256 3785 3322 3838 ad
3348 3781 3455 3837 alia
3479 3780 3599 3835 loca
3637 3790 3829 3833 trans-

2188 3893 2424 3949 tulerunt
2455 3906 2534 3954 se,
2569 3887 2765 3957 placuit
2789 3894 2847 3938 ut
2870 3883 2953 3936 bis
2977 3880 3112 3935 locis
3142 3876 3455 3933 ministrent
3485 3883 3547 3927 ut
3583 3870 3664 3937 si,
3703 3869 3834 3925 reli-

2190 3989 2289 4041 ctis
2307 3984 2437 4039 locis
2459 3983 2594 4049 suis,
2616 3980 2687 4035 ad
2711 3979 2881 4033 alium
2912 3976 3091 4030 locum
3120 3986 3182 4027 se
3212 3965 3514 4027 transferre
3544 3963 3834 4020 voluerint

2196 4084 2552 4151 deponantur.

2190 4174 2356 4230 XXII.
2385 4170 2453 4226 Ut
2482 4166 2733 4241 apostatre
2755 4166 2843 4235 qui
2872 4163 3076 4241 tardius
3114 4164 3440 4241 revertuntur
3467 4154 3571 4209 nisi
3620 4169 3725 4225 per
3755 4152 3833 4205 dia

2474 4229 2628 4313 gnam
2644 4229 2992 4308 paenitentiam
3020 4249 3124 4287 non
3154 4229 3494 4298 recipiantur.

2263 4339 2339 4393 De
2359 4337 2441 4391 his
2469 4336 2556 4405 qui
2605 4341 2913 4403 apostatant
2939 4337 2993 4383 et
3014 4337 3294 4394 nunquam
3327 4335 3389 4377 se
3419 4318 3487 4374 ad
3517 4316 3831 4374 ecclesiam

2193 4436 2600 4501 repraesentant,
2618 4441 2717 4479 nec
2735 4424 2953 4493 quidem
2971 4420 3209 4489 pmniten
3219 4417 3348 4470 tiam
3372 4426 3535 4483 agere
3549 4420 3836 4480 quarunt,

2196 4536 2251 4580 et
2299 4531 2483 4592 postea
2533 4518 2842 4573 inlirmitate
2868 4512 3072 4581 arrepti
3120 4518 3315 4580 petunt
3342 4504 3832 4567 communionem,

494 4638 607 4695 ευὶε
638 4642 693 4687 ut
719 4631 988 4699 aliquanto
1034 4632 1271 4686 tempore
1294 4632 1322 4670 a
1352 4614 1725 4669 communione
1751 4621 2086 4681 separentur.
2122 4618 2176 4680 Β
2203 4617 2401 4686 placuit
2427 4613 2507 4668 eis
2539 4627 2647 4665 non
2675 4609 2908 4664 dandam
2942 4603 3391 4661 communionem
3430 4599 3538 4654 nisi
3571 4600 3836 4653 revalue-

640 4744 757 4801 XII.
794 4740 861 4795 Ut
894 4735 1063 4790 clerici
1099 4736 1409 4801 feneratores
1432 4726 1949 4781 excommunicentur.

576 4842 652 4895 De
685 4831 943 4889 ministris
986 4826 1075 4897 qui
1123 4823 1385 4885 fenerant,
1431 4821 1630 4888 placuit
1660 4833 1754 4872 eos
1805 4817 1952 4884 juxta
1984 4814 2093 4869 Ior-

499 4948 639 4990 mam
666 4925 916 4981 divinitus
945 4920 1120 4973 datam
1152 4930 1180 4967 a
1213 4910 1591 4968 communione
1636 4907 1915 4963 abstineri.

500 5045 640 5100 XIII.
679 5040 742 5093 Ut
766 5034 1047 5108 proditores
1080 5023 1412 5108 fratruin,pel
1428 5037 1677 5108 pessulum
1702 5033 1985 5083 sacrorum,
2007 5033 2099 5071 seu

685 5094 1092 5175 Sciipturarum,
1119 5113 1231 5149 cum
1251 5095 1533 5147 verberibus
1555 5094 1899 5161 deponantur.

574 5205 652 5259 De
699 5200 779 5253 his
830 5196 917 5265 qui
970 5190 1265 5258 Scripturas
1296 5192 1321 5218 α
1374 5184 1653 5236 tradidisse
1702 5182 1967 5242 dicuntur,
2012 5178 2097 5232 vel

504 5314 629 5355 vasa
659 5290 943 5355 dominica,
978 5284 1059 5339 vel
1108 5280 1320 5335 nomina
1350 5276 1571 5329 fratrum
1604 5288 1844 5334 suorum,
1904 5271 2098 5339 placuit

508 5391 663 5447 nobis
692 5394 747 5440 ut
792 5381 1092 5450 quicunque
1142 5388 1325 5429 eorum
1371 5371 1424 5423 in
1482 5368 1615 5421 actis
1666 5365 1890 5434 publicis
1940 5364 2100 5418 fuerit

509 5486 772 5541 detectus,
806 5489 908 5527 non
956 5467 1134 5522 verbis
1161 5464 1337 5529 nudis,
1368 5460 1433 5514 ab
1462 5458 1652 5513 ordine
1700 5454 1829 5507 cleri
1854 5468 2099 5508 amovea-

514 5585 635 5629 tur:
683 5582 806 5625 nam
835 5565 877 5619 si
927 5563 1067 5619 idem
1114 5558 1319 5627 aliquos
1359 5552 1639 5607 ordinasse
1685 5546 1881 5602 fuerint
1908 5547 2100 5616 depre-

588 5738 615 5765 ι
645 5726 760 5792 [δη
786 5722 846 5777 Β,
875 5719 966 5792 ἢ,
998 5717 1140 5792 E,§,
1173 5714 1236 5767 Τ.
1267 5713 1320 5777 I,
1347 5709 1401 5775 9,
1432 5708 1525 5777 U.,
1548 5706 1848 5775 Scripturas
1875 5711 2093 5757 sanctas.

588 5797 616 5835 "
653 5797 715 5850 Τ.
748 5786 774 5859 ’,
805 5797 862 5857 ‘2,
886 5790 950 5845 U.
990 5793 1039 5855 'I,
1075 5786 1161 5848 Ο..
1192 5792 1333 5859 agat.

591 5880 613 5905 ο
668 5843 777 5921 ἔιιῦ
806 5843 1008 5917 initium
1027 5843 1363 5911 '.\relatensis
1417 5848 1634 5905 secundi
1674 5844 2015 5921 inveniuntur
2046 5843 2102 5921 in

518 5915 771 5995 omnibus
811 5915 1097 5990 Codicibus
1145 5927 1359 5982 nomina
1412 5924 1782 5988 episcoporum
1826 5916 1917 5987 qni
1975 5915 2104 5971 huic

836 6347 1415 6355 ##—

2200 4713 2305 4766 rint
2338 4706 2457 4778 [U.,
2504 4704 2596 4773 6.,
2630 4702 3013 4775 praevaluerint
3059 4709 3115 4755 et
3140 4695 3358 4769 egerint
3385 4695 3589 4763 dignos
3621 4694 3839 4747 [ructus

2199 4800 2549 4876 paenitentiae.

2274 4897 2350 4950 Ex
2370 4895 2548 4950 Sicilia
2565 4902 2587 4930 ο
2618 4890 3083 4961 Syracusanorum
3107 4881 3299 4939 Sixtus
3315 4879 3619 4960 episcopus
3642 4877 3841 4934 etFlo-

2202 5005 2297 5045 rus
2309 4988 2591 5050 diaconus;
2606 5000 2672 5039 ex
2691 4980 2967 5052 provincia
2980 4974 3297 5044 Campaniae
3310 4954 3552 5027 civitatis
3580 4969 3841 5026 Protinus

2203 5081 2489 5151 episcopus
2507 5084 2560 5130 et
2580 5070 3127 5144 Agrippa’l‘utilaque
3140 5066 3409 5119 diaconos
3427 5078 3440 5115 :
3458 5076 3530 5116 ex
3553 5060 3843 5132 provincia

2206 5172 2411 5241 Apulia:
2446 5169 2647 5223 Pardus
2689 5165 2982 5233 episcopus
3030 5170 3083 5215 et
3123 5158 3397 5213 Crescens
3426 5154 3734 5220 diaconus;
3778 5166 3843 5205 ex

2207 5266 2481 5340 provincia
2508 5260 2795 5317 Dalmacia:
2812 5252 3137 5312 Theodorus
3169 5251 3466 5322 episcopus
3498 5257 3558 5305 et
3585 5246 3843 5317 Agatbon

2206 5361 2502 5417 diaconus:
2536 5370 2600 5409 ex
2627 5352 2762 5407 urbe
2807 5350 2979 5405 Roma
3037 5359 3176 5416 quos
3216 5343 3504 5413 Sylvester
3546 5343 3844 5410 episcopus

2216 5454 2375 5523 198
2406 5444 2897 5503 misitClaudianus
2918 5450 2975 5495 et
3004 5437 3196 5494 Avitus
3238 5434 3631 5506 presbyteres,
3664 5433 3847 5499 Euge-

2210 5540 2671 5611 niusetCyriacus
2691 5536 2947 5592 diacones
2980 5550 2993 5586 :
3018 5545 3089 5587 ex
3118 5523 3403 5600 provincia
3427 5521 3845 5579 ltalimOrosius

2212 5696 2511 5755 Arelatensi
2535 5692 2724 5763 primm
2749 5688 2960 5762 synodo
2988 5683 3389 5763 interfuerunt;
3418 5679 3477 5734 in
3511 5676 3665 5731 hunc
3686 5672 3848 5742 igitur

2213 5754 2389 5825 locum
2415 5754 2688 5819 transferri
2713 5754 2946 5827 debere,
2975 5768 3028 5813 et
3057 5758 3451 5826 episcoporum
3505 5760 3774 5804 numerus
3799 5754 3847 5795 et

2213 5841 2487 5963 sequentus
2516 5835 2733 5893 concilii
2757 5826 2937 5891 canon
2963 5829 3209 5888 decimus
3236 5835 3473 5883 octavus
3495 5828 3696 5893 aperte
3716 5826 3847 5871 ouu-

2214 5927 2408 5963 vmcun
2440 5947 2453 5963 .

2214 5927 2453 5970 VIDCUDI.

2286 6340 2709 6345 si“
3218 6344 3405 6349 εή-
3638 6208 3870 6349 η]
