3870 6348
104 356 183 415 ΞΗ

1058 341 1344 401 GALLIAS
1387 339 1731 399 CONCILIA.
1774 370 1847 383 -—
1882 340 2347 399 ARELATENSE
2391 342 2456 398 ll.

3308 346 3420 404 243

104 478 404 543 episcopus,
478 466 753 523 Nazareus
820 463 989 519 lector
1026 479 1040 517 :
1086 476 1152 517 ex
1199 461 1477 531 provincia
1530 460 1694 515 Vien-
1722 468 1776 528 Α
1801 474 1871 513 ex
1918 461 2137 515 civitate
2170 461 2608 533 Lugdunensium
2641 457 2944 515 Restitutus
2988 462 3277 531 episcopus
3309 480 3323 515 :
3350 476 3420 519 ex

105 564 323 620 sensium
373 558 607 615 civitatis
642 558 880 614 Arelataz
928 555 1162 610 Marinus
1189 554 1475 626 episcopus
1498 596 1511 619 ,
1542 553 1699 608 Sala-

104 672 201 713 ως
242 654 545 725 presbyter,
598 650 863 719 Nicatius,
915 646 1069 712 Afer,
1126 646 1355 704 Ursinus
1409 657 1463 703 et
1510 646 1700 702 Petrus

102 750 338 803 diacones
391 762 408 801 :
464 761 531 799 es
578 742 856 813 provincia
901 754 1008 811 qua
1079 753 1244 808 supra
1311 738 1699 794 Viennensium

102 838 253 893 Veros
306 837 597 907 episcOpus
630 878 646 901 ,
711 830 900 886 Beclas
960 831 1234 885 exorcista
1286 847 1302 883 :
1362 844 1426 884 ex
1484 829 1702 883 civitate

101 929 308 983 Vasione
364 928 601 982 Damnas
652 924 936 993 episc0pus
995 931 1049 975 et
1104 920 1293 975 Victor
1350 919 1619 975 exorcista
1684 937 1697 973 :

100 1038 152 1077 cs
167 1023 374 1076 civitate
393 1018 775 1075 Arausicorum
808 1013 1095 1068 Laustinus
1116 1012 1431 1084 presbyter:
1451 1027 1513 1067 es
1542 1012 1700 1067 Porta

100 1114 427 1169 Innocentius
456 1113 743 1179 diaconus,
777 1111 1013 1179 Agapius
1032 1109 1305 1165 exorcista
1342 1124 1446 1163 :ex
1482 1108 1701 1179 provin-

101 1206 167 1261 cio
196 1206 382 1260 Gallia:
408 1204 641 1259 civitatis
675 1204 1009 1259 Rhemorum
1042 1202 1444 1258 ltnbethausius
1478 1202 1567 1275 [Β.
1604 1203 1698 1270 lt,

100 1295 427 1368 Betbausius]
449 1298 760 1367 episcOpus.
796 1294 1162 1365 Primigenius
1194 1295 1455 1349 diaconus
1487 1311 1501 1346 :
1528 1308 1592 1348 ex
1621 1292 1701 1347 ci-

100 1394 245 1450 vitate
263 1392 782 1464 Bothomagensium
813 1392 1111 1446 Avidianus
1136 1392 1447 1460 episcopus,
1466 1390 1702 1445 Nicetius

101 1490 342 1543 diaconus
368 1503 492 1541 tes
526 1486 743 1540 civitate
766 1484 1139 1553 Augustoduni
1176 1485 1358 1538 Pelius
1390 1484 1699 1552 episcopus,

104 1579 361 1633 Amandus
395 1577 703 1648 presbyter,
737 1575 1093 1632 Philomatius
1134 1576 1445 1630 diaconus:
1472 1590 1538 1629 ex
1567 1575 1699 1628 civi-

105 1679 200 1724 tate
230 1670 483 1725 Leudona
520 1667 709 1723 Votius
732 1678 758 1704 ι
785 1668 1097 1735 episcopus,
1124 1666 1368 1721 Petulius
1390 1666 1659 1720 exorcista
1684 1682 1698 1720 :

103 1776 159 1815 es
195 1762 413 1815 civitate
452 1760 747 1829 Agrippina
792 1758 1064 1813 Maternus
1106 1758 1412 1826 episcopus,
1468 1757 1703 1810 Marinus

1806 554 2018 608 civitate
2044 554 2231 608 Clunia
2268 554 2541 624 Adelphus
2562 553 2871 623 episcopus,
2904 552 3064 609 SOter
3094 554 3380 624 presbyter
3399 569 3419 608 :

1804 663 1872 702 ex
1907 649 2120 703 civitate
2154 649 2485 703 Rhemorutn
2540 648 2785 703 Liberius
2826 650 3111 716 epiSCOpus
3139 692 3153 713 ,
3191 647 3421 701 Floren«

1806 744 1909 797 tius
1932 743 2193 797 diaconus
2229 761 2240 795 :
2274 757 2339 797 ex
2373 742 2586 796 civitate
2618 742 2815 797 Battica
2847 742 3080 795 Sabinus
3096 741 3420 811 presbyter:

1804 851 1867 890 ex
1895 836 2113 891 civitate
2140 837 2510 891 Ursuientinm
2542 836 2748 890 Natalis
2781 837 3092 906 presbyter,
3133 833 3425 903 Cytherius

1804 929 2063 986 diaconus
2097 947 2112 985 :
2136 946 2198 984 ex
2227 930 2442 984 civitate
2470 929 2777 983 Tarracona
2808 927 3090 983 Probatius
3116 927 3423 996 presbyter,

1803 1022 2082 1078 Castorius
2113 1024 2373 1077 diaconus
2410 1040 2420 1075 :
2458 1038 2523 1077 ex
2574 1022 2793 1075 civitate
2846 1018 3245 1087 Cesaraugusta
3298 1018 3425 1072 Cle-

1805 1117 2040 1172 mentius
2096 1118 2403 1185 presbyter,
2439 1114 2669 1167 Ruﬁnus
2709 1114 2981 1167 exorcista
3038 1128 3151 1166 :ex
3204 1111 3427 1165 civitate

1806 1209 2194 1280 Bastigentium
2222 1208 2534 1263 Termarius
2566 1206 2869 1277 presbyter,
2901 1204 3086 1258 't'ictor
3118 1204 3291 1258 lector
3318 1222 3330 1255 ε
3358 1220 3427 1259 ex

1807 1303 2085 1373 provincia
2106 1303 2437 1357 Mauritaniae
2460 1299 2812 1355 Ctesariensis
2859 1299 3183 1353 Fortunatus
3212 1302 3427 1369 episco-

1805 1410 1925 1465 pus,
1946 1395 2232 1449 Deuterius
2258 1394 2519 1448 diaconus
2539 1415 2549 1445 ;
2569 1409 2634 1447 ex
2656 1392 2926 1460 provincia
2959 1391 3226 1446 Sardiniae
3257 1391 3424 1459 Quin-

1807 1495 1887 1540 tus
1912 1484 1999 1557 [T.
2028 1488 2083 1553 ι),
2110 1486 2422 1556 Quintinusj
2440 1486 2749 1555 episcopus,
2776 1484 3075 1539 Aumonius
3100 1483 3383 1555 presbyter
3408 1499 3426 1538 :

1804 1592 1870 1631 ex
1891 1578 2165 1645 provincia
2198 1577 2399 1633 Africa:
2435 1576 2756 1632 Cecilianus
2779 1575 3089 1646 episcopus,
3107 1576 3431 1645 Sperantius

1805 1670 2183 1725 diaconuszex
2204 1674 2610 1726 civitateOnina
2632 1672 2955 1739 Lampadius
2988 1676 3275 1739 episcopus
3311 1691 3323 1723 :
3354 1687 3428 1727 ex

1805 1763 2020 1816 civitate
2037 1762 2184 1817 Utica
2206 1764 2386 1818 Victor
2404 1765 2689 1833 episc0pus
2711 1784 2723 1818 :
2744 1782 2809 1819 ex
2825 1764 3046 1817 civitate
3060 1763 3432 1821 Beneventina

102 1854 345 1908 diaconus
377 1870 395 1909 :
422 1868 490 1909 ex
515 1852 789 1923 provincia
820 1852 1141 1921 Aquitanica
1170 1852 1405 1907 civitatis
1440 1850 1694 1920 Vagaium
1725 1844 1775 1905 Β
1806 1856 2125 1911 Anastasius
2150 1860 2434 1924 epis-conus
2462 1876 2473 1910 :
2500 1874 2565 1912 ex
2596 1858 2811 1912 civitate
2836 1858 3175 1909 Turbnstana
3198 1856 3433 1913 Faustus

105 1946 322 2003 Genialis
365 1948 653 2019 episcenos
687 1966 698 2001 :
730 1962 795 2003 es
818 1948 1036 2003 civitate
1070 1947 1367 2017 Burdegala
1409 1947 1701 2003 Orientalis

106 2043 395 2112 episcopos,
428 2040 648 2095 Flavius
676 2040 937 2094 diaconus
964 2058 975 2093 :
1008 2055 1076 2095 ex
1098 2040 1321 2095 civitate
1353 2038 1701 2095 Trevirorum

106 2132 210 2207 [U.,
241 2130 629 2205 Treverorum]
664 2135 912 2203 Agrieius
959 2132 1272 2202 episcopus,
1305 2130 1457 2186 Felix
1490 2132 1701 2185 exorci-

107 2237 173 2283 sta
204 2243 304 2283 εει
324 2227 545 2282 civitate
574 2226 773 2281 Tolosa
793 2224 1055 2280 Martinus
1086 2226 1398 2293 episcOpus,
1438 2222 1702 2278 Leoncius

106 2320 341 2377 diaconus
364 2338 380 2375 :
402 2334 472 2374 ex
504 2318 779 2388 provincia
794 2318 1085 2372 Britannim
1107 2316 1341 2372 Eburius
1369 2314 1659 2385 episcopus
1685 2334 1698 2370 :

168 2445 193 2474 ⁸
219 2436 331 2503 ὦ,
357 2434 573 2492 Notius.
603 2434 739 2502 BIL,
774 2433 863 2499 U.,
899 2433 989 2499 G.,
1017 2433 1294 2488 Nuvotius.

1810 1963 2098 2018 ep'scopus
2117 1966 2132 2005 ;
2153 1968 2216 2005 ex
2233 1951 2449 2005 civitate
2468 1952 2757 2005 Cocoi‘eitis
2774 1950 3093 2018 Surgentius
3108 1950 3428 2019 episcOpns:

1812 2058 1881 2096 ex
1910 2045 2181 2110 provincia
2214 2044 2476 2098 Numidia:
2502 2045 2679 2097 Victor
2695 2045 3085 2112 episcopus;ex
3105 2042 3323 2097 civitate
3344 2042 3433 2096 Vi-

1810 2137 2050 2189 rensium
2074 2136 2259 2191 Vitatis
2278 2138 2564 2206 episcopus
2590 2154 2605 2190 :
2631 2152 2695 2190 es
2723 2148 2878 2203 pono
2905 2137 3052 2189 urnis
3078 2134 3265 2189 Romze
3295 2136 3431 2199 Gre-

1812 2230 1995 2297 gorius
2008 2232 2294 2300 episcopus
2315 2247 2406 2285 :ex
2422 2230 2804 2286 Centumceilis
2822 2229 3094 2298 Epictetus
3108 2233 3427 2299 episcopus:

1814 2333 1881 2374 ex
1908 2320 2129 2379 civitate
2154 2324 2390 2380 Ostiensi
2410 2324 2671 2381 Leontius
2687 2332 2741 2378 et
2766 2322 3033 2379 Macarius
3062 2324 3429 2394 presbyteres.

118 2540 3429 2585 ΜΨ-

1637 2668 1878 2741 XXII

607 2838 1289 2925 CONCILIUM
1367 2835 2145 2922 ARELATENSE
2222 2833 2937 2918 SECUNDUM.

263 3008 420 3081 199
445 3004 488 3059 I.
523 3003 605 3060 De
625 3004 893 3075 neaphytis
923 3003 1097 3057 clerici
1125 3018 1190 3056 ne
1220 3002 1550 3056 ordinentur.

114 3099 338 3155 Ordinari
362 3100 428 3153 ad
452 3097 774 3153 diaconatus
797 3109 861 3150 ac
888 3092 1179 3150 sacerdotii
1206 3092 1449 3148 ofﬁcium
1473 3093 1717 3163 ne0phy-

120 3204 215 3248 tum
247 3208 349 3247 non
377 3193 603 3247 debere.

150 3289 202 3345 ll.
230 3290 463 3355 Qualiter
500 3284 771 3355 conjugati
800 3282 869 3335 ad
910 3280 1257 3337 sacerdotium
1288 3287 1676 3349 promovantur.

179 3379 385 3434 Assumi
415 3378 653 3446 aliquem
678 3374 745 3428 ad
779 3372 1142 3429 sacerdotium
1175 3388 1281 3426 non
1308 3386 1469 3439 posse
1496 3373 1549 3424 in
1581 3384 1712 3423 con-

119 3473 233 3544 juin
263 3472 482 3526 vinculo
506 3468 862 3525 constitutum
882 3508 899 3534 ,
949 3464 1055 3519 nisi
1087 3465 1249 3519 luerit
1274 3463 1553 3534 prtemissa
1585 3477 1716 3517 con-

122 3579 303 3618 τετεις).

124 3656 192 3711 ill.
226 3656 292 3712 Ut
335 3656 510 3711 nullus
542 3654 758 3708 clericus
809 3658 901 3705 aut
928 3652 1176 3705 diaconus
1200 3648 1254 3701 in
1276 3646 1467 3701 solatio
1501 3661 1591 3700 suo
1622 3660 1717 3699 ca:-

526 3735 762 3779 traneant
790 3724 974 3778 habeat
1007 3723 1296 3775 mulierem.

184 3820 234 3875 Si
256 3820 375 3889 quis
402 3819 639 3874 clericus
669 3834 699 3871 a
744 3818 913 3887 gradu
966 3816 1283 3871 diaconatus
1310 3813 1364 3865 in
1396 3811 1592 3867 solatio
1620 3825 1719 3867 suo

129 3916 385 3969 mulierem
420 3918 623 3982 praeter
662 3910 861 3974 aviam,
894 3916 1122 3963 matrem
1153 3948 1169 3973 ,
1208 3919 1451 3960 sororem
1481 3948 1495 3973 ,
1528 3904 1715 3971 tiliam,

127 4016 320 4073 neptem
351 4004 435 4059 vel
468 4016 788 4058 conversam
832 4014 1016 4055 secum
1062 4012 1310 4063 uxorem,
1346 3995 1545 4051 habere
1578 4010 1719 4063 pra:-

128 4097 415 4166 sumpserit,
438 4111 469 4149 a
496 4094 877 4150 communione
904 4094 1112 4148 alienus
1137 4090 1399 4145 habeatur
1424 4108 1436 4142 :
1470 4105 1565 4159 par
1587 4104 1723 4159 quo-

126 4198 285 4257 qseet
304 4188 610 4253 mulierem,
639 4186 683 4242 si
713 4200 773 4242 se
796 4199 1051 4254 separare
1088 4183 1348 4247 noluerit,
1400 4194 1557 4249 ptena
1589 4196 1713 4250 per-

126 4279 286 4333 cellat.

127 4371 199 4427 iV.
222 4372 287 4428 Ut
308 4372 482 4427 nullus
509 4369 726 4426 clericus
754 4369 810 4423 in
838 4367 1050 4449 cellario
1078 4368 1158 4421 vel
1182 4372 1379 4422 secreto
1405 4366 1717 4421 intromittat
1740 4388 1795 4449 Ι)

784 4440 1035 4510 puellam.

184 4537 360 4593 Nullus
399 4536 685 4601 diaconus,
713 4534 797 4589 vel
830 4532 1135 4603 presbyter,
1168 4530 1256 4585 vel
1308 4530 1597 4599 episcOpus
1650 4528 1717 4583 ad

127 4629 305 4686 cellarii
345 4640 627 4687 secretum
657 4625 981 4681 intromittat
1011 4625 1265 4693 puellam,
1289 4622 1375 4679 vel
1406 4623 1716 4693 ingenuam,

129 4726 199 4781 vel
216 4727 488 4783 ancillam.

132 4819 183 4873 ν.
211 4820 275 4876 ω
300 4821 566 4889 episcOpus
581 4814 1015 4889 cnm‘ordinatur,
1050 4829 1166 4867 cum
1193 4828 1441 4889 consensu
1459 4818 1718 4877 metmpo-

423 4884 580 4942 illuni
617 4902 716 4940 tres
740 4902 855 4939 eum
886 4886 1120 4939 ordinent
1150 4884 1394 4952 episwpi.

187 4983 249 5040 Ut
274 4984 586 5053 episc0pum
612 4983 727 5035 sine
770 4980 1209 5048 metropolitano,
1240 4977 1324 5033 vel
1348 4976 1574 5047 epistola
1609 4989 1721 5029 me-

132 5076 554 5145 tropolitani,vei
598 5074 767 5129 tribus
813 5072 1359 5141 comprovincialibus
1413 5086 1517 5124 non
1564 5069 1723 5124 liceat

132 5172 370 5239 ordinari,
401 5170 472 5225 ita
523 5177 581 5223 ut
605 5169 694 5222 alii
726 5166 1212 5237 comprovinciales
1256 5166 1503 5236 epistolis
1537 5168 1720 5221 admo-

136 5274 365 5328 oeantur,
390 5272 446 5315 ut
476 5276 535 5317 se
556 5276 657 5315 suo
697 5274 962 5329 responso
984 5261 1333 5314 consensisse
1372 5260 1718 5327 signiﬁcent;

135 5356 252 5423 quod
282 5356 325 5408 si
361 5356 501 5409 inter
523 5361 705 5424 partes
727 5353 906 5422 aliqua
936 5361 1053 5406 nata
1087 5350 1245 5405 fuerit
1277 5352 1542 5404 dubitatio
1570 5392 1585 5417 ,
1610 5366 1724 5405 ma-

137 5447 221 5513 iori
247 5462 469 5503 numero
500 5444 947 5515 metrOpolitanus
980 5446 1033 5499 in
1062 5444 1329 5499 electione
1358 5444 1681 5498 consentiat.

198 5539 277 5597 Vl.
313 5540 387 5595 De
422 5542 662 5611 episcopo
707 5540 792 5605 qui
817 5540 930 5595 sine
980 5539 1295 5593 conscientia
1342 5537 1723 5604 metropolitani

689 5612 841 5681 fuerit
855 5612 1141 5665 ordinatus.

200 5703 325 5762 Illud
348 5712 529 5762 autem
552 5714 679 5761 ante
698 5704 878 5760 omnia
916 5705 1136 5771 clareat,
1170 5718 1295 5760 eum
1317 5703 1406 5774 qui
1423 5701 1541 5758 sine
1597 5716 1725 5757 con-

1743 3012 1789 3076 α
1822 3002 2048 3056 scientia
2068 3001 2469 3070 metropolitani
2495 3002 2818 3055 constitutus
2834 3001 2994 3056 luerit
3014 3003 3436 3076 episcOpusjux-

1823 3103 1873 3147 ta
1900 3109 2151 3163 magnam
2185 3094 2453 3162 synodum
2484 3108 2603 3147 esse
2628 3096 2943 3164 episcopum
2972 3112 3077 3150 non
3103 3096 3326 3153 debere.

2039 3186 2204 3257 200
2243 3186 2352 3239 VII.
2381 3185 2457 3239 De
2484 3187 2562 3238 Itis
2601 3188 2688 3255 qui
2717 3188 2911 3252 seipsos
2937 3188 3228 3241 abscidunt.

1896 3278 2007 3333 Hos
2038 3282 2125 3348 qui
2156 3294 2214 3331 se
2246 3278 2446 3330 carnali
2481 3278 2610 3331 vitio
2633 3293 2931 3344 repugnare
2990 3282 3295 3335 nescientes
3342 3282 3444 3337 ab-

1822 3370 2141 3434 scidttnt,ad
2172 3371 2488 3424 clericatum
2522 3372 2806 3436 pervenire
2828 3386 2932 3423 non
2970 3385 3148 3438 posse.

1861 3462 1999 3515 VIII.
2030 3460 2109 3515 De
2136 3462 2215 3515 Itis
2238 3462 2327 3529 qui
2357 3461 2824 3513 excomntunicatos
2847 3461 3059 3515 alterius
3084 3463 3399 3532 suscipiunt.

1896 3551 1953 3609 Si
1985 3555 2105 3622 quis
2137 3554 2667 3608 excommunicatum
2724 3555 2966 3619 alterius,
3010 3553 3127 3606 sive
3155 3557 3443 3626 clericum,

1823 3648 1943 3701 sive
1975 3647 2314 3709 saecularem,
2350 3646 2592 3711 recipere
2636 3655 2755 3712 post
2787 3648 3136 3704 interdictum
3180 3664 3445 3717 prmsum-

1824 3738 2013 3807 pserit,
2073 3738 2285 3791 noverit
2326 3751 2384 3791 se
2416 3754 2567 3793 reum
2606 3738 2958 3794 fraternitatis
2990 3740 3188 3796 iactum
3221 3755 3441 3796 causam

1824 3831 1878 3886 in
1903 3831 2135 3886 concilio
2165 3830 2525 3885 redditurum.

1869 3946 1963 4001 IX.
2000 3945 2069 4000 Ut
2092 3944 2380 4000 Novatiani
2410 3947 2464 3999 in
2493 3947 2905 4000 communionem
2935 3964 3039 4002 non
3064 3948 3401 4018 recipiantur.

1894 4060 2251 4116 Novatianum
2280 4063 2331 4115 in
2383 4063 2817 4119 communionem
2863 4064 3031 4133 recipi
3070 4080 3174 4120 non
3214 4067 3439 4137 debere,

1824 4157 1927 4211 nisi
1957 4169 2206 4225 suscepta
2231 4158 2564 4227 paenitentia:
2590 4159 2909 4213 credulitate
2931 4161 3266 4228 prasteritum
3287 4161 3443 4217 dam-

1825 4256 1918 4305 net
1945 4264 2211 4304 errorem.

1936 4342 2003 4396 Χ.
2037 4342 2113 4395 De
2139 4343 2219 4396 Itis
2245 4342 2336 4410 qui
2365 4343 2417 4394 in
2449 4343 2800 4409 persecutione
2831 4346 3157 4411 praevaricali
3190 4356 3330 4401 sunt.

1899 4437 1979 4493 De
2001 4438 2083 4491 liis
2111 4438 2200 4508 qui
2235 4439 2286 4491 in
2332 4437 2705 4505 persecutione
2730 4440 3061 4506 prmvaricnti
3086 4451 3245 4508 sunt,
3272 4443 3317 4496 si
3340 4458 3441 4500 vo-

1826 4532 2056 4585 luntarie
2090 4531 2250 4585 ﬁdem
2286 4540 2642 4602 negaverunt,
2688 4530 2789 4583 hoc
2811 4530 2877 4585 de
2906 4532 2984 4585 eis
3024 4532 3240 4587 Nica‘na
3272 4550 3443 4605 syno-

1823 4628 1925 4683 dus
1976 4630 2187 4694 statuit,
2251 4636 2309 4680 ut
2363 4628 2597 4697 quinque
2628 4626 2785 4679 annis
2828 4627 2968 4680 inter
3021 4630 3443 4686 catechumenos

1826 4730 2041 4786 cxeant,
2070 4730 2125 4773 et
2152 4720 2362 4773 duobus
2398 4721 2536 4773 inter
2564 4721 3049 4786 communicantes,
3085 4723 3153 4774 ita
3188 4734 3244 4775 ut
3290 4739 3442 4779 com-

1825 4817 2167 4880 munionem,
2225 4816 2364 4868 inter
2406 4814 2733 4883 pmniteutes
2785 4830 2889 4868 non
2946 4826 3310 4883 prmsumant;
3372 4818 3433 4873 in

1828 4921 2093 4981 potestate
2126 4921 2305 4963 tamen
2361 4911 2443 4964 vel
2476 4909 2699 4963 arbitrio
2728 4909 2797 4961 sit
2852 4908 3115 4978 episcopi,
3173 4912 3295 4963 utsi
3345 4927 3441 4968 eos

1826 5020 1895 5059 ex
1928 5006 2109 5059 animo
2139 5018 2377 5059 errorem
2403 5004 2603 5059 deliere
2626 5013 2680 5057 et
2707 5018 2867 5072 agere
2898 5005 3266 5071 pmnitentiam
3290 5007 3442 5061 vide-

1828 5098 1917 5166 rit,
1938 5100 2001 5150 ad
2052 5098 2487 5153 communionem
2531 5113 2631 5167 pro
2684 5098 3051 5152 ecclesiastica
3106 5099 3442 5155 humanitate

1828 5194 2107 5262 suscipiat.

1864 5304 1955 5359 ΧΙ.
1989 5304 2067 5357 De
2086 5305 2168 5356 Itis
2192 5305 2278 5372 qui
2301 5304 2465 5373 pontis
2489 5304 2609 5357 victi
2638 5305 2937 5374 sacriﬁcare
2968 5308 3226 5376 compulsi
3255 5319 3396 5364 sunt.

1905 5422 1961 5476 Si
1996 5420 2086 5490 qui
2117 5435 2249 5474 vero
2299 5421 2487 5474 dolore
2526 5421 2655 5476 victi
2688 5432 2742 5474 et
2771 5423 3012 5490 pondere
3042 5425 3436 5491 persecutionis

1831 5529 2029 5587 negare
2079 5513 2165 5568 vel
2195 5512 2497 5568 sacriﬁcare
2543 5514 2807 5582 compulsi
2836 5524 2979 5579 sunt,
3027 5514 3238 5569 duobus
3283 5518 3439 5569 annis

1830 5606 1973 5662 inter
2001 5606 2441 5671 catechumenos,
2468 5616 2519 5659 et
2544 5606 2777 5661 triennio
2809 5606 2950 5662 inter
2981 5610 3308 5676 pmnitentes
3337 5608 3435 5662 hao

1830 5699 2059 5755 beantur
2084 5714 2113 5752 a
2145 5700 2525 5753 communione
2554 5697 2821 5767 suspensi.

208 5878 228 5906 '
256 5871 369 5939 £.,
397 5881 601 5929 centum
626 5868 1016 5936 qualuordecim
1035 5867 1416 5935 episc0porum.
1444 5867 1508 5923 Β.
1540 5865 1633 5933 8.,
1662 5864 1728 5920 Τ.
1762 5864 1814 5930 l,
1845 5871 2046 5919 rentum
2073 5865 2322 5920 tredecim
2352 5865 2728 5931 episcoporum.
