3870 6356
448 323 562 385 945

1143 323 1525 383 ϐοιιωοτιο
1559 321 1889 382 CANUNUM
1930 325 1983 381 S.
2026 323 2297 381 ISIDORO
2334 323 2602 382 HISPAL.
2642 325 3007 383 ASCRIPTA.

3626 324 3738 383 2“

489 442 604 498 III.
632 441 712 497 De
737 444 818 497 Itis
841 442 927 511 qui
956 443 1007 494 in
1038 440 1325 511 pauitantia
1350 438 1501 510 positi
1530 438 1631 491 vita
1660 446 2001 492 euenerant.
2058 443 2111 499 Α
2137 434 2407 491 firmitatis
2434 452 2591 492 causa
2623 438 2877 502 defuerit,
2912 453 3194 506 personam
3234 452 3328 493 sua
3370 438 3489 492 vice
3515 437 3733 505 dirigat.

526 538 605 591 De
653 535 737 591 his
762 535 851 603 qui
902 534 954 587 in
1002 530 1313 601 ptenitentia
1346 531 1501 600 positi
1531 532 1639 584 vita
1670 538 2035 595 excesserunt,

447 628 660 700 placuit
702 627 907 682 nullum
936 622 1313 679 communione
1341 637 1567 678 vacuum
1594 621 1791 676 debere
1818 618 2035 683 dimitti,

453 720 550 776 scd
580 735 675 788 pro
702 732 767 773 eo
794 716 937 789 quod
967 716 1249 771 honoravit
1273 716 1645 786 ptanitentiam
1673 712 1870 770 oblatio
1900 712 2041 769 illius

452 809 763 875 recipiatur.

452 902 612 972 201
633 900 768 957 Χιιιο
788 899 854 956 Πι
875 915 939 953 ιιι
954 902 1069 973 quis
1082 899 1610 1025 ze‘cessitate
1622 913 1766 951 suain
1784 897 2041 968 relinquat

525 1065 713 1119 Nullus
761 1065 1019 1135 cujusque
1070 1063 1273 1118 ordinis
1321 1062 1567 1132 clericus,
1602 1077 1709 1118 non
1756 1062 2038 1127 diawnus,

454 1174 561 1213 non
618 1159 917 1229 presbyter,
952 1172 1056 1211 non
1095 1157 1374 1227 episcopus
1402 1171 1719 1227 quacunque
1762 1156 2043 1213 occasione

452 1249 685 1304 faciente
709 1252 974 1321 propriam
999 1252 1267 1309 relinquat
1291 1249 1606 1314 Ecclesiam,
1631 1249 1726 1305 sed
1747 1250 2044 1304 omniame-

454 1342 539 1396 dis
569 1348 659 1396 atit
688 1346 1177 1401 excommunicetur
1204 1355 1295 1399 aut
1335 1344 1511 1399 redire
1539 1354 1761 1416 cogatur
1784 1362 1797 1399 :
1820 1345 1962 1413 quod
1994 1344 2041 1399 si

453 1433 635 1501 aliquo
663 1436 1104 1490 commorationis
1149 1448 1411 1503 tempore,
1442 1434 1608 1490 invito
1638 1436 1891 1505 episcopo
1922 1451 2040 1500 suo,

456 1524 512 1579 In
543 1523 715 1579 aliena
751 1526 977 1581 ecclesia
1025 1526 1271 1583 habitans
1304 1526 1371 1581 ab
1410 1529 1661 1595 episcopo
1693 1528 1793 1582 loci
1816 1528 2042 1583 clericus

454 1612 619 1670 fuerit
640 1617 938 1683 ordinatus,
968 1618 1271 1687 hujnsmodi
1294 1620 1557 1676 ordinatio
1586 1622 1731 1673 irrita
1757 1621 2037 1677 habeatur.

758 1707 894 1760 XIV.
940 1708 1021 1763 Ne
1052 1712 1265 1764 clericus
1294 1727 1474 1764 usuras
1500 1712 1735 1779 accipiat.

526 1799 584 1854 Si
615 1801 732 1867 quis
770 1800 998 1857 clericus
1028 1805 1303 1870 pecuniam
1334 1805 1541 1859 dederit
1579 1805 1646 1859 ad
1678 1820 1915 1871 usuram,
1946 1817 2039 1861 aut
2069 1802 2118 1862 B

458 1891 756 1946 conductor
782 1892 971 1946 aliena:
1020 1896 1094 1950 rei
1126 1894 1354 1950 voluerit
1383 1910 1534 1962 esse,
1566 1906 1658 1949 aut
1692 1898 1863 1965 turpis
1907 1896 2040 1951 lucri

456 1985 623 2054 gratia
654 2002 821 2056 genus
860 1986 1070 2058 aliquod
1118 1990 1497 2061 negotiationis
1526 1991 1847 2056 exercuerit,
1877 2000 2043 2058 depo-

454 2079 592 2134 situs
621 2095 649 2133 a
680 2081 827 2135 clero
855 2094 885 2134 a
912 2083 1289 2136 communione
1315 2084 1521 2137 alienus
1552 2084 1660 2136 fiat.

456 2171 574 2229 XV.
617 2172 701 2230 Ne
729 2176 972 2231 diaconus
1009 2192 1178 2229 coram
1217 2179 1505 2247 presbytero
1546 2176 1715 2231 κάδοι
1753 2176 1831 2232 aet
1860 2176 2044 2232 eucha-

1037 2250 1235 2301 ristiam
1265 2250 1454 2300 tradat.

529 2338 584 2392 In
617 2341 907 2394 secretario
936 2339 1161 2393 diacono
1191 2340 1330 2394 inter
1358 2340 1696 2412 presbyteres
1725 2341 1914 2394 sedere
1937 2354 2040 2394 non

453 2432 651 2495 liceat,
690 2434 769 2485 vel
815 2448 1008 2499 corpus
1037 2430 1235 2485 Christi
1282 2443 1545 2499 praesente
1588 2432 1900 2500 presbytero
1931 2441 2040 2483 tra-

454 2525 584 2599 dere
612 2538 717 2577 non
748 2534 1067 2592 praesumat;
1091 2522 1233 2593 quod
1261 2524 1305 2577 si
1332 2522 1537 2589 fecerit,
1560 2522 1627 2576 ab
1655 2522 1835 2576 officio
1862 2522 2043 2576 diaco-

452 2624 609 2670 natus
638 2616 912 2669 abscedat.

514 2755 519 2759 .
551 2706 691 2761 XVI.
740 2705 805 2761 Ut
836 2704 1136 2759 Photiniani
1161 2714 1206 2758 et
1240 2704 1580 2759 Paulinuista
1607 2706 1944 2773 baptisentur.

527 2796 877 2849 Photinianos
909 2811 1037 2849 vero
1082 2797 1193 2849 sive
1227 2795 1577 2849 Pauliauistas
1615 2795 1907 2850 Secundum
1944 2795 2042 2861 Pa-

455 2895 594 2943 trum
625 2897 822 2945 statuta
850 2887 1105 2953 baptizari
1136 2898 1406 2955 oportere.

804 2980 968 3034 XVII.
1010 2978 1088 3032 lle
1111 2980 1361 3033 hwreticis
1389 2978 1679 3046 baptisatis.

526 3073 831 3127 Bouitiacos
858 3080 1033 3126 autem
1064 3088 1126 3125 ex
1156 3072 1343 3125 eodem
1371 3085 1556 3124 errore
1586 3069 1878 3134 venientes,
1909 3084 2042 3139 quos

451 3171 595 3226 sicut
635 3167 863 3223 Arianos
896 3168 1152 3237 baptizari
1186 3168 1237 3220 in
1265 3166 1525 3222 ’I‘rittitate
1569 3162 1905 3220 manifestum
1938 3176 2037 3229 est,
2066 3164 2114 3225 (Ζ

448 3260 577 3315 dum
620 3260 931 3329 interrogati
973 3258 1128 3313 fidem
1177 3264 1411 3311 nostram
1461 3273 1524 3312 ex
1568 3266 1678 3312 toto
1714 3258 1875 3311 corde
1914 3271 2040 3311 con-

448 3352 573 3408 fessi
607 3353 827 3419 fuerint,
859 3367 978 3406 cum
1009 3354 1297 3406 chrismate
1318 3361 1371 3404 et
1400 3364 1589 3403 manus
1620 3350 1957 3419 impositione
1985 3348 2037 3404 in

447 3445 691 3499 Ecclesia
727 3444 890 3512 recipi
920 3441 1135 3497 sufficit.

448 3534 634 3592 XVIiI.
684 3535 750 3591 Ut
780 3524 1155 3603 metropolitani
1185 3537 1393 3591 arbitrio
1428 3536 1657 3607 synodus
1685 3544 2038 3608 congregetur.

524 3629 600 3681 Ad
636 3629 961 3682 Arelatensis
986 3630 1220 3697 episcopi
1246 3630 1522 3681 arbitrium
1551 3630 1787 3697 synodus
1815 3643 2039 3697 congre-

446 3720 618 3791 ganda
644 3763 656 3785 ,
688 3720 755 3772 ad
800 3737 954 3788 quam
999 3722 1185 3775 urbem
1216 3738 1278 3775 ex
1311 3721 1557 3775 omnibus
1589 3721 1769 3774 mundi
1802 3721 2038 3789 partibus

446 3813 549 3868 sub
579 3814 745 3866 sancti
780 3813 964 3866 Marini
996 3823 1236 3882 tempore
1267 3814 1488 3883 legimus
1517 3812 1843 3867 celebratum
1874 3810 2039 3867 fuisse

446 3905 733 3959 concilium
760 3915 919 3974 atque
946 3915 1267 3959 conventum
1300 3923 1313 3960 :
1348 3905 1390 3959 si
1434 3907 1551 3973 quis
1574 3905 1932 3959 commonitus
1959 3903 2039 3957 itt-

523 4048 551 4078 ι
578 4037 664 4103 U.,
695 4041 941 4108 capitalia
970 4042 1208 4112 objccisse
1235 4042 1451 4094 crimina
1480 4043 1693 4093 convicti
1726 4042 1937 4112 fuerint.

2217 525 2355 579 XIX.
2401 525 2471 581 Ut
2496 529 2625 580 nulli
2654 530 2891 598 episcopo
2916 526 3067 581 liceat
3092 546 3124 580 a
3151 529 3348 599 synodo
3380 530 3658 583 discedere.

2213 616 2268 672 Si
2301 619 2420 685 quis
2442 630 2622 674 autem
2651 622 2844 676 adesse
2875 621 3191 690 neglexerit,
3222 632 3313 675 aut
3340 630 3540 677 ctetum
3571 622 3733 694 203

2142 708 2362 763 fratrum
2403 719 2688 779 antequam
2738 713 3028 767 concilium
3070 714 3394 768 dissolvatur
3438 716 3734 771 crediderit

2140 798 2531 865 deserendum,
2561 804 2848 858 alienatum
2890 818 2949 859 se
2996 819 3025 858 a
3071 803 3297 860 fratrum
3350 808 3737 862 communione

2140 904 2464 961 cognoscat,
2496 909 2592 948 nec
2617 910 2739 949 eum
2781 895 2944 966 recipi
2970 896 3128 953 liceat
3151 897 3253 952 nisi
3285 896 3339 952 in
3369 896 3618 968 sequenti
3644 913 3736 970 sy-

2140 986 2285 1041 nodo
2314 983 2475 1041 fuerit
2501 988 2799 1042 absolutus.

2381 1079 2498 1135 XX.
2532 1079 2612 1135 De
2636 1082 2831 1153 aurigis
2867 1091 2918 1136 et
2954 1083 3210 1139 theatricis
3236 1081 3494 1152 fidelibus.

2214 1173 2289 1227 De
2309 1173 2659 1241 agitatoribus
2686 1175 2796 1228 sive
2826 1174 3099 1229 tbeatricis
3126 1191 3213 1242 qut
3241 1174 3428 1229 fideles
3448 1184 3597 1239 sunt,
3623 1174 3737 1245 pla-

2141 1266 2251 1321 cuit
2276 1281 2370 1320 eos
2397 1268 2627 1335 quandiu
2651 1278 2834 1336 agunt,
2866 1283 2894 1321 a
2922 1268 3301 1325 communione
3326 1272 3588 1338 separari.

2215 1359 2353 1414 XXI.
2380 1359 2440 1415 Si
2461 1372 2574 1431 post
2604 1370 2866 1428 acceptam
2896 1363 3245 1431 penitentiam
3268 1368 3382 1432 quis
3411 1365 3662 1434 nupserit.

2212 1450 2571 1522 Pmnitentes,
2604 1470 2723 1524 quae
2762 1454 3011 1509 defuncto
3044 1456 3159 1509 viro
3187 1457 3304 1509 aliis
3344 1459 3549 1511 nubere
3591 1471 3735 1524 pra:-

2141 1546 2499 1613 sumpserint,
2535 1546 2614 1599 vel
2645 1557 2889 1614 suspecta
2926 1547 3006 1601 vel
3056 1546 3341 1601 interdicut
3373 1548 3741 1603 familiaritate

2142 1652 2261 1691 cum
2287 1648 2542 1693 extraneo
2573 1640 2823 1706 vixerint,
2854 1654 2973 1695 cum
2996 1640 3187 1695 eodem
3214 1645 3282 1693 ab
3308 1641 3568 1696 Ecclesia:
3596 1641 3739 1696 limi-

2144 1729 2299 1783 nibus
2328 1740 2612 1784 arceantur
2642 1747 2657 1785 :
2692 1731 2794 1785 hoc
2821 1734 2986 1786 etiam
3017 1741 3072 1787 et
3099 1732 3167 1787 de
3194 1732 3307 1786 viro
3338 1733 3391 1786 in
3425 1731 3742 1802 poenitentia

2143 1824 2317 1893 posito
2354 1822 2549 1891 placuit
2579 1825 2880 1880 observari.

2214 1915 2383 1981 XXII,
2412 1916 2477 1971 Ut
2511 1920 2803 1985 plenitentia
2826 1919 3120 1989 conjugatis
3141 1934 3203 1971 ex
3223 1933 3470 1970 consensu
3496 1915 3666 1968 detur.

2143 2009 2588 2133 d‘Pénnitentiam
2645 2009 2947 2079 conjugatis
3006 2024 3112 2064 non
3180 2009 3284 2063 nisi
3338 2024 3406 2063 ex
3472 2023 3748 2063 consensu

2215 2098 2245 2132 II
2287 2094 2395 2133 am.

2215 2094 2395 2134 naam.

2144 2171 2332 2227 XXIII.
2376 2171 2453 2225 De
2472 2171 2815 2226 sacerdotibus
2838 2172 2926 2238 qui
2946 2170 3292 2224 idololatrian:
3317 2185 3420 2223 non
3449 2168 3749 2223 everterint.

2216 2264 2271 2317 Si
2316 2264 2368 2319 in
2419 2265 2643 2331 alicujus
2693 2265 2987 2334 presbyteri
3031 2265 3301 2317 territorio
3350 2261 3598 2315 infideles
3648 2270 3751 2315 aut

2146 2356 2365 2428 faculas,
2394 2356 2693 2411 accendunt
2714 2369 2806 2411 aut
2834 2356 3075 2419 arbores,
3111 2355 3284 2410 fontes
3308 2355 3390 2408 vel
3408 2368 3540 2407 saxa
3574 2368 3720 2409 vene

2146 2460 2363 2511 rantur,
2397 2451 2442 2503 si
2492 2448 2592 2503 hoc
2639 2464 2829 2504 eruere
2874 2446 2961 2521 [T.
3000 2446 3055 2512 2,
3096 2442 3365 2516 evertere]
3417 2446 3754 2513 neglexerit,

2143 2540 2409 2608 sacrilegii
2438 2556 2587 2594 reum
2620 2554 2679 2595 se
2708 2556 2829 2595 esse
2861 2550 3153 2610 cognoscat
3183 2556 3196 2591 :
3225 2539 3477 2592 dominus
3517 2547 3612 2590 aut
3654 2552 3757 2591 or-

2144 2629 2356 2684 dinator
2391 2630 2469 2684 rei
2510 2629 2677 2698 ipsius
2704 2672 2717 2696 ,
2751 2631 2795 2684 si
2834 2630 3143 2684 admonitus
3170 2629 3459 2685 emendare
3488 2625 3759 2696 noluerit,

2144 2724 2519 2780 communione
2550 2726 2811 2791 privetur.

2446 2815 2637 2872 XXIV.
2682 2817 2759 2870 De
2787 2817 3169 2871 accusatoribus
3200 2822 3446 2887 fratrum.

2218 2908 2327 2961 Eos
2350 2910 2438 2977 qui
2468 2908 2601 2963 falso
2630 2911 2885 2965 fratribus
2910 2912 3023 2964 suis
3044 2911 3293 2981 capitalia
3320 2908 3593 2978 objecisse
3618 2922 3767 2963 con-

2143 2998 2269 3052 victi
2303 3001 2499 3054 luerint
2528 3009 2576 3064 ",
2610 3001 2810 3069 placuit
2839 3016 3007 3069 usque
3037 3001 3103 3055 ad
3130 3001 3333 3055 exitum
3364 3013 3470 3053 non
3500 3013 3768 3053 commu-

2146 3090 2345 3156 nicare,
2378 3093 2513 3145 sicut
2545 3108 2732 3163 magna
2775 3095 3011 3163 synodus
3043 3105 3167 3149 ante
3195 3092 3492 3160 constituit,
3528 3092 3641 3147 nisi
3670 3094 3769 3148 di-

2144 3197 2246 3252 gna
2286 3185 2648 3240 satisfactione
2677 3184 3043 3255 ptenituerint.

2367 3276 2533 3331 XXV.
2578 3277 2655 3332 De
2694 3280 2944 3346 apostatis
2974 3280 3017 3330 si
3047 3295 3148 3331 non
3178 3284 3518 3333 revertantur.

2220 3368 2282 3422 Hi
2312 3369 2404 3439 qui
2435 3378 2555 3437 post
2584 3380 2825 3423 sanctam
2858 3368 3136 3439 religionis
3168 3365 3559 3437 professionem
3617 3380 3740 3434 apo

2145 3468 2347 3513 statant
2373 3472 2423 3514 et
2450 3460 2515 3513 ad
2546 3462 2801 3515 saeculum
2834 3464 3077 3526 redeunt,
3098 3470 3153 3515 et
3195 3458 3535 3527 postmodum
3568 3459 3773 3527 poeni-

2149 3550 2326 3603 tentiue
2360 3552 2593 3605 remedia
2621 3565 2725 3604 non
2757 3552 3058 3620 requirunt,
3100 3552 3217 3603 sine
3246 3548 3562 3618 paenitentia
3592 3564 3767 3603 com-

2146 3640 2456 3695 munionem
2478 3642 2690 3710 penitus
2711 3658 2815 3697 non
2838 3645 3103 3711 accipiant
3120 3660 3131 3693 :
3147 3656 3283 3711 quos
3305 3643 3466 3694 etiam
3486 3638 3774 3707 jubemus

2144 3732 2211 3783 ad
2241 3732 2477 3787 officium
2506 3734 2792 3790 clericatus
2821 3752 2927 3790 non
2959 3736 3191 3801 admitti,
3220 3746 3274 3789 et
3314 3733 3633 3803 quicunque
3670 3734 3774 3788 ille

2145 3833 2263 3891 post
2286 3824 2656 3891 paenitentiam
2685 3826 2924 3880 habitum
2949 3828 3260 3879 saecularem
3284 3839 3389 3878 non
3416 3833 3768 3892 praesumat;

2147 3914 2289 3978 quod
2320 3914 2366 3965 si
2398 3916 2821 3984 praasumpserit,
2854 3917 2920 3970 ab
2954 3915 3189 3971 Ecclesia
3216 3917 3425 3970 alienus
3458 3915 3771 3970 habeatur.

450 4176 3770 4221 mm

1880 4362 1893 4377 .
1959 4299 2241 4373 XXIII

1011 4467 1675 4551 CONCILIUM
1750 4468 2519 4551 ARELATENSE
2595 4469 3153 4555 TERTIUM

468 4643 790 4688 DUODECIM
838 4635 860 4660 u
910 4639 1340 4683 IEPISCOPOBUM
1372 4667 1385 4691 ,
1434 4640 1724 4683 HABITUM
1772 4642 1911 4683 ΕΒΑ
1962 4642 2033 4684 CC

2174 4644 2249 4695 xi,
2300 4644 2627 4687 mancum
2675 4647 2965 4691 AUGUSTO
3009 4650 3393 4708 ηαυπτ-ις,
3442 4654 3774 4704 omnem

1278 4719 1358 4761 ΒΤ
1403 4719 1854 4765 VINCOMALONE
1902 4722 2316 4777 CONSULIBUS,
2369 4723 2483 4765 VIII
2528 4725 2674 4768 IDUS
2719 4726 2970 4771 JULIAS.

523 4851 875 4927 203-204
914 4850 1045 4905 Cum
1090 4850 1141 4903 in
1184 4850 1456 4903 voluntate
1498 4849 1593 4903 Dei
1640 4848 1705 4901 ad
1747 4848 2037 4903 dedicatio.
2068 4854 2339 4913 Dstatuta
2386 4866 2489 4905 non
2530 4851 2595 4905 ad
2647 4853 2949 4922 integrum,
2990 4852 3129 4907 sicut
3175 4855 3423 4923 expedit,
3459 4859 3778 4922 observata

450 4966 574 5007 nem
630 4950 859 5004 basilicae
910 4956 1109 5001 sanctae
1159 4944 1336 4999 Marize
1384 4943 1436 4999 in
1480 4944 1778 5000 Arelatensi
1825 4945 2039 4998 civitate

451 5045 764 5099 sacerdotes
805 5039 1011 5093 Domini
1063 5038 1468 5101 convenissent,
1512 5051 1806 5105 congruum
1854 5036 1932 5091 eis
1984 5044 2039 5089 et

454 5132 773 5189 rationabile
832 5131 1002 5182 visunt
1045 5136 1127 5182 est
1188 5136 1245 5179 ut
1297 5128 1523 5194 primum
1572 5127 1639 5181 de
1686 5124 2036 5181 observandis

455 5223 749 5278 canonibus
798 5218 1153 5275 attentissima
1205 5215 1565 5271 sollicitudine
1623 5225 2033 5283 pertractantes,

453 5318 681 5388 qualiter
718 5313 785 5367 ab
834 5312 961 5379 ipsis
1003 5309 1381 5365 ecclesiastica:
1427 5308 1626 5379 regulae
1676 5319 2034 5375 servarentur,

451 5407 650 5461 salubri
684 5404 907 5459 consilio
938 5402 1239 5457 delinirent.

522 5499 561 5553 I.
610 5496 676 5551 Ut
703 5496 949 5549 diaconus
986 5507 1103 5547 ante
1131 5495 1307 5564 viginti
1336 5494 1554 5563 quinque
1578 5508 1762 5558 annos,
1792 5502 1839 5545 et
1868 5508 2033 5547 sacer-

691 5568 781 5619 dos
804 5578 919 5620 ante
950 5566 1161 5637 triginta
1189 5582 1347 5618 annos
1379 5581 1479 5618 non
1512 5566 1793 5617 ordinetur.

530 5659 597 5713 Et
632 5660 754 5726 quia
791 5659 841 5711 in
870 5658 1178 5712 ordinandis
1206 5657 1414 5711 clericis
1446 5658 1785 5727 antiquorum
1816 5656 2032 5712 Patrum

526 5802 551 5829 ⁸
592 5794 646 5850 In
674 5793 893 5863 reliquis
924 5806 1113 5864 pra-tor
1145 5796 1205 5848 Α.
1239 5793 1636 5861 quatuortlecim.

2146 4956 2267 4996 esse
2295 4944 2655 5012 cognoscitur,
2698 4959 2764 4997 ne
2804 4943 2944 4997 forte
2989 4958 3433 5015 quorutncunqne
3483 4951 3776 5021 Itltponn-

2146 5029 2230 5084 nis
2273 5041 2327 5086 et
2365 5033 2682 5087 inordinatis
2719 5033 2970 5103 precibus
3012 5037 3323 5092 sacerdotes
3373 5038 3592 5097 Domini
3647 5047 3777 5103 fati.

2141 5143 2353 5200 gentur,
2384 5144 2439 5189 et
2482 5151 2541 5189 ea
2581 5151 2700 5205 quae
2745 5134 2863 5209 [U.,
2908 5151 3027 5203 qure
3073 5136 3365 5193 constituta
3406 5139 3559 5213 sunt]
3597 5149 3777 5204 toties

2142 5244 2266 5289 sunt
2309 5249 2573 5308 prmcepta
2607 5238 2904 5307 transgredi
2936 5239 3351 5307 compellantur,
3384 5240 3488 5297 huc
3522 5244 3690 5306 inter
3718 5267 3778 5308 se

2144 5346 2533 5401 observandum
2569 5362 2689 5402 esse
2730 5345 2991 5401 definiunt
3019 5362 3034 5400 :
3068 5357 3125 5401 ut
3153 5348 3331 5402 nullus
3359 5349 3776 5421 episcoporum

2144 5448 2447 5515 diaconem,
2490 5462 2777 5520 antequam
2818 5451 3004 5519 viginti
3046 5461 3103 5506 et
3141 5455 3380 5521 quinque
3423 5467 3609 5512 annos
3668 5462 3773 5516 im-

2143 5553 2307 5621 pleat,
2337 5552 2587 5608 ordinare
2617 5563 2906 5623 praesumat
2932 5571 2945 5607 :
2975 5556 3319 5623 episcopatus
3346 5568 3478 5609 vero
3511 5560 3608 5615 vel
3647 5578 3771 5630 pre-

2143 5659 2448 5731 sbyteratus
2494 5663 2756 5718 honorent
2802 5662 2980 5718 nullus
3021 5662 3192 5719 laicus
3235 5674 3363 5719 ante
3405 5668 3772 5731 praemissam
