3870 6334
136 311 221 371 ἳιὸ
1114 304 1397 365 ΕΔΜ,ιῶ
1440 303 1782 362 οοιηωιιιΑ.
1823 332 1897 346 -
1936 300 2421 360 γΑιΕΝτιΝωί.
3333 301 3447 360 246

137 426 527 484 conversionem
568 425 719 500 [ιη
761 423 906 491 BIL,
951 422 1045 491 U.,
1079 418 1581 493 conversationem]
1632 419 1721 477 vel
1751 427 1806 486 Α
1909 419 1996 475 ιν.
2042 420 2119 475 De
2155 420 2354 474 clericis
2381 417 2569 475 otiaris
2604 418 2696 489 qui
2730 426 2853 473 sunt
2888 417 2953 472 ob
2994 415 3116 472 aliis
3146 416 3373 489 defensi.

138 528 238 575 ante
265 518 487 589 triginta
518 516 692 571 atatis
721 531 897 573 annos
933 516 1182 584 accipiat.
1906 514 2043 569 Etsi
2075 514 2213 569 forte
2250 514 2445 584 aliquis
2489 512 2817 569 clericorum
2862 511 3107 582 regulam
3143 512 3449 585 disciplinae

138 608 189 669 ll.
226 608 290 666 Ut
320 610 487 663 laicus
517 620 637 663 ante
676 625 872 662 muns
909 608 1255 663 conversionis
1293 624 1400 662 non
1427 609 1718 662 ordinetur.
1828 607 1992 680 205
2007 606 2391 663 ecclesiasticae
2412 604 2817 678 subterfugiens
2839 605 2999 661 fuerit
3022 616 3302 678 evagatus,
3328 611 3452 679 qni-

194 702 255 757 Et
278 702 411 756 licet
436 700 506 756 de
529 700 679 757 laicis
708 700 1005 771 prolixiora
1040 710 1283 771 tempora
1314 700 1522 772 antiqui
1545 709 1725 767 patres
1829 714 2042 768 cunque
2085 714 2208 754 eum
2249 699 2583 769 susceperit,
2616 706 2672 754 et
2701 714 2808 753 non
2847 698 3025 753 solum
3074 699 3319 767 pontiﬁci
3352 714 3452 755 suo

136 792 492 849 ordinaverint
544 792 919 859 observanda,
978 803 1158 849 tamen
1205 794 1329 864 quia
1383 802 1727 849 accrescente
1830 806 1937 845 non
1956 791 2407 858 reconciliaverit,
2434 792 2529 847 sed
2573 790 2746 862 tussis
2768 790 3056 848 defensare
3087 804 3457 862 pmsumpse—

134 886 468 942 ecclesiarum
486 899 718 942 numero
742 900 967 942 necesse
992 896 1078 942 est
1104 886 1261 941 nobis
1290 887 1471 954 plures
1496 887 1727 943 clericos
1828 886 1920 952 rit,
1952 887 2018 940 ab
2047 885 2301 941 Ecclesiae
2328 886 2712 942 communione
2745 888 3008 955 privetur.

135 978 400 1044 ordinare.
443 979 547 1034 hoc
598 977 741 1035 inter
784 994 886 1035 nos
932 980 1050 1035 sine
1093 977 1413 1050 pmjudicio
1465 980 1727 1035 duntaxat
1900 978 2169 1035 Caesarius
2213 982 2264 1035 in
2295 981 2497 1036 Christi
2522 981 2738 1037 nomine
2759 982 3049 1051 episcopus
3074 979 3450 1037 definitionem

134 1084 384 1127 mnuum
414 1070 661 1126 constitit
694 1072 1071 1141 antiquorum,
1100 1080 1159 1125 ut
1197 1073 1376 1126 nullus
1405 1072 1726 1141 metmpuli-
1830 1071 1970 1129 hanc
1992 1086 2300 1131 sanctorum
2332 1075 2559 1133 fratrum
2592 1090 2839 1134 meorum
2871 1076 2957 1134 vel
3001 1091 3178 1133 meam
3208 1078 3375 1150 relegi
3398 1086 3453 1134 et

137 1170 365 1218 tsnorum
396 1162 703 1233 cuicunque
733 1162 875 1218 laico
898 1163 1216 1233 dignitatem
1246 1164 1592 1233 episcopatus
1626 1164 1725 1219 tri-
1828 1169 2148 1240 subscripsi.

132 1254 276 1321 bunt,
305 1255 405 1312 sed
439 1269 543 1312 nec
569 1256 764 1327 reliqui
812 1256 1099 1327 pontifices
1135 1256 1457 1328 presbyterii
1491 1259 1576 1315 vel
1604 1257 1726 1313 dia-

130 1355 338 1401 conatus
370 1347 638 1404 honorem
661 1348 918 1406 conferre
948 1360 1303 1419 praesumant,
1334 1349 1441 1407 nisi
1470 1365 1616 1405 anno
1647 1352 1729 1407 in-

129 1447 263 1507 tegro
290 1437 462 1495 fuerit
493 1442 773 1508 premis“
804 1445 1107 1497 convenio.

127 1528 196 1587 Ill.
237 1528 307 1587 Ut
333 1532 539 1605 digituli
566 1535 646 1589 vel
683 1536 978 1605 penitentes
1016 1534 1097 1590 vel
1132 1535 1526 1603 repudiaturum
1554 1536 1731 1590 mariti

415 1606 488 1659 ad
517 1606 869 1661 sacerdotium
894 1623 999 1660 non
1026 1618 1442 1677 promoveantur.

189 1693 378 1750 Nilus
430 1697 819 1765 paenitentem,
876 1699 1059 1773 nullus
1105 1699 1381 1770 digamum
1426 1700 1511 1756 vel
1565 1699 1732 1755 inter-

1901 1263 2337 1318 Contumeliosus
2389 1264 2677 1336 episcopus
2721 1264 2979 1321 consensi
3019 1273 3076 1321 et
3134 1262 3453 1335 subscripsi.

1903 1356 2203 1414 Philacrius
2232 1367 2260 1397 ι
2282 1358 2569 1430 episcopus
2586 1360 2905 1432 subscripsi.

1904 1452 2257 1509 Praetextatus
2282 1456 2571 1525 episcopus
2615 1457 2911 1527 subscripsi

1904 1537 2173 1593 Maximus
2200 1540 2491 1610 episcopus
2521 1540 2843 1611 subscripsi.

1904 1630 2147 1686 Julianus
2176 1634 2465 1704 episc0pus
2494 1634 2813 1705 subscripsi.

1909 1721 2213 1779 Florentius
2270 1723 2362 1799 [E.
2418 1725 2492 1796 5,
2562 1725 2933 1800 Florentinus]
2987 1729 3279 1800 episcopus
3329 1731 3458 1787 sub-

128 1796 404 1857 nuptarum
436 1791 662 1845 maritos
689 1790 743 1846 in
787 1793 1059 1862 praedictis
1091 1794 1393 1849 honoribus
1422 1794 1618 1850 audeat
1647 1809 1737 1848 or-
1764 1806 1817 1866 Β
1840 1814 2057 1883 scrip“,

128 1875 321 1934 dinare.
348 1879 419 1935 Et
449 1880 579 1937 licet
603 1882 718 1938 haec
735 1882 847 1953 jam
877 1900 1049 1955 prope
1069 1888 1310 1942 omnium
1341 1886 1427 1959 [Τ.
1454 1888 1505 1952 l,
1527 1886 1729 1959 omnia]

126 1982 378 2026 canonum
421 1971 670 2029 instituta
716 1976 1049 2038 contineant.
1081 1988 1261 2033 tamen
1319 1994 1385 2034 ne
1428 1977 1730 2051 cuicunque

127 2064 459 2121 sacerdotum
486 2067 911 2139 supplicantum,
936 2071 1075 2127 sicut
1096 2073 1206 2141 iam
1236 2074 1492 2142 diximus,
1522 2075 1728 2144 impor-

128 2157 312 2210 tnitas
333 2157 422 2212 vel
443 2162 723 2229 suggestio
745 2162 925 2232 iniqua
948 2162 1069 2236 (0.,
1094 2164 1186 2231 6.,
1210 2166 1413 2239 aliqua]
1442 2169 1726 2236 snbripiat,

128 2259 338 2304 necesse
385 2248 489 2304 fuit
529 2259 585 2305 ut
617 2268 760 2308 nunc
794 2254 1124 2311 severiorem
1155 2258 1402 2327 regulam
1431 2260 1532 2313 sibi
1564 2262 1731 2315 velint

130 2337 325 2396 Domini
372 2345 691 2401 sacerdotes
721 2347 1006 2417 imponere
1037 2368 1052 2402 :
1086 2360 1141 2406 et
1171 2350 1295 2406 ideo
1320 2352 1631 2423 quicunque
1662 2354 1729 2410 ab

130 2431 220 2487 hsc
244 2433 333 2490 die
377 2446 571 2491 contra
619 2453 681 2495 ea
720 2455 844 2511 quae
872 2443 1121 2511 superius
1168 2456 1293 2499 sunt
1333 2447 1730 2515 comprehensa

128 2524 369 2579 clericum
401 2526 657 2584 ordinare
686 2534 1114 2601 praesumpserit,
1146 2534 1217 2589 ab
1244 2550 1307 2592 ea
1348 2535 1438 2591 die
1481 2553 1583 2607 qua
1628 2538 1729 2594 hoc

128 2616 171 2669 ei
225 2618 466 2685 potuerit
516 2621 807 2689 approbari
853 2639 998 2679 anno
1043 2627 1256 2697 integro
1307 2629 1503 2684 missas
1549 2630 1730 2687 facere

129 2703 202 2775 [τ.
232 2706 288 2773 2,
320 2708 507 2782 agere]
555 2727 662 2767 non
704 2725 995 2783 prtcsumat
1026 2734 1042 2774 :
1070 2734 1232 2789 quam
1262 2736 1377 2774 rem
1410 2722 1453 2776 si
1484 2724 1604 2791 quis
1633 2724 1728 2779 ob-

126 2810 330 2856 servare
362 2804 634 2870 noluerit,
664 2816 721 2860 et
758 2817 946 2863 contra
996 2826 1324 2867 consensum
1374 2801 1597 2869 fiatrum
1645 2816 1725 2869 fa-

1905 1908 2211 1979 Cyprianus
2241 1910 2530 1982 episcopus
2552 1910 2874 1983 subscripsi.

1905 2002 2069 2073 306
2109 2002 2390 2057 Montanus
2443 2004 2733 2075 episcopus
2808 2001 3129 2076 subscripsi.

1906 2092 2264 2160 Florentius",
2293 2096 2580 2166 episcopus
2608 2097 2930 2167 subscripsi.

1904 2186 2205 2257 Cyprianus
2232 2191 2522 2259 episcOpus
2546 2189 2869 2259 subscripsi.

1902 2278 2231 2335 leestinus
2270 2279 2393 2355 [Δί.
2438 2279 2578 2347 BR.,
2633 2280 2942 2356 leestius]
2986 2283 3278 2357 episcOpus
3329 2284 3459 2343 sub—

1832 2369 2049 2440 scripsi.

1903 2460 2199 2519 Porcianus
2229 2462 2518 2536 episcopus
2546 2464 2865 2538 subscripsi.

1905 2551 2207 2609 Eucherius
2235 2554 2529 2626 episcopus
2567 2557 2894 2629 subscripsi.

1904 2644 2300 2717 Cataphronius
2359 2648 2641 2720 presbyter
2698 2650 2938 2707 directus
2969 2666 2999 2706 a
3029 2651 3266 2709 dominis
3315 2657 3453 2713 meis

1829 2735 2047 2806 Agricio
2067 2750 2123 2793 et
2152 2739 2357 2796 Severo
2388 2743 2661 2813 episcopis
2708 2745 2962 2800 consensi
3020 2754 3076 2801 et
3138 2747 3459 2821 subscripsi-

1902 2828 2017 2899 Ego
2044 2828 2356 2886 Desiderius
2386 2834 2674 2905 presbyter
2711 2835 2952 2891 directus
2979 2851 3011 2891 a
3062 2837 3286 2894 domino
3336 2855 3461 2897 meo

128 2892 293 2961 ciens,
326 2894 524 2951 missas
577 2898 858 2955 celebrare
902 2906 1335 2971 praesumpserit,
1368 2906 1437 2960 ab
1484 2908 1725 2963 omnium

1905 2934 2041 2976 anne
2070 2922 2327 2993 episcopo
2354 2927 2605 2981 consensi
2635 2934 2691 2982 et
2721 2928 3037 2999 subscripsi.

125 2978 337 3040 fratrum
364 2987 636 3045 charitate
682 2992 900 3047 noverit
937 3008 1001 3049 se
1038 2996 1305 3064 alienum;
1339 2998 1462 3066 quia
1506 2999 1727 3070 dignum

1903 3013 2162 3069 Leontius
2206 3017 2491 3088 presbyter
2520 3017 2760 3075 directus
2798 3036 2827 3075 a
2862 3021 3087 3076 domino
3138 3039 3263 3079 meo
3313 3022 3458 3080 Con-

126 3085 202 3178 est
240 3088 297 3134 ut
341 3084 698 3139 severitatem
750 3086 1138 3144 ecclesiastica:
1181 3089 1483 3158 disciplina:
1533 3095 1731 3151 sentiat
1764 3168 1805 3185 Α
1833 3104 2069 3159 stantino
2100 3084 2221 3178 ME.
2258 3108 2317 3164 Τ.
2350 3084 2400 3173 ί,
2426 3108 2769 3183 Constantio]
2796 3113 3049 3184 episcopo
3069 3115 3384 3185 subscripsi.

126 3166 202 3235 qi
238 3172 531 3230 salubriter
561 3191 592 3229 a
623 3177 828 3233 sanctis
881 3180 1123 3249 patribus
1161 3182 1410 3238 instituta
1440 3185 1732 3242 observare
1758 3168 1807 3233 ο
1911 3194 2025 3263 Ego
2054 3166 2657 3256 Henieterius'directus
2700 3166 3131 3262 a.Jdomitiurmeo
3161 3166 3463 3266 Galliciano

128 3268 433 3321 contemnit.

367 3384 603 3465 Filarius
632 3387 697 3444 Β.
728 3387 796 3445 R.
827 3388 987 3465 3.,3.
1003 3390 1081 3465 1]ὲ
1095 3390 1389 3465 Filagrius.

187 3448 216 3548 ξ
245 3452 434 3548 Repeti
462 3458 723 3548 videmur
777 3448 998 3544 nomina
1043 3448 1388 3548 Flpretitti-i‘et
1407 3464 1672 3548 pypriani
1704 3484 1717 3522 :

126 3528 463 3592 quambbrem
491 3528 782 3585 duodecim
802 3532 1090 3604 episcopos
1113 3533 1239 3590 huic
1259 3528 1569 3593 interfuisse
1589 3554 1721 3595 con-

1838 3284 2099 3358 episcOpo
2127 3290 2382 3345 consensi
2413 3301 2466 3345 et
2496 3291 2817 3365 subscripsi.

1832 3402 1956 3485 cilio
1986 3420 2051 3459 ex
2088 3405 2565 3485 _Codice_recte
2603 3407 2857 3485 diximus,
2888 3416 3152 3485 quamvis
3201 3423 3458 3485 quatuor-

1834 3475 2010 3530 decim
2042 3475 2279 3533 adfuisse
2305 3480 2625 3549 scripserint
2651 3482 2849 3553 reliqui
2878 3475 3131 3540 codices.

142 3659 3439 3725 ἥ

1633 3787 1934 3862 XXIV

984 3947 1663 4041 CONCILIUM
1740 3958 2545 4049 VALENTINUM

127 4127 365 4173 YIGINTI
412 4126 865 4173 Βριεοοροιωί
893 4155 912 4187 ,
958 4128 1256 4173 HABITUM
1302 4131 1445 4174 EBA
1492 4134 1800 4199 CCCCXUI,
1849 4136 2178 4182 GRATIANO
2221 4141 2854 4213 E'!‘_VAI.ENTINIANO
2911 4149 3460 4213 ιΜΡειιΑτοιιιΒυε,

270 4207 393 4250 SUB
434 4207 541 4251 DIE
588 4207 655 4250 ιν
700 4205 845 4252 IDUS
892 4208 1133 4266 JULIAS,
1179 4210 1504 4255 GRATIANO
1546 4215 1758 4257 TEﬂTlt

1905 4219 1916 4259 τ
1963 4219 2229 4272 ερυιτιο
2274 4204 2415 4280 [Ε.,
2449 4206 2515 4279 3,
2546 4213 2839 4289 onmno]
2883 4228 3296 4278 consumens.

184 4307 561 4367 Dilectissimis
592 4310 852 4368 fratribus
886 4328 983 4384 per
1015 4312 1217 4372 Gallias
1238 4325 1296 4372 et
1323 4318 1562 4387 quinque
1596 4336 1719 4389 pro-
1747 4328 1805 4388 1)
1827 4335 1976 4379 certe
2002 4341 2108 4381 non
2130 4328 2252 4383 sine
2280 4330 2601 4386 verecundia
2653 4347 2841 4390 eorum
2903 4353 3041 4407 quos
3066 4355 3228 4396 causa
3280 4348 3461 4400 conti—

124 4402 312 4457 vincias
339 4403 656 4459 constitutis
708 4404 978 4476 episcopis
1024 4406 1308 4480 Fmgadius
1338 4418 1362 4444 ⁸
1422 4411 1729 4479 Eumerius,

125 4489 443 4561 Florentius,
492 4498 791 4566 Artemius,
822 4496 972 4570 [/E.,
1008 4500 1351 4574 Anthemius]
1382 4502 1729 4574 Emilianus,

126 4586 304 4655 Britto,
331 4588 545 4657 Justus,
582 4589 899 4661 Euphodius
930 4590 1077 4663 [/E.,
1112 4585 1477 4664 Eupltrodius.
1528 4596 1596 4663 υ,
1626 4597 1735 4652 Eu-

126 4677 330 4753 lominsj
365 4681 735 4752 Rhodamius,
787 4684 1041 4751 Eortius,
1101 4684 1317 4754 Cretas,
1370 4688 1731 4759 Concordius,

127 4771 487 4842 Constantius,
548 4776 763 4843 Paulus,
812 4778 1141 4846 Antherius,
1196 4781 1377 4847 Felix,
1423 4784 1730 4854 Neoterius,

132 4865 386 4936 Urbanus,
413 4869 723 4939 Simplicius
751 4882 806 4927 et
831 4872 1145 4929 Vincentius
1174 4876 1418 4947 episcopi
1445 4877 1498 4931 in
1552 4878 1734 4934 Domi-

128 4977 190 5016 no
214 4962 476 5019 salutem.
511 4964 823 5021 Transactis
852 4966 1154 5023 Valentinus
1176 4972 1430 5026 omnibus
1461 4982 1517 5027 et
1557 4974 1610 5028 in
1637 4974 1732 5030 Dei

131 5052 334 5106 nomine
402 5052 457 5106 in
508 5058 653 5107 Statu
705 5053 915 5109 meliori
971 5057 1289 5127 compositis
1346 5075 1467 5128 quae
1524 5060 1737 5117 fuerant

129 5156 481 5211 captacausa
528 5145 1149 5217 discidii,quorumdam
1191 5151 1293 5206 fuit
1320 5164 1531 5224 patrum
1587 5155 1737 5210 utilis

130 5246 177 5290 et
194 5239 447 5310 religiosa
467 5241 762 5311 suggestio,
789 5245 1190 5302 retractandum
1218 5250 1383 5304 etiam
1412 5252 1480 5305 de
1510 5250 1594 5305 his
1616 5267 1736 5323 quae

132 5343 223 5384 nec
249 5332 498 5400 recipere
528 5348 817 5403 possumus
846 5336 915 5391 ob
946 5336 1200 5394 Ecclesia:
1243 5342 1604 5409 sanctitatem,
1638 5359 1738 5401 nec

138 5426 295 5475 tamen
357 5432 631 5494 usurpata;
691 5428 1099 5484 consuetudinis
1141 5446 1299 5486 causa
1328 5431 1605 5490 damnare.
1662 5434 1737 5490 ita

135 5511 265 5569 enim
292 5530 391 5583 per
417 5529 608 5572 omnes
640 5518 909 5574 Ecclesiae
940 5521 1206 5589 ejusmodi
1230 5525 1484 5581 vitiorum
1514 5542 1737 5597 germen

138 5602 365 5675 inolevit,
394 5609 537 5665 utad
585 5612 740 5680 plena
768 5613 1008 5669 remedia
1033 5631 1143 5671 non
1164 5618 1338 5675 facilis
1362 5620 1433 5675 sit
1460 5637 1734 5691 recursus,

1834 4418 1912 4485 git
1944 4421 2239 4487 :quocirca
2270 4421 2466 4476 fratres
2493 4423 2689 4479 librato
2714 4427 2808 4481 diu
2845 4429 3232 4503 moderatoque
3276 4440 3462 4493 consi-

1836 4508 1908 4564 lio
1950 4526 2013 4565 ea
2064 4514 2287 4568 cautela:
2321 4514 2462 4569 ratio
2508 4529 2721 4574 servata
2772 4530 2879 4587 est,
2933 4540 3056 4595 quae
3102 4539 3156 4582 et
3210 4533 3464 4587 scandala

1836 4603 2182 4661 submoveret
2209 4614 2266 4662 et
2290 4612 2635 4668 sanctitatem
2668 4613 2929 4673 Ecclesia:
2959 4622 3278 4681 custodiret.

2086 4724 2249 4793 207
2283 4722 2324 4780 ι.
2346 4723 2431 4791 De
2460 4728 2679 4797 digamis
2706 4747 2773 4785 ne
2804 4747 3185 4791 consecuntur.

1909 4812 2065 4868 Sedit
2094 4814 2277 4883 igitur,
2330 4819 2599 4875 neminem
2633 4834 2760 4891 post
2806 4826 2943 4881 hanc
3000 4828 3288 4899 synodum,
3350 4848 3459 4903 qua

1838 4902 2102 4970 ejusmodi
2156 4905 2362 4962 illicitis
2402 4910 2487 4964 vel
2517 4924 2643 4966 sero
2693 4916 3049 4981 succurritur,
3098 4918 3345 4989 dignmos
3372 4902 3466 4979 aut

1838 4995 2268 5065 internuptarum
2313 5000 2538 5056 maritos
2579 5004 2824 5060 ordinari
2868 5008 3095 5065 clericos
3141 5026 3331 5080 posse;
3363 5030 3463 5070 nec

1837 5089 2223 5157 requirendum
2269 5104 2524 5151 utrumne
2585 5096 2785 5153 initiati
2827 5104 3181 5158 sacramentis
3232 5106 3462 5174 divinis,

1836 5196 1977 5235 anne
2000 5181 2247 5239 Gentiles
2275 5184 2377 5242 hac
2402 5201 2462 5243 se
2491 5188 2693 5245 infelici
2735 5203 2883 5248 sorte
2926 5196 3251 5251 necessitate
3276 5212 3463 5253 macu-

1838 5271 2022 5331 larint.

1839 5364 1901 5419 ll.
1940 5365 2007 5421 Ut
2035 5367 2146 5424 Deo
2163 5379 2281 5425 vota
2309 5371 2451 5449 [£.,
2478 5376 2684 5449 devota]
2708 5380 2753 5433 si
2781 5379 3097 5436 maritaeerit
3122 5385 3200 5437 vel
3237 5386 3465 5439 macha-

2227 5448 2376 5514 eers't,
2399 5448 2709 5515 panitentiia
2737 5452 3026 5521 deputetur.

1915 5530 1991 5587 De
2024 5534 2216 5603 puellis
2245 5551 2375 5593 vero
2421 5556 2541 5610 quae
2581 5556 2641 5597 se
2683 5546 2959 5612 voverint,
3017 5548 3065 5602 si
3093 5548 3159 5603 ad
3220 5560 3465 5606 terrenas

1840 5626 2055 5697 nuptias
2083 5640 2277 5699 sponte
2306 5632 2643 5702 transierint,
2676 5637 2730 5693 id
2758 5640 3169 5699 custodiendum
3217 5660 3342 5703 esse
3372 5646 3468 5702 de‘

200 5794 227 5826 ι
254 5786 331 5841 Es
361 5785 486 5854 5.,
510 5789 567 5845 Β.
593 5791 684 5861 Β..
712 5795 775 5851 E.
806 5793 886 5863 3.,
918 5795 985 5853 Τ.
1008 5799 1065 5865 1,
1095 5796 1162 5855 U.
1211 5799 1269 5855 In
1290 5798 1357 5856 Δ.
1385 5810 1442 5858 et
1467 5802 1733 5877 reliquis:

1905 5807 2021 5863 lius.
2047 5809 2103 5866 In
2137 5811 2199 5871 τ.
2229 5813 2286 5880 ‘2,
2320 5814 2584 5889 Fegatius.
