3870 6360
378 411 483 470 N7
1079 388 1457 452 COLLECTIO
1498 380 1831 446 CANONUM
1871 381 1931 438 S.
1973 374 2253 437 lSlDORO
2290 373 2558 435 HISPAL.
2601 368 2964 432 ASCRIPTA.
3576 358 3691 421 με

379 528 668 593 crevimus,
692 528 749 577 ut
770 512 1081 589 paenitentia
1108 511 1192 569 his
1222 524 1323 566 nec
1360 508 1540 564 statim
1567 505 1739 567 detur,
1772 509 1828 558 et
1855 514 1977 557 cum
2008 502 2059 565 Α
2084 497 2186 555 sibi
2216 495 2375 552 fuerit
2410 492 2781 551 mortis-mansa
2831 487 3003 561 major
3045 482 3312 543 homicida
3353 481 3443 539 sit.
3493 480 3689 537 Divina

380 623 504 677 data
546 573 722 683 fuerit,
757 615 857 668 nisi
888 612 1043 682 plene
1088 604 1448 663 satisfecerint
1477 603 1607 669 Deo,
1630 602 1682 655 in
1716 604 1973 665 quantum
2078 593 2248 663 pietas
2277 603 2372 645 vos
2419 589 2472 643 in
2498 595 2757 644 aeternum
2788 581 3075 647 custodiat,
3106 573 3442 634 dilectissimi
3470 576 3691 629 fratres.

379 713 516 768 ratio
538 679 840 779 paposcerit
876 679 1060 757 earum
1116 696 1262 771 [/E.,
1296 695 1434 762 BIL,
1465 692 1535 750 E.
1557 693 1612 759 5,
1635 682 1972 756 earumdem]
2313 707 2315 709 ί
2358 680 2493 735 Item
2513 681 2618 734 alia
2644 679 2941 733 earumdem
2962 690 3180 745 quorum
3206 685 3394 739 supra.

379 801 685 860 communio
708 797 1005 853 differatur.

380 898 466 953 lll.
500 895 566 952 Ut
588 894 673 964 qui
692 890 931 961 baptismi
949 886 1091 943 idola
1114 886 1289 969 colunt
1311 882 1387 969 uel
1409 883 1599 937 incesto
1626 875 1814 948 polluti
1830 883 1974 943 sunt,

900 970 1053 1030 agant
1098 965 1458 1027 paenitentiam.

451 1060 606 1115 Circa
644 1072 829 1114 eorum
859 1069 988 1109 vero
1032 1063 1307 1120 personas,
1337 1046 1425 1115 qui
1456 1059 1515 1099 se
1567 1049 1686 1112 post
1730 1054 1893 1094 unum
1923 1042 1979 1093 et

380 1163 623 1210 sanctum
652 1152 916 1205 lavacrum
949 1144 1035 1199 vel
1067 1140 1301 1213 profanis
1345 1134 1623 1193 sacriﬁciis
1670 1132 1977 1188 daemonum

382 1249 464 1302 vel
493 1246 689 1299 incesta
738 1240 1003 1295 lavatione
1029 1232 1334 1303 pollueriut.
1412 1244 1531 1286 eam
1587 1239 1832 1281 censura:
1863 1222 1980 1277 ior-

382 1353 524 1393 mam
552 1335 802 1389 duximus
826 1340 947 1385 esse
976 1326 1317 1391 servandam,
1350 1331 1406 1378 ut
1430 1323 1511 1376 his
1536 1320 1688 1390 juxta
1715 1316 1981 1389 synodum

380 1431 650 1489 Nicenam
702 1423 1082 1482 satisfactionis
1137 1420 1349 1492 quidem
1378 1415 1553 1471 aditus
1583 1428 1689 1467 non
1734 1418 1979 1481 negetur,

381 1538 481 1579 nec
512 1521 812 1575 infelicibus
838 1516 1087 1585 lacrymis
1115 1511 1199 1566 vel
1226 1509 1401 1565 solatii
1442 1507 1607 1577 janua
1651 1500 1983 1573 desperatio-

382 1630 452 1671 ne
506 1611 825 1676 claudatur,
875 1607 1047 1661 acturi
1093 1600 1464 1674 penitentiam
1517 1610 1688 1666 usque
1741 1593 1795 1647 in
1841 1591 1983 1645 diem

2146 775 2519 833 Dilectissimis
2550 774 2801 828 fratribus
2850 771 2997 825 clero
3026 774 3082 823 et
3130 765 3270 835 plebi
3298 761 3548 818 ecclesia:
3578 758 3693 813 Fo-

2079 868 2383 941 rojuliensis
2431 864 2734 936 Fagadius,
2790 860 3092 923 Eumerius,
3143 854 3473 919 Florentius,
3531 850 3695 905 Arte-

2079 965 2241 1030 mius,
2272 960 2617 1025 Emilianus,
2647 956 2837 1023 Britto,
2870 953 3078 1018 Justus,
3102 947 3438 1019 Euphodius,
3464 942 3702 1005 Rhoda;

2079 1055 2242 1123 mius,
2276 1053 2514 1119 Eortius,
2552 1050 2917 1111 Constantius,
2950 1043 3164 1107 Paulus,
3193 1038 3416 1101 Cretes,
3450 1035 3700 1090 Concor-

2078 1151 2222 1217 dius,
2252 1148 2560 1211 Antherius,
2585 1145 2885 1208 Neoterius,
2911 1140 3167 1203 Nicetius,
3211 1136 3479 1200 Urbanus,
3516 1128 3698 1195 Felix,

2082 1243 2390 1315 Simplicius
2417 1250 2474 1297 et
2504 1239 2812 1296 Vincentius
2835 1234 3074 1306 episcopi
3106 1233 3159 1287 in
3190 1230 3418 1285 Domino
3439 1224 3700 1282 salutem.

2153 1355 2410 1423 Quamvis
2432 1368 2497 1409 ea
2519 1351 2837 1407 Benedictus
2859 1348 3023 1403 frater
3044 1346 3112 1401 de
3125 1340 3451 1400 sanctissimi
3470 1334 3706 1404 Accepti

2085 1462 2313 1520 persona
2343 1444 2667 1517 suggesserit
2692 1456 2813 1514 quas
2842 1438 3089 1511 prudenti
3140 1444 3195 1492 et
3236 1434 3547 1491 Christiano
3576 1430 3697 1484 viro

2086 1544 2244 1614 digna
2275 1541 2407 1608 sint,
2436 1554 2665 1609 cumque
2710 1551 2816 1606 quo
2866 1533 3046 1589 studio
3084 1531 3324 1587 omnium
3362 1535 3601 1583 vestrum
3630 1520 3702 1578 ad

383 1706 592 1771 mortis,
620 1720 722 1757 non
747 1702 864 1756 sine
891 1714 985 1767 spe
1028 1708 1203 1752 tamen
1236 1691 1585 1753 remissionis,
1614 1700 1773 1757 quam
1827 1684 1893 1736 ab
1920 1696 1987 1737 eo

2090 1636 2352 1691 honorem
2378 1632 2665 1689 sacerdotii
2699 1637 2951 1699 poscatur
2986 1624 3218 1681 edixerit
3244 1639 3258 1687 ;
3289 1629 3465 1675 tamen
3489 1618 3618 1688 quia
3645 1616 3703 1671 in

2088 1727 2296 1800 synodo
2333 1726 2442 1796 jam
2476 1723 2692 1779 sederat
2720 1719 3085 1775 ordinationes
3129 1712 3435 1783 huiusmodi
3483 1710 3715 1765 submo-

2091 1818 2293 1875 vendas
2320 1831 2439 1887 quae
2468 1815 2585 1870 sine
2616 1812 2869 1869 seandalo
2920 1825 3041 1866 esse
3072 1823 3177 1864 non
3206 1807 3436 1877 possint,
3468 1817 3575 1858 non
3607 1817 3711 1871 po-

384 1902 440 1947 et
470 1900 573 1943 tam
622 1887 775 1941 dives
826 1880 1232 1978 misericordia.
1261 1888 1344 1934 ea
1389 1886 1446 1978 Ψ
1478 1888 1659 1978 Ῥέωίῖ
1707 1872 1987 1978 δεδι)ξῖᾳῖ
2021 1894 2070 1954 Β
2101 1872 2298 1966 tuimus
2327 1872 2699 1978 praestare.uni
2732 1903 2873 1974 quod
2914 1904 3127 1958 caeteris
3157 1872 3483 1968 negabatur.
3547 1895 3617 1950 Et
3648 1892 3714 1950 li-

386 1981 527 2036 Deus
551 1979 692 2033 enim
734 1984 959 2030 mortem
1008 1987 1112 2026 non
1136 1970 1259 2024 fecit
1284 1967 1617 2022 neclaetatur
1645 1963 1698 2018 in
1730 1960 1989 2031 perditio-

386 2087 454 2126 ne
483 2070 748 2124 vivorum.

389 2162 476 2217 IV.
510 2161 576 2216 Ut
598 2158 939 2215 sacerdos-vel
968 2156 1135 2219 levita,
1157 2154 1286 2209 side
1310 2168 1364 2206 se
1393 2151 1583 2204 crimen
1626 2147 1835 2219 aliquod
1863 2160 1988 2198 con-

940 2228 1131 2295 ﬁtetur,
1163 2225 1470 2290 deponatur.

457 2324 564 2379 Nec
610 2322 761 2386 illud,
809 2318 1021 2381 fratres,
1070 2315 1309 2371 scribere
1358 2313 1592 2365 alienum
1623 2308 1690 2361 ab
1723 2306 1980 2362 Ecclesia:

387 2414 614 2470 utilitate
642 2413 968 2474 censuimus,
1002 2416 1061 2460 ut
1082 2405 1311 2469 sciretis,
1362 2402 1664 2470 quicunque
1694 2397 1855 2467 208
1884 2396 1986 2449 sub

391 2507 731 2560 ordinatione
751 2502 834 2557 vel
856 2501 1193 2562 diaconatus,
1219 2494 1301 2548 vel
1322 2489 1661 2562 presbyterii,
1680 2489 1761 2541 vel
1778 2486 1987 2555 episco-

391 2608 566 2669 patus,
615 2595 826 2651 mortali
855 2591 1080 2647 crimine
1106 2588 1345 2644 dixerint
1394 2600 1453 2638 se
1501 2597 1622 2638 esse
1674 2579 1926 2649 pollutos,
1956 2594 1988 2633 a

390 2688 710 2760 supradictis
738 2682 1162 2742 ordinationibus
1185 2675 1607 2739 submovendos,
1658 2686 1781 2727 reos
1837 2670 1989 2726 scili-

391 2792 478 2837 cet
504 2783 589 2835 vel
610 2782 718 2836 veri
750 2778 1087 2834 confessione
1111 2774 1195 2829 vel
1225 2771 1503 2828 mendacio
1550 2765 1803 2823 falsitatis
1836 2781 1852 2820 :
1898 2780 1996 2819 ne-

395 2891 496 2947 que
524 2876 666 2931 enim
696 2873 899 2929 absolvi
925 2880 1099 2941 potest
1122 2871 1173 2924 in
1208 2869 1313 2933 bis,
1346 2866 1447 2921 nisi
1477 2866 1531 2920 in
1578 2878 1637 2917 se
1677 2862 1824 2931 ipsos
1851 2859 2002 2915 dixe-

396 2967 525 3033 rint,
557 2980 659 3035 quo
690 2962 891 3018 dictum
922 2952 983 3016 in‘
1006 2961 1141 3014 alios
1179 2956 1481 3027 puniretur,
1511 2966 1633 3008 cum
1688 2949 1864 3005 omnis
1909 2947 2001 3016 qui

2094 2011 2295 2058 cetnon
2309 2001 2681 2070 ignoraremus
2692 1996 2893 2051 multos
2905 1992 3228 2049 verecundia
3244 1987 3599 2045 etnonnullos
3612 2000 3715 2042 su-

2092 2093 2350 2165 scipiendi
2379 2090 2665 2147 sacerdmii
2692 2098 2838 2144 metu
2868 2084 3130 2155 trepidos,
3176 2098 3295 2153 quae
3338 2082 3528 2151 utique
3549 2079 3712 2149 signa

2095 2194 2219 2241 sunt
2247 2185 2566 2251 sanctitatis,
2618 2183 2747 2237 falsa
2776 2181 2831 2234 in
2871 2194 2931 2235 se
2978 2176 3257 2246 rejiciendi
3302 2175 3524 2228 honoris
3546 2185 3718 2229 causa

2083 2278 2326 2333 dixisse:
2384 2285 2558 2331 tamen
2609 2273 2731 2345 quia
2757 2272 2996 2327 omnium
3037 2269 3148 2323 fere
3193 2269 3260 2322 ad
3318 2279 3385 2321 ea
3430 2279 3549 2333 quae
3581 2266 3718 2316 sunt

2088 2371 2269 2440 pejora
2298 2368 2533 2438 proclive
2573 2366 2832 2437 judicium
2859 2371 2963 2427 est,
3010 2367 3067 2415 et
3097 2357 3352 2413 materies
3380 2352 3720 2424 disputatio-

2093 2480 2220 2520 num
2247 2462 2640 2518 obtrectatione
2666 2458 3009 2513 sacerdotum
3047 2453 3138 2508 Dei
3160 2450 3446 2521 qumritur,
3478 2446 3627 2501 sedit
3659 2444 3723 2505 in

2090 2556 2319 2627 synodo,
2345 2564 2401 2610 ut
2431 2554 2669 2624 quisquis
2695 2552 2764 2606 de
2792 2564 2851 2603 se
2876 2548 2960 2603 vel
2987 2560 3115 2602 vera
3150 2544 3237 2599 vel
3285 2540 3417 2597 falsa
3460 2539 3719 2603 dixisset,

2095 2647 2233 2702 ﬁdes
2261 2646 2309 2701 ei
2352 2659 2509 2716 quam
2556 2643 2782 2699 suismet
2818 2635 3142 2697 testimoniis
3165 2633 3518 2691 conﬁrmaret
3547 2629 3724 2685 habe-

2098 2754 2271 2807 retur,
2311 2740 2711 2797 submovendus
2765 2737 3009 2807 protinus
3038 2734 3193 2788 abeo
3247 2730 3416 2799 gradu
3462 2740 3627 2797 quem
3653 2723 3725 2782 ab

2101 2834 2246 2887 omni
2271 2831 2525 2887 seandalo
2564 2830 2791 2886 liberum
2821 2841 2942 2883 esse
2965 2824 3111 2882 licet.
3137 2823 3327 2878 Divina
3343 2835 3445 2875 vos
3466 2820 3647 2889 pictas
3670 2819 3727 2874 in

2105 2931 2370 2978 mternum
2402 2930 2669 2994 protegat.

411 3060 3726 3146 ὦ

1932 3197 2163 3275 XXV

1232 3344 1907 3437 CONCILIUM
1978 3342 2138 3427 TA
2153 3336 2822 3427 URI’I‘ANUM.

479 3500 755 3559 Fratribus
784 3492 1148 3554 dilectissimis
1174 3506 1269 3560 per
1299 3489 1502 3544 Gallias
1532 3496 1587 3542 et
1617 3485 1851 3556 quinque
1884 3495 2010 3551 pro-
2035 3480 2084 3539 C.
2119 3479 2263 3535 tione
2314 3478 2462 3548 pacis
2511 3486 2675 3547 atque
2714 3475 3043 3543 concordia,
3089 3484 3148 3532 ut
3194 3490 3305 3532 non
3361 3484 3472 3531 tam
3517 3477 3734 3537 εἰνίιιιῖ

402 3597 607 3652 vincies
656 3590 960 3646 constitutis
1008 3593 1190 3638 sancta
1221 3580 1457 3654 synodus
1509 3591 1630 3646 quae
1672 3573 1926 3630 convenit.
1952 3573 2007 3626 in

408 3689 543 3745 urbe
574 3679 1009 3740 Taurinantium.

476 3774 837 3851 209-210
861 3771 992 3826 Cum
1034 3767 1100 3822 ad
1143 3764 1557 3835 postulationem
1605 3756 2005 3829 provinciarum

412 3850 598 3931 Galliae
642 3868 954 3923 sacerdotes
998 3860 1441 3916 Convenissemus
1482 3854 1550 3908 ad
1596 3850 2005 3907 Taurinantium

409 3966 682 4023 civitatem
729 3955 975 4026 atquein
1024 3950 1264 4021 ejusdem
1309 3946 1461 4001 urbis
1514 3943 1740 3999 ecclesia
1784 3949 2007 3995 auctore

407 4058 495 4114 vel
523 4053 700 4111 medio
740 4050 970 4105 Domino
1000 4045 1335 4105 sederemus,
1372 4037 1568 4092 auditis
1593 4032 2008 4104 allegationibus

411 4150 815 4219 episcoporum,
863 4152 1051 4194 eorum
1088 4132 1338 4189 videlicet
1368 4130 1456 4198 qui
1508 4127 1577 4181 ad
1604 4125 1868 4195 judicium
1913 4134 2011 4175 no—

424 4218 593 4297 strum
639 4236 852 4291 fuerant
895 4227 1227 4299 congregati,
1260 4226 1329 4280 de
1370 4221 1593 4294 singulis
1633 4218 1864 4287 negotiis
1894 4219 2013 4270 haec

421 4329 710 4389 sententiae
752 4326 924 4379 forma
950 4315 1287 4391 processitb,
1316 4316 1390 4370 ita
1433 4322 1493 4367 ut
1533 4310 1680 4381 pacis
1718 4312 1859 4365 bono
1903 4316 2012 4362 sta-

419 4433 530 4479 tuta
566 4421 835 4475 canonum
880 4420 1242 4473 servarentur,
1278 4417 1333 4461 et
1358 4405 1707 4475 plurimorum
1756 4400 2013 4455 intentio-

424 4515 583 4570 nibus
605 4509 952 4564 adhiberetur
978 4503 1127 4557 utilis
1158 4498 1445 4555 medicina.

418 4624 463 4681 1.
522 4621 591 4677 Ut
644 4621 733 4682 qui
782 4614 1140 4686 approbaverit
1184 4627 1349 4686 suam_
1384 4610 1638 4686 ciuitatem
1690 4604 2013 4674 metropolim

873 4687 1052 4756 fuisse,
1076 4691 1242 4737 teneat
1268 4680 1568 4749 primulum.

493 4784 625 4839 Nam
668 4795 788 4836 cum
836 4778 1011 4848 primo
1056 4774 1294 4829 omnium
1349 4770 1432 4825 vir
1476 4777 1697 4825 sanctus
1752 4766 2013 4821 Proculus

2112 3569 2250 3637 ejus,
2286 3583 2405 3638 quae
2433 3570 2483 3621 in
2530 3568 2702 3622 altera
2731 3565 3006 3635 provincia
3052 3564 3158 3621 sita
3197 3566 3468 3635 estcuius
3511 3567 3727 3637 magni-

2114 3660 2353 3713 tudinem
2380 3659 2599 3728 penitus
2625 3659 2981 3728 nesciremus,
3018 3672 3181 3728 quam
3221 3657 3324 3726 ipsi
3374 3657 3732 3726 potissimum

2112 3749 2439 3815 deferretur,
2483 3759 2541 3804 ut
2570 3757 2823 3818 tanquam
2853 3758 3006 3816 pater
3036 3746 3164 3803 ﬁliis
3208 3746 3418 3802 honore
3460 3748 3733 3816 primatus

2112 3843 2409 3897 assis-teret.
2454 3841 2682 3911 Dignum
2709 3840 2855 3895 enim
2885 3839 3059 3894 visum
3102 3848 3189 3895 est
3234 3849 3292 3895 ut
3330 3842 3584 3911 quamvis
3613 3843 3734 3897 uni-

2112 3941 2223 3988 tate
2252 3933 2541 3999 provincize
2581 3933 2809 3988 minime
2839 3942 3177 3999 tenerentur,
3212 3935 3731 4004 constringerentur

2116 4031 2294 4077 tamen
2325 4022 2537 4091 pietatis
2566 4020 2784 4077 aﬂ’ectu.
2823 4021 2952 4077 Haec
2984 4022 3086 4092 ipsi
3129 4031 3336 4079 tantum
3372 4025 3427 4078 in
3465 4025 3619 4080 diem
3648 4025 3725 4080 vi-

2116 4123 2184 4169 ta!
2214 4114 2328 4182 ejus
2358 4114 2527 4169 forma
2570 4115 2899 4180 servabitur,
2944 4114 3083 4169 utin
3131 4116 3383 4171 ecclesiis
3421 4118 3727 4186 provincia

2114 4206 2364 4262 secunda:
2407 4206 2793 4272 Narbonensis,
2822 4220 2957 4276 quas
2999 4206 3087 4261 vel
3114 4221 3244 4263 suas
3282 4208 3601 4277 parochias,
3644 4208 3731 4265 vel

2112 4312 2241 4355 suos
2273 4299 2564 4366 discipulos
2606 4297 2775 4353 fuisse
2819 4298 3130 4355 constiterit
3182 4300 3491 4369 ordinatos,
3529 4302 3737 4370 prima-

2114 4405 2202 4451 tus
2223 4396 2422 4450 habeat
2446 4395 2787 4465 dignitatem.
2819 4394 2956 4449 Illud
2986 4411 3015 4449 a
3046 4395 3290 4465 partibus
3321 4396 3733 4453 observandum

2114 4490 2259 4559 quod
2303 4490 2430 4544 licet
2477 4503 2547 4543 ex
2580 4487 2854 4557 superﬂuo
2885 4502 2993 4542 non
3041 4496 3224 4542 tamen
3275 4489 3549 4543 inutiliter
3581 4503 3736 4544 com-

2116 4590 2391 4648 monetur,
2438 4590 2497 4635 ut
2543 4581 2659 4650 ipse
2705 4589 2925 4637 sanctus
2973 4578 3243 4635 Proculus
3294 4588 3559 4651 tanquam
3614 4582 3734 4652 pius

2118 4684 2269 4745 pater
2308 4675 2729 4730 consacerdmes
2778 4688 2907 4728 suos
2945 4673 3181 4728 honoret
3226 4682 3288 4727 ut
3316 4672 3481 4737 ﬁlios,
3510 4684 3567 4728 et
3614 4690 3729 4730 me-

2116 4775 2338 4820 moratae
2396 4766 2687 4835 provincia:
2754 4763 3070 4818 sacerdotes
3129 4773 3391 4834 tanquam
3448 4765 3581 4820 boui
3641 4766 3734 4821 ﬁlii

423 4873 780 4933 M=l55l1ienS|S
809 4869 1095 4936 θρίδεοριιε
1125 4863 1354 4919 οῖνίιειιῖε
1374 4876 1435 4917 δε
1461 4869 1713 4930 tanquam
1742 4867 2012 4927 metropo-
2037 4831 2091 4893 Β
2118 4861 2368 4917 eumdem
2399 4831 2636 4913 habeant
2669 4865 2729 4911 ut
2759 4866 3060 4923 parentem,
3091 4864 3145 4911 et
3173 4831 3409 4912 invicem
3434 4860 3539 4912 sibi
3576 4858 3738 4913 exhi-

421 4969 647 5023 litanum
682 4960 947 5021 ecclesiis,
992 4972 1111 5025 qua:
1149 4955 1202 5009 in
1247 4952 1481 5008 secunda
1506 4950 1777 5018 provincia
1812 4948 2015 5004 Narbo-

424 5053 582 5113 nensi
606 5052 791 5119 posita!
834 5042 1173 5108 videbantur,
1203 5042 1409 5097 diceret
1436 5052 1669 5108 praeesse
1699 5037 1899 5092 debere
1928 5048 2011 5092 at-

424 5157 532 5215 que
560 5158 651 5212 per
682 5156 741 5193 se
771 5138 1136 5191 ordinationes
1164 5136 1217 5187 in
1246 5140 1538 5188 memorata
1570 5129 1841 5199 provincia
1866 5143 2012 5183 sum-

428 5250 640 5295 morum
674 5231 789 5285 fieri
819 5227 1183 5289 sacerdotum,
1214 5223 1479 5292 siquidem
1501 5231 1769 5277 assereret
1794 5220 2012 5276 easdem

427 5330 697 5386 ecclesias
735 5323 823 5379 vel
871 5336 997 5376 suas
1037 5317 1317 5390 parochias
1348 5315 1540 5381 fuisse,
1568 5316 1652 5369 vel
1686 5316 1968 5385 episcopos
1990 5329 2020 5369 a

436 5436 501 5475 se
531 5421 581 5471 in
626 5416 815 5472 iisdem
847 5414 1091 5469 ecclesiis
1121 5410 1424 5476 ordinatos;
1456 5422 1488 5461 e
1533 5406 1747 5461 diverso
1775 5408 2019 5477 ejusdem

434 5514 665 5584 regionis
709 5510 945 5579 episcOpi
988 5506 1136 5560 aliud
1176 5504 1523 5559 defensarent
1572 5514 1637 5556 ac
1670 5501 1771 5554 sibi
1799 5501 2022 5557 alterius

434 5606 723 5677 provincia:
750 5602 1086 5657 sacerdotem
1111 5613 1345 5667 prazesse
1371 5611 1476 5651 non
1505 5594 1706 5649 debere
1728 5596 2017 5651 contende-

436 5706 598 5753 rent:
624 5697 677 5751 id
703 5693 997 5764 judicatum
1027 5700 1113 5747 est
1151 5705 1181 5743 a
1208 5700 1390 5745 sancta
1435 5689 1645 5759 synodo
1690 5691 2019 5758 contempla-

2117 4954 2284 5007 beant
2332 4950 2614 5006 charitatis
2664 4948 2972 5009 adeetum,‘
3002 4949 3228 5014 impleto
3286 4949 3391 5003 hoc
3452 4950 3606 5018 quod
3664 4950 3738 5005 ait

2118 5044 2305 5098 beatus
2357 5041 2644 5110 Apostolus
2674 5057 2688 5094 :
2720 5040 2933 5092 Honore
2982 5052 3166 5093 mutuo
3200 5046 3595 5108 prwvenicntes,
3639 5058 3739 5097 non

2117 5134 2226 5187 alta
2290 5134 2569 5200 sapientes,
2611 5132 2701 5184 sed
2782 5129 3067 5182 humilibus
3132 5133 3531 5187 consentientes.
3610 5133 3737 5187 illud

2118 5222 2316 5276 deinde
2347 5223 2485 5277 inter
2516 5220 2800 5289 episcopos
2852 5220 3067 5273 urbium
3107 5218 3450 5275 Arelatensis
3491 5232 3549 5276 et
3580 5222 3741 5277 Vien-

2132 5318 2335 5375 nensis,
2366 5316 2454 5384 qui
2482 5312 2550 5367 de
2579 5315 2841 5381 primatus
2864 5311 3075 5366 honore
3115 5312 3258 5381 apud
3287 5328 3388 5367 nos
3433 5316 3738 5381 certabant,

2129 5423 2161 5462 a
2194 5415 2377 5461 sancta
2408 5406 2617 5476 synodo
2649 5405 2930 5459 deﬁnitum
2973 5414 3077 5471 est,
3111 5415 3169 5459 ut
3199 5407 3292 5475 qui
3329 5421 3396 5461 ex
3427 5406 3513 5460 his
3545 5421 3739 5477 appro-

2130 5501 2339 5554 baverit
2387 5512 2536 5551 suam
2570 5498 2851 5551 civitatem
2887 5511 3010 5551 esse
3056 5498 3430 5564 metropolim,
3484 5497 3534 5550 is
3580 5498 3737 5550 totius

2130 5591 2423 5663 provinciae
2459 5590 2715 5643 honorem
2751 5589 3015 5658 primatus
3046 5589 3312 5652 obtineat,
3359 5598 3417 5644 et
3445 5589 3567 5659 ipse
3593 5589 3736 5658 juxta

2130 5700 2393 5741 canonum
2426 5694 2751 5754 praeceptum
2800 5683 3211 5740 ordinationum
3263 5682 3466 5739 habeat
3494 5690 3739 5755 potesta-

507 5819 537 5849 ι
570 5808 653 5873 U.,
681 5807 1018 5862 Tauritanum
1063 5804 1320 5874 octoginta
1367 5802 1739 5874 episcoporum.
1780 5798 1870 5868 6.,
1893 5799 2232 5859 Tauritanttnt
2270 5800 2591 5870 septuaginta
2626 5798 3009 5871 episcoporum.

507 5877 535 5918 δ
558 5878 649 5947 U.,
679 5880 785 5933 hac
811 5877 1053 5932 sententia
1078 5873 1254 5931 nostra
1281 5873 1537 5943 processit.
