3870 6332
158 365 244 423 ω
1169 345 1451 407 csum
1489 340 1742 403 CONCIL

1905 372 1948 384 -
1986 337 2355 399 REGIENSE.

3347 339 3529 400 950'

162 498 267 541 teut.
306 479 468 537 Certe
507 476 576 533 a'tl
624 474 779 547 pacis
828 469 1106 529 vinculum
1157 468 1588 525 conservandum
1637 468 1740 521 hoc
1767 465 1817 526 Α
1847 463 1936 519 lV.
1966 463 2041 520 De
2065 463 2262 519 clericis
2289 460 2381 532 qui
2405 476 2492 530 per
2523 459 2735 547 culpant
2763 459 2828 516 ab
2850 459 3093 532 episcopo
3113 476 3210 516 suo
3243 476 3422 520 mam

160 575 363 635 coasilio
383 572 598 628 utiliore
626 569 911 624 decretum
948 574 1053 628 est,
1086 571 1148 618 ut
1185 564 1230 619 si
1265 563 1441 631 placet
1470 574 1742 617 memora-

162 684 306 726 tarum
339 666 558 722 urbium
600 660 876 731 episcopis
912 669 1251 726 unaquaeque
1282 654 1350 709 de
1401 653 1484 710 his
1514 652 1742 706 vicinio-

160 778 231 819 τω
266 761 367 816 sibi
413 760 554 814 intra
605 752 942 825 provinciam
976 748 1212 805 vindicet
1254 748 1525 812 civitates,
1575 752 1742 813 atque

157 874 232 913 cas
256 854 518 912 ecclesias
567 848 809 904 vindicet
828 857 855 884 ι
878 859 1014 917 quas
1059 842 1273 913 Oppidis
1324 842 1439 896 suis
1468 837 1741 909 proximas

156 948 302 1019 magis
328 960 452 1001 esse
480 939 807 1003 constiterit,
840 938 913 993 ita
952 946 1032 999 ut,
1059 949 1335 991 memores
1363 930 1741 988 unanimitatis

153 1051 293 1110 atque
310 1037 645 1100 concordiae,
668 1048 773 1088 non
796 1032 935 1086 alter
960 1029 1190 1085 alterum
1215 1028 1428 1098 longius
1455 1027 1561 1083 sibi
1583 1041 1741 1082 usuro

153 1134 307 1205 pando
333 1132 481 1203 quod
511 1138 598 1183 est
618 1128 710 1182 alii
740 1128 1019 1197 proprium
1049 1124 1334 1193 inquietet.

213 1248 271 1304 ll.
313 1245 385 1301 Ut
414 1244 645 1314 episcopi
682 1240 772 1312 qui
802 1246 988 1322 contra
1022 1245 1216 1293 statuta
1243 1237 1440 1309 faciunt
1470 1234 1662 1289 honore

794 1318 1073 1383 privatur.

212 1410 493 1467 Gestorum
528 1420 744 1476 quoque
784 1403 929 1460 serie
974 1401 1245 1461 conscribi
1272 1402 1477 1471 placuit
1520 1399 1588 1456 ad
1619 1414 1740 1470 per-

152 1515 309 1574 petem
339 1500 688 1571 disciplinam
726 1496 871 1569 quod
900 1497 1046 1553 circa
1076 1496 1381 1559 Octavium,
1426 1494 1736 1559 Ursionem,

154 1596 436 1665 Remigium
494 1608 558 1649 ac
598 1590 903 1663 Tryferium
939 1590 1225 1661 episcopos
1268 1587 1510 1661 synodus
1554 1597 1739 1644 sancta

150 1690 391 1755 decrevit,
441 1688 534 1757 qui
564 1686 617 1741 in
660 1683 1031 1752 usurpationis
1071 1683 1361 1754 quamdam
1406 1682 1475 1737 de
1517 1681 1740 1737 Ordina-

153 1784 281 1836 tione
314 1779 659 1835 sacerdotum
693 1776 951 1832 invidiam
981 1776 1336 1842 vocabantur,
1370 1776 1515 1847 quod
1558 1777 1743 1832 hacte-

150 1894 238 1935 nus
263 1877 349 1951 [Τ.
385 1878 439 1940 1.
485 1875 545 1940 2,
595 1872 845 1947 eatenus]
899 1872 985 1929 Itis
1014 1872 1227 1928 videtur
1257 1872 1544 1937 indultum,
1580 1881 1639 1927 ut
1672 1870 1741 1927 de
1772 1866 1821 1928 Β

152 1981 333 2027 cetero
391 1970 495 2025 hac
541 1970 869 2025 auctoritate
915 1967 1233 2024 commoniti
1293 1966 1427 2022 nihil
1480 1980 1745 2033 usurpare

153 2073 421 2126 conentur,
479 2060 747 2131 siquidem
779 2076 841 2117 ea
870 2075 930 2116 se
957 2061 1027 2115 ab
1074 2062 1173 2115 ltac
1202 2075 1364 2115 causa
1396 2059 1745 2115 excusatione

153 2152 480 2210 defenderint
506 2167 611 2222 qua
642 2152 891 2208 dicerent
930 2151 1081 2221 prius
1113 2166 1171 2207 se
1213 2167 1321 2206 non
1350 2165 1473 2207 esse
1510 2165 1746 2206 conven-

156 2258 245 2302 ως.
278 2245 516 2301 Proinde
540 2244 807 2315 judicavit
833 2244 1097 2315 synodus,
1132 2254 1191 2298 ut
1219 2244 1263 2297 si
1294 2244 1415 2315 quis
1434 2258 1501 2299 ex
1534 2244 1636 2298 hoc
1668 2242 1745 2297 fe-

158 2339 280 2393 cerit
305 2348 496 2393 contra
528 2346 734 2392 statuta
768 2336 1062 2405 majorum,
1094 2336 1231 2391 sciat
1269 2334 1313 2389 is
1344 2336 1432 2405 qui
1466 2335 1747 2390 ordinatus

153 2426 291 2484 fuerit
343 2426 637 2483 sacerdOtii
681 2442 741 2482 se
772 2425 981 2482 honore
1024 2425 1368 2495 privandum,
1410 2434 1465 2481 et
1516 2428 1603 2481 ille
1654 2426 1746 2497 qui

154 2519 473 2575 ordinaverit
510 2520 893 2576 auctoritatem
926 2533 987 2574 se
1032 2518 1084 2574 in
1115 2518 1550 2573 ordinationibus
1582 2519 1663 2575 vel
1691 2518 1747 2574 in

152 2608 378 2666 conciliis
402 2612 627 2666 minime
651 2618 1010 2667 retenturum.
1041 2608 1158 2665 Non
1180 2611 1356 2665 solum
1387 2619 1571 2666 autem
1600 2610 1746 2667 circa

153 2713 468 2758 memoratos
508 2702 797 2772 episcopos
826 2703 943 2759 haec
973 2705 1241 2759 sententia
1274 2704 1608 2774 praevalebit,
1650 2705 1746 2762 sed

153 2801 200 2848 et
221 2794 359 2848 circa
388 2807 581 2849 omnes
610 2794 701 2864 qui
722 2795 889 2850 simili
920 2808 1108 2850 errore
1134 2795 1346 2866 decepti
1375 2796 1747 2855 ordinationes

153 2884 443 2955 huiusmodi
476 2890 864 2959 perpetrarint.

240 3001 326 3058 lll.
368 3000 449 3055 De
480 3002 631 3056 [tricis
667 3004 759 3072 qui
789 3004 841 3057 in
873 3002 1086 3058 clericos
1108 3004 1305 3058 crimen
1335 3003 1635 3059 intendunt.

213 3113 282 3167 De
317 3113 569 3169 Palladio
615 3124 795 3170 autem
844 3116 1009 3184 laico,
1060 3116 1150 3186 qui
1194 3116 1377 3185 Spano
1428 3118 1749 3191 presbytero

149 3219 245 3260 non
283 3208 400 3262 leve
443 3209 651 3264 crimen
710 3209 1045 3278 intenderat,
1102 3212 1245 3265 inter
1276 3225 1413 3281 quos
1460 3213 1748 3281 episcopus
1780 3241 1826 3304 Ο

149 3299 410 3372 Tryferius
446 3302 695 3371 ejusdem
744 3304 989 3360 criminis
1032 3319 1225 3360 causas
1265 3320 1325 3361 se
1366 3307 1748 3377 recognovisse

151 3402 362 3449 testatus
390 3403 495 3461 est,
531 3394 584 3449 id
612 3395 830 3451 concilii
878 3396 1125 3453 decrevit
1154 3398 1469 3465 auctoritas,
1498 3406 1557 3452 ut
1604 3399 1745 3453 idem

153 3481 408 3541 Palladius
430 3487 483 3540 in
503 3486 696 3541 eadem
718 3488 985 3542 sententia
1010 3498 1276 3554 maneret,
1300 3504 1406 3557 qua
1428 3490 1749 3560 cognitionis

149 3580 376 3643 tempore
424 3592 458 3631 a
502 3576 758 3647 Tryferio
808 3578 984 3634 fuerat
1010 3579 1299 3634 sacerdote
1350 3580 1658 3651 mulctatus,
1694 3583 1747 3636 in

150 3661 239 3718 hoc
267 3667 316 3720 ei
347 3667 696 3724 humanitate
725 3677 937 3725 servata
966 3670 1201 3735 concilii,
1242 3678 1298 3727 ut
1330 3670 1445 3744 ipse
1474 3672 1749 3748 Tryferius

149 3756 194 3809 in
224 3766 485 3825 potestate
519 3761 721 3817 habeat
750 3765 964 3831 quando
989 3763 1223 3818 voluerit
1253 3764 1303 3819 ei
1346 3766 1614 3821 relaxare.

218 3870 375 3940 sm,
407 3872 467 3925 Β.
496 3874 591 3940 n.,
624 3873 715 3935 υ..
750 3875 934 3930 visitet.

2431 534 2775 587 municantttr.

1916 629 2117 686 Statuit
2154 642 2369 698 quoque
2399 624 2468 682 de
2498 625 2863 695 Exuperantio
2901 624 3223 695 presbytero
3262 635 3455 681 sancta

1845 721 2105 793 synodus,
2139 719 2229 791 qui
2260 718 2313 772 in
2346 716 2597 788 injuriam
2628 716 2799 771 sancti
2830 714 3070 785 episcopi
3103 716 3187 769 sui
3219 713 3454 786 Tryferil

1844 814 2026 885 gravia
2078 822 2133 869 et
2179 811 2350 867 multa
2404 815 2754 880 congesserat
2803 814 2860 863 et
2918 807 3291 876 frequentibus
3332 822 3455 862 eum

1844 904 2189 961 contumeliis
2219 911 2563 973 provocarat,
2598 902 2670 956 ita
2712 908 2772 955 ut
2813 898 3070 956 nonnulla
3102 899 3292 955 fecerit
3323 916 3459 955 con-

1844 1008 1925 1055 tra
1948 996 2379 1055 ecclesiasticam
2402 995 2771 1066 disciplinam,
2799 1002 3022 1065 propter
3051 1008 3211 1064 quam
3234 1010 3455 1050 causam

1845 1092 1912 1147 ab
1948 1106 2016 1147 eo
2056 1092 2228 1145 fuerat
2256 1088 2527 1145 dominica
2568 1086 2954 1143 communione
3000 1087 3261 1155 privatus,
3308 1095 3366 1140 ut
3401 1086 3457 1142 in

1844 1183 1964 1252 ejus
1994 1182 2065 1237 sit
2100 1181 2331 1237 arbitrio
2381 1179 2647 1236 restitutio
2694 1176 2863 1248 ipsius
2896 1178 2948 1232 in
2991 1177 3144 1243 cujus
3189 1185 3461 1246 potestate

1844 1271 1945 1328 luit
1973 1272 2093 1343 ejus
2118 1271 2354 1342 abjcctio
2382 1290 2396 1339 ;
2425 1272 2528 1327 hoc
2550 1278 2657 1337 est,
2691 1277 2751 1324 ut
2774 1268 2995 1340 quando
3026 1268 3111 1324 vel
3141 1268 3285 1324 idem
3319 1269 3464 1325 Exu-

1842 1366 2127 1437 perantius
2175 1363 2528 1429 satisfecerit,
2576 1362 2666 1418 vel
2695 1361 2954 1431 episcopo
3006 1359 3255 1432 Tryferio
3285 1360 3462 1416 visum

1845 1458 2029 1525 fuerit,
2062 1468 2174 1512 tum
2203 1457 2432 1528 gratiam
2465 1453 2868 1511 communionis
2912 1454 3166 1523 accipiat.

1844 1553 2006 1623 21],
2052 1548 2117 1604 ν.
2157 1547 2255 1623 De
2289 1566 2346 1623 eo
2372 1548 2462 1623 qui
2488 1565 2547 1623 se
2574 1548 2925 1623 abluet-elicis
2962 1563 3207 1623 separare
3243 1547 3465 1603 valuerit

2119 1630 2175 1675 ut
2203 1620 2267 1675 ab
2298 1614 2534 1675 Ecclesia
2562 1614 2821 1675 catholica
2849 1614 3190 1689 suscipiatur.

1925 1714 2057 1771 Illud
2104 1722 2369 1785 praeterea
2413 1713 2661 1769 decrevit
2701 1721 2891 1769 sancta
2920 1712 3186 1785 synodus,
3221 1720 3280 1767 ut
3323 1726 3461 1783 quo-

1846 1805 1990 1862 niam
2021 1804 2226 1877 legatos
2249 1805 2491 1877 episcopi
2524 1803 2845 1874 Galliarum,
2883 1804 2982 1875 qui
3011 1804 3178 1859 Felici
3211 1819 3468 1861 commu-

1849 1900 2055 1968 nicant,
2088 1900 2451 1968 destinarunt,
2492 1907 2555 1953 ut
2581 1899 2628 1954 si
2649 1898 2772 1968 quis
2815 1898 2882 1953 ab
2932 1898 3053 1967 ejus
3081 1900 3468 1957 communione

1847 2003 1907 2045 se
1949 1990 2180 2047 voluerit
2232 1998 2602 2059 sequestrarc,
2658 1990 2712 2043 in
2768 2000 2970 2045 nostra:
2999 1991 3150 2061 pacis
3189 1992 3468 2048 consortio

1847 2082 2177 2153 suscipiatur
2206 2082 2362 2155 juxta
2407 2080 2617 2137 litteras
2644 2081 2972 2137 venerabilis
3016 2083 3295 2137 memoria
3334 2082 3469 2137 Am-

1848 2174 2020 2230 brosii
2056 2173 2298 2244 episcopi
2329 2174 2416 2228 vel
2446 2173 2711 2228 Romanis
2749 2171 3009 2229 Ecclesiae
3039 2173 3340 2229 sacerdotis
3366 2172 3467 2228 du-

1848 2271 1976 2325 dum
2008 2269 2170 2337 latas,
2202 2283 2325 2340 qua:
2357 2269 2411 2325 in
2442 2266 2675 2325 concilio
2706 2267 2901 2339 legatis
2934 2267 3290 2339 praesentibus
3318 2268 3469 2323 reci-

1851 2372 1975 2419 tata
2003 2371 2151 2421 sunt.

1892 2455 1975 2511 Vl.
2023 2455 2092 2512 Ut
2132 2454 2349 2511 alterius
2385 2455 2632 2511 clericum
2662 2470 2767 2509 non
2803 2461 3097 2521 promoveat
3134 2451 3287 2518 alter,
3338 2467 3429 2507 nec

2392 2529 2649 2599 objectum
2684 2526 2921 2597 recipiat.

1924 2619 2034 2677 Nec
2062 2618 2193 2675 illud
2220 2618 2744 2689 praetermittendum
2774 2616 2876 2672 fuit
2903 2614 3046 2687 quod
3077 2613 3271 2688 synodi
3300 2616 3466 2687 212

1848 2715 2121 2771 sententia
2150 2712 2437 2769 definitum
2469 2720 2575 2778 est,
2617 2720 2675 2767 ut
2703 2711 2965 2767 clericum
3007 2709 3229 2765 alterius
3273 2722 3470 2764 secun-

1849 2807 1977 2862 dum
2016 2815 2219 2861 statuta
2272 2820 2543 2862 canonum
2593 2818 2755 2861 nemo
2798 2803 3084 2873 suscipiat,
3136 2816 3316 2873 neque
3358 2815 3473 2857 sua

1834 2897 2101 2963 _ecclesi:c
2126 2897 2181 2952 in
2220 2896 2328 2951 alio
2356 2895 2527 2964 gradu
2559 2895 2758 2950 audeat
2792 2892 3078 2960 ordinare,
3109 2906 3285 2962 neque
3310 2891 3473 2963 abje-

1850 3000 1994 3045 ctum
2021 2990 2252 3059 recipiat
2282 2991 2336 3044 in
2364 2992 2770 3045 communione.

1851 3100 1963 3156 VII.
2007 3099 2086 3155 De
2116 3102 2196 3156 Itis
2227 3102 2315 3172 qui
2356 3112 2538 3156 contra
2584 3101 2918 3155 interdictum
2960 3106 3085 3154 sunt
3124 3098 3351 3155 ordinati
3391 3097 3473 3155 rei

2260 3174 2318 3227 in
2352 3176 2547 3227 honore
2571 3172 2712 3241 ﬁlios
2741 3179 3053 3243 genuerunt.

1932 3284 2046 3341 Hib
2072 3295 2252 3343 autem
2291 3288 2383 3359 qui
2431 3294 2618 3343 contra
2662 3287 3010 3343 interdictum
3056 3293 3184 3343 sunt
3213 3284 3472 3354 ordinati,

1858 3380 1945 3435 vel
1985 3379 2040 3433 in
2076 3380 2378 3435 ministerio
2430 3380 2569 3435 ﬁlios
2619 3389 2944 3450 genuerunt,
2992 3395 3062 3435 ne
3118 3379 3186 3434 ad
3230 3378 3468 3449 majores

1858 3472 2061 3543 gradus
2092 3472 2341 3529 ordinum
2369 3474 2755 3545 permittantur
2792 3472 2985 3543 synodi
3014 3472 3256 3528 decrevit
3285 3483 3475 3529 aucto-

1860 3565 2015 3617 ritas.

1934 3663 2237 3718 Incolumes
2290 3676 2385 3718 vos
2438 3663 2700 3720 Dominus
2751 3674 2936 3721 noster
2986 3681 3104 3721 sevo
3152 3667 3475 3738 longissimo

1857 3765 2187 3809 conservare
2210 3752 2485 3825 dignetur,
2517 3753 2720 3810 domini
2750 3755 3089 3812 dilectissimi
3121 3754 3342 3815 fratres.

210 3937 237 3979 ι’
256 3940 442 3997 Canon
476 3937 586 3999 iste
612 3946 665 3999 in
691 3945 755 3999 U.
786 3960 908 4002 cum
935 3947 1261 4017 praecedenti
1294 3949 1551 4007 confusus
1583 3962 1743 4024 atque
1785 3966 2099 4029 compactus
2128 3969 2230 4015 est.

1655 4233 1924 4311 XXVI

1120 4370 1805 4463 CONCILIUM
1882 4382 2493 4473 REGIENSE

150 4520 473 4566 τιευεοιιί
516 4521 966 4567 εριεεοροιισιι
1000 4552 1020 4585 ,
1064 4528 1365 4574 ΗΔΒΙἸὍΜ
1413 4535 1556 4579 EBA
1604 4536 1742 4580 CCC(

1905 4540 1985 4583 νιι
2020 4568 2035 4595 ,
2085 4543 2201 4586 SUB
2247 4544 2770 4590 IMPERATOBIBUS
2815 4540 3180 4591 THEODOBIO
3226 4548 3478 4597 MINORE

546 4603 627 4645 ΕΤ
672 4604 1177 4664 νλιεητιιειλκο,
1225 4610 1598 4658 THEODOSIO
1643 4618 1742 4659 SE!

1953 4622 2178 4668 DECIES
2224 4626 2308 4669 ET
2352 4626 2557 4670 FESTO
2601 4626 3018 4671 CONSULIBUS.

204 4708 336 4764 Cum
368 4709 423 4763 in
476 4708 754 4805 voluntate
783 4710 995 4766 Domini
1021 4713 1163 4781 apud
1208 4712 1533 4786 Regiensem
1569 4720 1747 4774 ecclc-
1778 4725 1833 4785 Β
1857 4723 2094 4781 studium
2118 4736 2248 4781 nutu
2267 4728 2479 4783 Domini
2503 4729 2881 4785 universorum
2908 4740 3121 4801 pectora
3148 4750 3370 4805 prorsus
3391 4753 3479 4793 sa-

147 4800 270 4855 siam
301 4802 778 4870 convenissemus,
827 4812 881 4859 et
910 4808 1360 4876 transgressionis
1389 4811 1531 4881 apud
1573 4811 1747 4866 Ebru-

147 4890 436 4948 dunenseru
484 4893 772 4948 ecclesiam
802 4894 1000 4950 habitae
1040 4898 1344 4954 remedium
1384 4912 1743 4968 (καίεται-ξων,

148 4999 237 5053 qua
264 4988 440 5041 sacris
477 4986 735 5043 Ecclesiae
763 4991 1066 5045 canonibus
1095 5001 1152 5047 et
1177 4995 1495 5050 reverendis
1526 4996 1747 5052 Patrum

148 5078 618 5133 constitutionibus
653 5083 801 5137 omni
834 5093 986 5153 parte
1030 5085 1310 5154 neglectis,
1354 5088 1559 5158 absque
1590 5091 1748 5146 trium

152 5174 451 5240 instantia,
504 5175 705 5244 absque
753 5178 1293 5247 comprovincialium
1355 5181 1571 5248 litteris,
1630 5185 1751 5239 sine

151 5266 540 5334 metropolitani
580 5270 921 5335 auctoritate,
965 5270 1171 5325 irritam
1214 5273 1575 5329 ordinationis
1628 5290 1750 5345 spe-

150 5356 275 5409 ciem
308 5374 338 5412 a
363 5359 578 5414 duobus
628 5371 833 5416 temere
872 5364 1322 5421 convenientibus
1364 5377 1749 5437 praesumptam

152 5458 258 5501 esse
296 5450 541 5504 clarebat
565 5468 578 5516 ;
606 5467 712 5505 non
761 5453 940 5509 minus
968 5456 1173 5511 doloris
1209 5457 1278 5511 de
1307 5460 1748 5535 praesumentium

153 5537 290 5603 lapsu
327 5558 495 5611 quam
519 5544 588 5599 de
617 5546 863 5601 ecclesiae
892 5548 1057 5615 ipsius
1097 5550 1449 5606 convulsione
1478 5552 1531 5607 in
1564 5562 1749 5622 pecto-

155 5628 288 5683 ribus
318 5634 562 5689 omnittm
608 5636 811 5691 diutina
861 5638 1150 5695 collatione
1178 5652 1452 5697 versatum
1500 5653 1603 5697 est.
1635 5644 1750 5698 Pri-

158 5734 287 5775 tuum
334 5725 539 5793 itaque,
576 5728 699 5799 quia
766 5744 871 5784 non
919 5731 1217 5790 ulciscendi
1270 5734 1368 5791 sed
1412 5736 1748 5793 rcmediandi

1852 4815 2118 4871 cerdotali
2143 4818 2373 4873 consilio
2402 4821 2701 4889 insederat,
2734 4837 3000 4879 canonum
3035 4826 3089 4881 in
3132 4830 3477 4887 sermonibus

1852 4910 2076 4979 singulis
2123 4914 2455 4981 proprietate
2508 4925 2785 4985 perspecta
2812 4956 2829 4985 ,
2883 4920 3084 4987 placuit
3108 4929 3130 4956 ³
3162 4925 3305 4992 quod
3335 4925 3480 4980 sicut

1855 5005 2085 5073 reproba
2109 5020 2230 5075 qua:
2257 5020 2588 5079 praesumpta
2617 5020 2801 5066 essent
2822 5012 2877 5067 in
2899 5014 3107 5070 irritum
3132 5017 3471 5088 devocanda,

1857 5095 1929 5149 ita
1956 5111 2053 5153 eos
2075 5100 2165 5168 qui
2196 5102 2425 5169 reproba
2452 5107 2951 5172 prresumpsissent.
2975 5112 3222 5179 quamvis
3250 5114 3478 5167 contun-

1853 5189 1985 5245 dere
2032 5206 2258 5247 censura
2314 5205 2555 5263 cogeret,
2588 5197 2839 5253 charitati
2895 5199 3087 5255 liceret
3144 5202 3473 5259 absolvere:

1862 5283 2164 5350 praesertim
2211 5298 2333 5339 cum
2382 5286 2457 5355 hi,
2491 5288 2583 5357 qui
2619 5297 2726 5342 tam
2762 5305 3016 5355 perversa
3059 5292 3400 5356 incidissent,
3432 5310 3463 5348 a

1862 5388 2036 5443 ptimo
2064 5375 2248 5445 lapsus
2272 5378 2442 5445 ipsius
2465 5379 2551 5435 die
2574 5380 2831 5437 adhibitis
2855 5385 3053 5451 passim
3082 5386 3327 5451 precibus
3356 5386 3473 5441 cul—

1862 5482 1985 5538 pam
2019 5472 2345 5538 pmnitentes
2376 5483 2467 5529 aut
2496 5474 2816 5546 ignorantiae
2861 5484 2955 5530 aut
2984 5479 3477 5549 circumscriptioni

1858 5560 2246 5627 imputassent:
2271 5565 2417 5636 quia,
2447 5567 2549 5622 etsi
2583 5568 2907 5625 inveniabile
2927 5569 3245 5626 crederetur
3293 5584 3477 5625 sacer-

1858 5648 2040 5705 dotem
2086 5654 2443 5711 sacerdotalia
2493 5667 2692 5713 statuta
2750 5660 3030 5726 nescisse,
3087 5660 3265 5717 levius
3291 5671 3476 5718 tamen

1858 5749 1977 5796 erat
1998 5757 2159 5814 quam
2186 5745 2232 5802 si
2257 5762 2353 5804 ore
2378 5748 2676 5827 impudenti
2702 5749 2963 5808 fateretur
2986 5764 3049 5811 se
3065 5762 3193 5809 nota
3214 5754 3475 5811 calcasse.

219 5838 339 5900 'Ex
390 5839 457 5896 Β.
486 5839 580 5905 Β..
620 5841 687 5899 Τ.
719 5841 775 5911 l,
806 5841 862 5898 Ξ.
907 5843 965 5901 In
1006 5847 1075 5902 Α.
1111 5856 1168 5904 et
1206 5849 1420 5905 caeteris
1446 5847 1736 5908 Codicibus

1905 5855 1999 5910 uit.
