3870 6366
380 334 480 393 251

1066 330 1449 392 οοιιεοτιο
1488 327 1822 387 CANONUM
1862 325 1924 382 8.
1967 325 1991 380 I1

2095 324 2236 384 ORO
2276 327 2544 386 HISPAL.
2587 327 2942 385 ASCRIPTA.

3555 324 3668 385 ’51

381 454 545 528 213
570 452 611 509 I.
648 450 716 510 Ut
744 461 772 491 ι
796 468 899 506 non
918 449 1160 528 habeatur
1172 450 1482 519 epist-opma
1503 446 1701 502 duobus
1728 442 1981 515 episcopis
2006 440 2058 498 Δ
2085 440 2356 499 societatis
2413 451 2784 512 respexerant,
2832 442 2974 497 velut
3015 439 3355 496 inuocantem
3408 439 3663 495 eumdem

1039 520 1327 575 ordinatus.

462 660 640 725 Itaque
663 670 759 712 eos
780 656 871 726 qui
892 666 998 711 tam
1022 654 1293 711 incondita
1315 668 1379 710 ac
1400 661 1509 707 tam
1531 651 1800 707 instabilis
1825 665 1975 705 usur-

391 760 668 819 paverant,
703 750 903 820 placuit
935 748 1317 808 misericordias
1350 756 1404 802 et
1426 744 1704 802 cbaritatis
1748 758 1976 801 occursu

390 844 459 897 ita
480 845 533 897 in
553 842 986 899 communionem
1007 840 1461 910 dilectionemque
1483 838 1674 907 recipi,
1698 846 1756 892 ut
1778 837 1977 892 scirent

387 934 679 990 secundum
706 943 971 990 recentem
988 941 1042 991 et
1061 931 1466 989 saluberrimam
1486 929 1790 985 Taurinatis
1819 926 1975 1000 [ω.

390 1023 761 1098 Tanrinensis]
786 1024 976 1097 synodi
996 1023 1382 1088 deﬁnitionem,
1412 1021 1481 1081 ad
1502 1028 1808 1091 perpetuam
1852 1019 1979 1075 vita:

387 1118 544 1177 istius
570 1116 921 1173 suﬂ'uaionem
952 1116 1118 1177 nullis
1143 1129 1201 1171 se
1220 1114 1288 1171 de
1313 1122 1511 1171 catero
1530 1111 1974 1176 ordinationibus,

389 1208 550 1265 nullis
577 1206 865 1263 ordinariis
894 1205 1240 1265 interfuturos
1255 1220 1378 1262 esse
1402 1204 1669 1271 conciliis,
1690 1204 1816 1275 quia
1847 1202 1978 1259 nihil

387 1301 600 1359 salubre
624 1300 693 1354 ab
722 1300 827 1358 illis
852 1299 1194 1357 statuendum
1235 1306 1661 1365 exspectaretur,
1692 1296 1815 1367 quia
1864 1292 1977 1368 [A.,

387 1388 500 1462 qui]
525 1400 683 1446 tanta:
711 1390 1070 1460 corruptionis
1101 1398 1207 1446 tam
1228 1388 1545 1446 detestanda
1575 1390 1818 1459 exempla
1844 1403 1979 1457 prte-

387 1480 633 1536 buerant.
675 1479 1051 1541 Ebrudunensi
1089 1480 1335 1538 ecclesiae
1374 1490 1502 1536 ante
1547 1479 1728 1535 omnia
1774 1490 1980 1535 mature

389 1572 562 1625 visum
591 1578 679 1627 est
706 1570 1121 1636 consulendum,
1150 1571 1272 1641 quia
1320 1581 1552 1640 quatuor
1592 1570 1660 1627 de
1706 1570 1980 1628 biennium

388 1664 664 1721 mensibus
720 1662 1000 1721 sacerdote
1055 1662 1293 1734 legitimo
1333 1664 1589 1719 destituta
1630 1664 1732 1719 hoc
1769 1662 1984 1735 gravius

388 1764 761 1827 egrotaverat,
788 1765 845 1808 ut
871 1756 1051 1812 clerus
1077 1756 1335 1811 innocens
1359 1770 1424 1811 ac
1452 1756 1769 1825 disciplinae,
1786 1767 1842 1810 ut
1864 1769 1978 1825 pro-

384 1849 570 1908 batam
614 1857 716 1914 est,
749 1862 957 1906 memor
1004 1848 1355 1918 quorumdam
1403 1849 1659 1904 Iaicorum
1697 1848 1982 1904 insolentia

387 1956 453 1999 ac
473 1942 617 1997 varia
644 1940 1015 2010 pertubatione
1039 1951 1287 2009 vexatus,
1318 1941 1483 1999 etiam
1512 1942 1565 1997 in
1596 1942 1973 1998 sacerdotibus

388 2049 455 2089 ac
483 2032 741 2088 ministris
770 2032 941 2088 minas
966 2048 1031 2087 ac
1050 2032 1226 2104 jurgia
1253 2042 1308 2089 et
1328 2035 1437 2088 vim
1466 2035 1870 2091 acerbissimam
1895 2050 1987 2104 pe-

387 2122 625 2181 riculose
652 2125 956 2195 perniciosa
978 2140 1148 2195 nuper
1175 2124 1325 2183 caede
1354 2127 1667 2196 pertulerat,
1702 2143 1804 2184 nec
1834 2137 1986 2199 pote-

387 2226 473 2273 rat
491 2215 699 2273 'diiierri
719 2216 983 2273 bonorum
1012 2232 1077 2273 ac
1103 2216 1401 2282 disciplina:
1436 2233 1734 2274 memorum
1773 2230 1985 2289 specta-

392 2311 485 2376 tio,
512 2326 581 2365 ne
610 2311 921 2365 viderentur
948 2313 1345 2367 contumacium
1374 2324 1428 2369 et
1456 2312 1814 2383 inquietorum
1864 2321 1985 2369 vota

396 2403 621 2473 palpari,
653 2418 883 2473 quorum
910 2404 1342 2473 conspirationes
1365 2405 1895 2475 machinationesque
1934 2417 1989 2461 et

400 2496 455 2551 in
489 2496 817 2565 praeteritum
847 2506 1103 2563 quantum
1133 2497 1465 2567 deprehendi
1496 2500 1703 2567 possint
1750 2499 1989 2552 animad-

394 2586 644 2642 versione
662 2586 1028 2643 ecclesiastica
1058 2590 1363 2658 puniendus,
1386 2600 1441 2646 et
1462 2590 1513 2645 in
1546 2591 1777 2645 futurum
1799 2591 1988 2646 antici-

393 2678 582 2747 panda:
624 2688 798 2732 erant.
842 2678 1023 2748 Itaque
1080 2678 1497 2746 ordinationem,
1546 2696 1705 2750 quam
1754 2675 1989 2738 canones

395 2766 603 2823 irritam
633 2765 915 2833 deﬁniunt,
946 2783 1045 2823 nos
1074 2783 1288 2839 quoque
1330 2770 1661 2824 vacuandam
1705 2785 1825 2827 esse
1864 2786 1991 2827 cen-

395 2860 623 2925 suimus,
650 2861 700 2914 in
714 2876 818 2931 qua
837 2863 1198 2931 pra-termissa
1216 2864 1376 2919 trium
1394 2866 1681 2935 prasentia
1705 2880 1806 2921 nec
1828 2881 1992 2935 expe-

406 2951 517 3006 titis
546 2953 1078 3021 comprovincialium
1111 2953 1324 3019 litteris,
1356 2956 1752 3025 metropolitani
1779 2971 1993 3027 quoque

400 3040 675 3097 voluntate
702 3044 964 3114 neglecta,
998 3057 1217 3116 prorsus
1248 3046 1381 3101 nillil
1406 3046 1549 3117 quod
1574 3048 1888 3119 episcopum
1913 3048 1993 3104 fa-

393 3143 540 3190 ceret
560 3142 833 3190 ostensum
856 3147 958 3191 est.

394 3267 460 3325 ll.
494 3268 572 3323 De
597 3266 625 3306 ι’
660 3270 939 3324 remotione
967 3274 1077 3342 ejus
1122 3286 1273 3340 quem
1305 3272 1541 3325 ordinare
1579 3286 1845 3342 perperam
1881 3270 1985 3325 duo

967 3352 1421 3411 prwsumpserunt.

469 3453 649 3521 Itaque
679 3454 878 3522 placuit
909 3452 964 3508 in
986 3454 1258 3509 voluntate
1290 3452 1500 3509 Domini
1531 3464 1738 3509 remoto
1766 3456 1867 3510 hoc
1896 3455 1987 3525 qui

400 3559 679 3615 perperam
724 3557 1031 3616 assumptus
1089 3559 1210 3602 erat
1254 3548 1564 3618 episcopus,
1612 3548 1728 3603 ﬁeri
1774 3550 1992 3604 omnino

398 3635 621 3692 fratrum
668 3638 1129 3705 constitutionem,
1180 3638 1542 3693 ecclesiastica
1571 3638 1856 3693 traditione
1882 3654 1997 3693 ser-

398 3738 552 3794 vata;
580 3744 768 3784 verum
796 3730 917 3799 quia
947 3729 1062 3784 haec
1082 3737 1264 3783 saneta
1296 3716 1533 3799 synodus
1554 3743 1659 3782 non
1693 3729 1993 3797 disciplinas

401 3832 604 3877 tantum
626 3838 831 3889 curam,
855 3822 948 3877 sed
972 3832 1027 3877 et
1048 3823 1429 3877 misericordias
1449 3823 1631 3893 gessit,
1651 3838 1878 3893 cumque
1907 3838 2000 3878 oc-

404 3929 654 3969 curreter
675 3917 814 3984 quod
845 3928 903 3969 se
932 3913 1306 3969 Armentarius
1334 3913 1523 3970 diebus
1539 3916 1793 3983 proximis
1822 3914 1999 3970 eidem

404 4009 648 4064 ecciesiae
694 4006 857 4061 inulta
905 4016 1300 4064 assentatorum
1346 4007 1634 4062 insolentia
1707 4008 2003 4072 retulisset,

402 4101 688 4153 occurebat
702 4106 880 4151 tamen
900 4098 1042 4163 quod
1055 4106 1181 4150 ante
1196 4096 1618 4151 admonitionem
1635 4097 2003 4153 discessisset:

413 4187 557 4257 quod
580 4202 609 4239 a
640 4187 913 4241 nonnullis
940 4187 1280 4241 sacerdotum
1308 4189 1361 4241 in
1388 4190 1493 4243 hoc
1518 4188 1693 4257 ipsum
1717 4190 2005 4245 conﬁrma-

405 4290 495 4336 tus
520 4294 579 4335 se
624 4279 785 4333 etiam
815 4281 1035 4348 privata:
1077 4280 1257 4334 domui
1296 4281 1640 4348 reddidisset,
1682 4284 1824 4353 quod
1889 4285 2006 4355 ερί.

409 4373 578 4431 stolas
607 4371 675 4427 ad
707 4373 911 4427 clerum
941 4372 1116 4441 ipsum
1143 4373 1396 4427 emiserat
1423 4374 1613 4442 quibus
1638 4376 2002 4446 episcopatum

2077 535 2352 605 praeterire
2392 535 2700 590 sacerdotes
2744 532 2951 589 Dominl
2990 532 3079 603 qui
3122 530 3245 586 huic
3278 530 3506 585 concilio
3533 530 3671 584 ade-

2076 637 2195 682 rant
2222 627 2569 681 damnatione
2597 640 2822 683 vacuum
2846 622 3236 679 malueruutde
3262 621 3473 677 indultu
3486 620 3671 676 eidem

2078 719 2344 791 peregrini
2369 719 2454 773 vel
2481 718 2790 789 coepiscopi
2818 716 3058 775 nomine.

2077 874 2167 933 III.
2187 872 2266 935 De
2279 873 2531 935 amnicis
2546 881 2593 927 st
2607 871 2940 928 schismatieia
2957 868 3207 937 episcopis
3220 867 3264 922 si
3281 867 3349 921 ad
3361 866 3675 926 catholicam

2432 944 2587 1012 ﬁdens
2606 942 2851 1009 venerint,
2882 940 3005 1013 quid
3032 940 3311 997 observent.

2149 1078 2304 1148 Quod
2331 1092 2460 1148 ergo
2488 1076 2542 1133 In
2580 1075 2893 1148 quibusdam
2935 1072 3294 1136 sebismaticis
3339 1069 3681 1139 recipiendis

2076 1168 2350 1228 Nicanum
2372 1169 2659 1227 conciiium
2698 1166 2883 1227 statuit
2918 1179 2949 1219 a
2990 1164 3219 1234 singulis
3263 1179 3359 1235 per
3400 1162 3678 1218 territoria

2077 1275 2175 1317 sua
2214 1260 2316 1317 hoc
2357 1260 2518 1315 etiam
2555 1272 2794 1329 praesens
2820 1266 3120 1313 conventus
3147 1257 3202 1312 in
3235 1257 3339 1313 hoc
3380 1257 3568 1312 statuit
3610 1255 3681 1311 ab

2077 1355 2328 1412 omnibus
2353 1354 2554 1411 debere
2583 1353 2811 1421 servari,
2837 1353 2890 1408 id
2917 1362 3002 1408 est
3028 1360 3087 1408 ut
3118 1351 3420 1421 cuicunque
3456 1350 3528 1405 de
3565 1349 3679 1403 tra-

2081 1448 2251 1503 tribus
2273 1446 2378 1501 tale
2396 1446 2591 1516 aliquid
2615 1444 2891 1501 charitatis
2911 1443 3146 1500 consilia
3172 1441 3498 1499 dictaverint
3519 1442 3684 1496 liceat

2080 1540 2132 1595 ei
2149 1553 2307 1594 unam
2337 1537 2709 1608 parocltiarum
2732 1549 2947 1591 suarum
2974 1534 3257 1590 ecclesiam
3278 1534 3475 1587 cedere
3501 1529 3589 1604 [Τ.
3621 1528 3681 1595 2,

2081 1628 2400 1701 concedam]
2431 1630 2487 1685 in
2510 1644 2614 1700 qua
2643 1638 2734 1683 aut
2760 1626 3064 1695 coepiscopi
3096 1635 3123 1665 ⁸
3162 1624 3403 1689 nomine,
3437 1631 3495 1678 ut
3538 1622 3686 1676 idem

2088 1737 2258 1777 canon
2290 1724 2544 1794 loquitur,
2568 1730 2662 1776 aut
2712 1717 2993 1790 peregrina
3023 1727 3084 1773 ut
3123 1719 3270 1773 aiunt
3301 1716 3689 1773 communione

2014 1792 2063 1852 Β
2091 1792 2527 1889 ῐτιιειειιιιίίίΕη
2558 1812 2807 1885 fruatur].
2831 1812 3070 1867 Primum
3112 1812 3291 1881 itaque
3328 1810 3603 1873 statuitur,
3632 1816 3691 1861 ut

2090 1909 2192 1964 hoc
2223 1911 2275 1964 in
2300 1909 2539 1979 qualibet
2566 1906 2839 1976 provincia
2874 1914 3233 1973 preterquam
3269 1902 3322 1956 in
3350 1902 3539 1969 Alpina
3572 1914 3691 1956 ma-

2090 2001 2267 2057 ritima
2295 1999 2471 2063 liceat,
2502 2012 2661 2067 quam
2708 1996 2756 2051 si
2795 1994 2971 2065 aliqua
3004 1994 3059 2049 in
3098 2002 3250 2063 parte
3284 1991 3599 2058 accesserit,
3635 1997 3695 2043 ut

2090 2094 2355 2148 malorum
2397 2093 2651 2146 incitator
2679 2098 2735 2145 et
2772 2087 2969 2159 quietis
3023 2087 3309 2157 impatiens
3356 2085 3692 2140 damnationi

2087 2204 2245 2259 quam
2268 2190 2318 2243 in
2339 2203 2399 2243 se
2428 2192 2811 2255 provocaverat
2835 2180 3171 2251 subjacebit';
3204 2179 3300 2233 sed
3330 2178 3447 2232 etsi
3474 2176 3598 2245 quis
3612 2177 3696 2231 ei-

2088 2283 2210 2337 dem
2239 2283 2527 2350 quidquam
2559 2293 2626 2334 ex
2657 2276 2736 2332 bis
2757 2290 2877 2347 quas
2900 2284 3097 2330 statuta
3121 2280 3248 2328 sunt
3270 2267 3695 2338 transgredienti

2091 2370 2590 2434 communicaverit,
2614 2384 2641 2423 a
2665 2364 3043 2423 communione
3063 2363 3304 2419 omnium
3326 2361 3420 2416 net
3454 2359 3692 2414 alienus.

2094 2464 2315 2533 Deinde,
2359 2471 2419 2517 ut
2458 2461 2695 2533 quolibet
2742 2462 2794 2514 in
2827 2459 2945 2514 loco
2984 2464 3339 2527 praterquam
3384 2454 3437 2508 in
3475 2452 3700 2523 publico

2092 2566 2359 2627 ageretur,
2392 2570 2458 2611 ne
2486 2553 2764 2624 quisquam
2792 2554 2841 2607 el
2869 2552 3023 2606 locus
3040 2550 3363 2605 decernatur
3389 2559 3549 2615 quem
3600 2559 3703 2599 cu-

2092 2648 2189 2704 ria:
2221 2658 2275 2704 et
2296 2646 2529 2703 civitatis
2559 2646 2770 2710 species
2791 2652 2885 2697 aut
2906 2643 3041 2698 ordo
3064 2640 3337 2708 nobilitat,
3359 2637 3604 2704 additur,
3630 2651 3701 2692 ne

2094 2754 2327 2809 unquam
2364 2739 2416 2793 in
2462 2735 2769 2792 civitatibus
2805 2734 2887 2789 vel
2915 2733 3018 2788 sub
3040 2732 3421 2803 episcoporum
3448 2728 3702 2785 absentia

2095 2831 2291 2886 oiierre
2320 2838 2629 2900 praesumat,
2658 2840 2760 2883 nec
2805 2825 3059 2880 ordinare
3104 2823 3190 2878 vel
3237 2821 3493 2877 ultimntn
3539 2819 3704 2875 cleri-

2098 2937 2242 2988 cum,
2266 2936 2364 2976 nec
2389 2921 2443 2974 in
2476 2934 2539 2974 ea
2567 2918 2783 2989 quidem
2814 2915 3047 2972 ecclesia
3071 2929 3194 2985 qua
3226 2913 3306 2968 illi
3324 2912 3704 2981 cujuscunque

2098 3013 2465 3071 misericordia
2510 3012 2674 3067 fuerit
2712 3009 2985 3077 attributa,
3030 3022 3131 3064 nec
3174 3006 3272 3062 ulli
3315 3007 3704 3076 episcoporum

2012 3141 2062 3206 ο
2098 3108 2184 3163 vel
2224 3105 2548 3162 succedente
2586 3112 2745 3158 aetate
2788 3108 3069 3171 assumpto
3113 3100 3167 3154 in
3212 3095 3552 3198 rudimentis
3592 3095 3707 3151 suis

2091 3198 2215 3254 huic
2233 3199 2283 3251 in
2306 3198 2483 3268 aliquo
2503 3196 2651 3264 quasi
2677 3208 2775 3265 pro
2786 3193 2959 3247 aetatis
2979 3190 3283 3247 reverentia
3305 3189 3503 3244 cedere
3520 3187 3704 3253 liceat,

2092 3303 2191 3346 nec
2221 3302 2443 3358 usquam
2474 3286 2575 3354 ipsi
2608 3283 2899 3354 quidquam
2929 3282 3000 3338 de
3039 3280 3445 3351 episcOpalibus
3495 3276 3706 3332 ofﬁciis

2094 3398 2376 3453 usurpare,
2422 3389 2779 3450 praeterquam
2812 3378 2864 3432 in
2898 3375 3132 3431 ecclesia
3172 3388 3335 3443 quam
3380 3371 3708 3441 cujusquam

2042 3507 2047 3513 ·
2098 3473 2464 3532 misericordia
2490 3470 2655 3527 fuerit
2684 3469 2953 3539 indeptus,
2986 3467 3041 3522 in
3058 3480 3163 3536 qua
3186 3465 3236 3520 ei
3258 3466 3436 3523 solum
3459 3464 3711 3533 neOpby-

2102 3579 2186 3624 tos
2212 3568 2536 3622 conﬁrmare
2580 3574 2635 3619 et
2663 3573 2789 3618 ante
2819 3562 3165 3632 presbyteros
3213 3557 3411 3614 oﬂerre
3446 3555 3711 3613 concedi—

2103 3670 2209 3715 tur.
2238 3657 2395 3727 Quod
2419 3658 2464 3712 si
2510 3670 2748 3726 unquam
2768 3653 2971 3723 aliquid
3000 3654 3268 3707 cbaritate
3307 3650 3535 3705 alterius
3579 3664 3712 3719 pro-

2105 3762 2325 3806 vocatus
2346 3750 2413 3806 de
2435 3746 2782 3803 habitationis
2806 3746 3233 3801 commutatione
3258 3742 3570 3808 variaverit,
3600 3757 3711 3798 non

2105 3843 2261 3898 aliter
2290 3844 2343 3897 in
2374 3842 2478 3897 alia
2522 3840 2753 3896 ecclesia
2785 3838 3024 3908 requiem
3069 3837 3299 3907 accipiat
3337 3852 3500 3905 quam
3541 3836 3711 3907 priori

2106 3937 2522 4002 renuntiaverit,
2555 3948 2654 3987 nec
2683 3933 2905 3987 omnino
2929 3944 3167 4001 unquam
3191 3930 3419 3985 duarum
3448 3932 3714 3986 ecclesia-

2110 4046 2228 4085 rum
2254 4028 2695 4098 gubernationem
2728 4024 2992 4092 obtineat,
3022 4024 3111 4078 cui
3141 4023 3305 4079 etiam
3341 4026 3507 4096 215
3560 4026 3617 4081 in
3650 4038 3713 4078 ea

2111 4136 2230 4191 qua:
2251 4121 2350 4189 ipsi
2371 4119 2578 4175 ceditur
2602 4117 2877 4172 ministros
2898 4132 2929 4171 a
2950 4116 3183 4171 civitatis
3206 4116 3464 4183 episcOpo
3486 4132 3713 4172 necesse

2111 4224 2193 4269 est
2218 4210 2475 4266 ordinari.
2503 4208 2645 4265 Sane
2671 4208 2797 4278 quia
2822 4208 3194 4262 ministrorum
3222 4208 3429 4262 mentio
3457 4208 3599 4265 [acta
3629 4216 3713 4265 est

2112 4314 2167 4361 et
2195 4300 2439 4360 nonnulli
2459 4301 2531 4356 ab
2550 4300 2669 4368 ipso
2698 4299 2900 4353 inventi
2928 4299 3385 4352 excommunicati
3421 4308 3631 4353 temere
3656 4299 3710 4353 in

2111 4399 2257 4453 clero
2294 4394 2535 4462 provecti
2572 4392 2904 4456 dicerentur,
2943 4398 3201 4444 statutum
3241 4400 3324 4445 est
3374 4406 3469 4445 eos
3496 4392 3594 4461 qui
3639 4392 3710 4447 ita

405 4479 565 4532 quem
594 4478 652 4518 se
675 4480 779 4557 non
806 4465 1081 4531 indeptum
1130 4467 1455 4532 agnoscebat
1482 4477 1739 4535 appetere
1777 4472 1993 4527 nuntia-
2022 4482 2079 4544 ι)
2103 4489 2364 4557 “sumpti
2388 4494 2571 4541 essent
2591 4481 2939 4554 deponendos
2960 4499 2975 4550 ;
2998 4481 3196 4555 quibus
3213 4492 3397 4538 autem
3422 4484 3567 4538 nulla
3584 4498 3710 4538 con-

407 4563 583 4622 verat,
616 4555 762 4609 eradi
796 4570 991 4608 nomen
1018 4569 1170 4607 suum
1202 4565 1409 4623 petens,
1439 4566 1493 4610 et
1515 4558 1616 4612 hoc
1648 4561 1819 4629 ipsum
1853 4565 1993 4631 quod

409 4646 730 4702 instabiliter
771 4644 934 4717 215
959 4645 1013 4700 in
1048 4659 1106 4698 se
1142 4658 1526 4716 praesumptum
1570 4660 1685 4704 erat
1716 4658 1826 4719 jam
1872 4664 1996 4711 tunc

409 4739 774 4797 inordinatum
792 4739 1067 4793 etirritum
1095 4741 1329 4794 iuturum
1356 4752 1703 4809 protestatum
1727 4760 1848 4800 esse
1869 4761 1998 4801 con-

409 4835 663 4897 ﬁrmans;
696 4833 745 4884 in
785 4832 929 4885 illam
982 4832 1156 4899 patius
1194 4842 1396 4899 partem
1441 4832 1701 4888 declinata
1734 4839 1997 4892 sententia

414 4936 519 4991 est,
555 4936 611 4979 ut
632 4924 815 4995 juveni
846 4926 1072 4978 educato
1101 4925 1153 4977 in
1200 4927 1391 4980 timore
1422 4927 1628 4980 homini
1658 4931 1776 4996 plus
1811 4930 2000 4984 suffra-

416 5029 657 5091 garetur,
680 5022 819 5087 quod
842 5022 894 5071 in
926 5029 1047 5072 actu
1079 5019 1421 5074 vitiosissimo
1444 5021 1709 5079 interdum
1732 5041 1857 5080 sana
1877 5042 2003 5081 sen-

417 5112 600 5174 sisset,
628 5125 783 5178 quam
816 5110 954 5177 quod
982 5109 1304 5177 juvenilibus
1332 5112 1718 5169 titillationibus
1747 5118 1923 5183 aliqua
1947 5118 1999 5172 in

417 5212 571 5273 parte
601 5204 874 5256 cessisset.
904 5201 1085 5269 Itaque
1113 5204 1485 5268 praetermissis
1514 5204 1592 5259 liis
1614 5223 1731 5275 qua:
1759 5224 2001 5278 regressu

423 5299 591 5366 ipsius
624 5311 743 5351 eum
768 5298 970 5365 absque
1017 5296 1176 5351 ullius
1214 5300 1570 5353 excusationis
1611 5303 1803 5375 eliugio
1833 5306 2005 5376 eulpae

498 5490 525 5515 ι
558 5480 611 5531 In
649 5478 929 5555 C_odi_cibus
958 5478 1152 5555 duplex
1203 5480 1417 5555 titulus;
1454 5482 1542 5549 qui
1588 5487 1918 5555 exprimitur,
1953 5502 2007 5545 et

429 5551 572 5628 alter
610 5551 697 5628 qui
742 5550 820 5603 sic
864 5564 921 5603 sc
962 5549 1149 5604 habet:
1202 5548 1279 5603 De
1310 5548 2007 5628 mulctotione'duorum'qui

430 5622 805 5694 ordinationem
829 5632 1285 5694 prmsurmpserunt,‘
1312 5637 1608 5694 expunetus
1629 5644 1693 5679 ne
1718 5622 2002 5694 repetatur.

505 5689 529 5725 ι)
574 5692 632 5764 In
658 5692 942 5764 (Iudicibus
973 5691 1165 5764 duplex
1199 5689 1412 5747 titulus:
1460 5696 1547 5761 qui
1592 5689 1923 5764 exprimitur,
1957 5713 2010 5754 ot

430 5760 567 5816 alter
593 5761 668 5816 sic
694 5777 750 5816 se
789 5762 1027 5816 habens:
1072 5762 1138 5815 ιι
1177 5780 1208 5813 a
1242 5765 1437 5817 duobus
1473 5760 1717 5836 episcopis
1748 5760 2010 5827 ordinatus

2099 4579 2421 4636 versationis
2450 4577 2658 4633 macula
2686 4576 3084 4646 prajudicaret,
3119 4586 3281 4646 prout
3325 4576 3709 4635 Ebrudunensi

2100 4672 2367 4728 sacerdoti
2391 4668 2771 4724 constituendo
2790 4670 2963 4722 visum
2990 4678 3096 4733 est,
3120 4678 3213 4721 aut
3238 4667 3294 4721 in
3322 4670 3574 4724 ecclesia:
3597 4684 3710 4725 suae

2102 4760 2402 4817 ministerio
2432 4761 2717 4820 tenendos.
2750 4769 2841 4813 aut
2876 4758 2944 4812 ad
2973 4759 3150 4828 ipsum
3189 4774 3515 4830 quocunque
3558 4761 3717 4815 habi-

2104 4862 2268 4908 tasset
2299 4851 2726 4917 transferendos,
2757 4851 2899 4921 plebi
2922 4866 3083 4920 quam
3104 4852 3381 4920 acciperet
3411 4868 3477 4907 ex
3507 4854 3697 4907 consti-

2106 4947 2322 4999 tutionis
2352 4944 2511 5013 hujus
2544 4941 2903 5011 permissione
2936 4943 3281 5010 benedicere,
3317 4951 3379 4998 ut
3410 4960 3577 5012 supra
3618 4946 3704 5000 de-

2105 5035 2309 5089 ﬁnitum
2369 5044 2471 5099 est,
2523 5035 2575 5088 in
2628 5050 2730 5087 una
2787 5034 3084 5104 eademque
3128 5033 3361 5090 ecclesia
3407 5038 3710 5109 necphytos

2104 5128 2447 5191 conﬁrmare,
2472 5127 2525 5178 in
2549 5125 2783 5181 castellis
2805 5140 2869 5181 ac
2890 5126 3022 5180 vicis
3050 5135 3222 5180 totum
3248 5126 3326 5180 illi
3365 5125 3453 5197 [Τ.
3477 5124 3538 5193 2,
3558 5126 3709 5199 illud]

2105 5229 2227 5270 ante
2256 5216 2601 5285 presbyteros
2629 5217 2795 5271 sicubi
2827 5220 3039 5272 venerit
3074 5218 3258 5285 liceat,
3288 5218 3432 5289 quod
3475 5216 3534 5272 in
3582 5221 3710 5273 civi-

2108 5310 2301 5364 tatibus
2325 5311 2544 5362 omnino
2573 5309 2936 5379 prtcscribitur
2956 5306 3006 5364 ἀ.

2109 5493 2386 5565 aliquando
2436 5494 2698 5562 episcopus
2739 5507 2844 5545 esse
2898 5493 3094 5563 possit;
3126 5498 3427 5559 expunctus
3474 5490 3601 5561 quia
3646 5489 3710 5545 ad

2111 5583 2221 5621 rem
2248 5582 2350 5618 non
2383 5566 2587 5619 attinet.

2186 5650 2206 5675 ε
2245 5637 2319 5690 Ex
2351 5637 2598 5690 omnibus
2626 5633 2933 5690 Codicibus.
2968 5634 3024 5688 In
3065 5636 3156 5703 A.,
3186 5636 3432 5705 episcopi.

2185 5706 2211 5745 ἀ
2240 5709 2303 5764 Τ.
2336 5706 2390 5771 2,
2423 5709 2624 5761 omnino
2654 5724 2756 5761 non
2776 5717 3070 5775 prmumat.
