3870 6338
232 310 346 371 953

234 427 323 485 IV.
345 425 420 485 Ut
444 434 472 464 ι
492 427 759 500 presbyter
776 422 1108 500 ebbenedicat
1128 429 1185 500 ‘et
1206 418 1472 485 conﬁrmet
1512 415 1623 488 [T.,
1645 414 1701 482 2,
1734 428 1855 468 san-
1878 414 1936 471 Α

739 494 947 564 ctiﬁcetl
986 492 1317 564 neophytum.

304 593 373 648 Et
405 592 549 647 inter
587 590 823 644 minutas
856 588 952 641 has
977 586 1349 641 discessiones
1381 584 1554 637 visum
1586 591 1669 636 est
1699 578 1849 634 omni

229 686 561 757 presbytero
588 697 683 751 per
723 678 979 741 familias,
1009 693 1103 746 per
1133 689 1313 743 agros,
1335 690 1431 744 per
1472 673 1710 744 privatas
1750 670 1851 724 do-

229 792 372 840 mos.
404 790 505 846 pro
549 772 819 829 desiderio
850 770 1087 825 ﬁdelium
1113 768 1419 822 facultatem
1455 764 1850 820 benedictionis

228 870 469 942 aperire,
487 869 629 939 quod
653 865 938 921 nonnullas
956 861 1070 933 jam
1096 859 1406 931 provincias
1429 858 1626 913 habere
1670 869 1851 911 occur-

228 964 321 1029 rit,
359 962 485 1017 huic
514 960 681 1016 etiam
709 957 764 1011 in
786 954 1139 1011 ecclesiarum
1192 951 1439 1020 plebibus
1472 965 1568 1018 per
1613 948 1730 1002 loca
1772 958 1853 1002 ta-

227 1071 357 1111 men
391 1052 568 1121 magis
594 1063 756 1120 quam
783 1062 877 1115 per
911 1047 1073 1101 urbes
1101 1044 1207 1099 hoc
1238 1043 1380 1099 idem
1409 1043 1582 1096 visum
1615 1050 1700 1095 est
1728 1053 1853 1093 esse

228 1144 578 1201 tribuendum
605 1159 617 1194 :
646 1142 698 1195 in
726 1137 957 1195 ecclesia
993 1152 1213 1208 quoque
1244 1152 1350 1206 qua
1383 1136 1665 1189 ordinatus
1691 1132 1853 1189 fuerit

226 1234 596 1296 consecrandi
623 1232 909 1303 virginem.
941 1231 1082 1285 sicut
1114 1226 1471 1283 conﬁrmandi
1522 1224 1851 1295 neophytum

224 1329 319 1403 jus
341 1328 593 1394 habebit,
623 1336 678 1381 et
720 1340 817 1392 per
862 1324 1042 1380 omnia
1074 1332 1134 1377 ut
1178 1323 1225 1376 si
1271 1321 1459 1375 multm
1505 1318 1853 1389 indulgentia:

225 1422 628 1484 testimonium,
659 1433 876 1489 semper
911 1430 974 1472 se
1013 1416 1325 1471 inferiorem
1369 1413 1653 1480 episcopo,
1692 1424 1855 1477 snpe-

224 1514 437 1572 rioretn
473 1512 795 1582 presbytero
832 1519 978 1580 agat,
1032 1506 1303 1561 mandatis
1345 1504 1595 1573 votisque
1634 1511 1855 1558 sancto-

224 1622 350 1664 rum
385 1606 632 1661 omnium
661 1600 1113 1674 prosequentibus
1136 1599 1279 1652 vivat
1302 1599 1353 1651 in
1391 1597 1585 1651 timore
1609 1593 1848 1662 Domini,

224 1703 469 1771 quietem
494 1699 659 1764 colat,
694 1698 807 1751 Deo
849 1696 1073 1757 serviat,
1108 1692 1298 1763 synodi
1331 1690 1475 1744 circa
1529 1703 1587 1744 se
1619 1688 1854 1742 benevo-

1352 301 1633 364 ΕΔΜ.ιῶ
1672 296 2016 355 CONCILIA.
2059 293 2431 352 REGIENSE.

3461 288 3571 349 25‘

2248 404 2386 461 VIII.
2418 404 2487 460 Ut
2512 406 2584 459 bis
2611 407 2665 459 in
2680 422 2819 459 anno
2842 402 3119 459 concilium
3148 402 3265 473 ﬁat.

2029 498 2293 556 Sufﬁcere
2321 498 2496 553 visum
2520 507 2603 553 est
2626 498 2707 553 bis
2728 498 2779 552 in
2802 513 2945 552 anno
2968 512 3064 566 per
3083 497 3325 566 singulas
3346 497 3569 563 provin-

1956 594 2068 650 cias
2095 593 2474 663 episcoporum
2503 593 2791 648 concilium
2823 592 2961 658 ﬁeri,
2991 590 3162 646 semel
3190 590 3405 658 quidem
3448 598 3573 663 post

1958 691 2172 747 tertiam
2237 689 2629 745 hebdomadam
2698 687 2965 760 paschalis
3002 688 3331 753 festivitatis,
3379 686 3453 741 ita
3516 692 3574 741 ut

1957 784 2012 839 in
2044 794 2232 853 quarta
2256 799 2471 854 quaque
2503 782 2838 840 hebdomade
2863 798 2982 853 quae
3008 782 3379 851 consequitur,
3412 778 3467 833 id
3488 785 3576 835 est

1956 878 2135 932 media
2163 877 2484 933 Pentecoste
2514 877 2806 932 concilium
2836 876 3199 946 compleatur.
3234 873 3576 930 Admoneant

1957 982 2138 1028 autem
2161 972 2648 1041 comprovinciales
2668 972 2907 1041 episcOpi
2932 971 2967 1025 ii
2988 971 3077 1040 qui
3096 968 3571 1039 peramplioribus,

1958 1068 2011 1124 id
2042 1068 2193 1123 estin
2218 1063 2649 1135 metropolitanis
2679 1064 2990 1119 civitatibus
3011 1064 3233 1133 degunt.
3263 1060 3571 1117 Secundum

1961 1174 2089 1216 vero
2114 1159 2401 1216 concilium
2432 1158 2613 1214 Idibus
2644 1157 2970 1214 Octobribus
3000 1171 3096 1223 pro
3127 1154 3415 1210 vindemias
3444 1162 3573 1208 temt

1960 1257 2178 1327 poribus
2206 1255 2499 1310 habeatur:
2532 1254 2621 1324 qui
2652 1253 2773 1309 dies
2801 1253 2941 1321 apud
2970 1252 3193 1308 Graecos
3236 1249 3575 1321 Hyperbere-

1961 1350 2047 1406 tati
2088 1348 2294 1404 mensis
2323 1348 2565 1403 decimus
2589 1347 2883 1403 invenitur.
2920 1344 2976 1400 In
3018 1346 3147 1413 ipsis
3179 1354 3362 1398 autem
3392 1342 3573 1397 conci-

1960 1444 2048 1500 liis
2073 1452 2129 1499 et
2159 1441 2507 1512 presbyteros
2535 1451 2589 1496 et
2630 1440 2889 1494 diacones
2922 1449 2978 1493 et
3002 1437 3217 1509 judices
3247 1436 3361 1491 sive
3401 1433 3581 1490 curia-

1958 1537 2039 1595 les
2084 1552 2148 1591 ac
2200 1538 2437 1604 privatos
2483 1544 2785 1605 praesentes
2830 1547 2951 1587 esse
2988 1540 3231 1598 oportet:
3276 1537 3331 1583 et
3386 1540 3577 1582 omnes

1958 1637 2224 1700 quotquot
2252 1642 2314 1682 se
2338 1628 2500 1683 lusos
2519 1625 2835 1681 exlStimant
2854 1635 3048 1678 causas
3072 1626 3327 1676 enarrent
3340 1626 3395 1673 et
3415 1630 3580 1688 syno—

1958 1723 2135 1779 dicam
2174 1730 2497 1792 exspectent
2530 1720 2880 1775 sententiam.
2933 1714 3042 1771 Nec
3094 1715 3254 1768 liceat
3310 1710 3578 1781 aliquibus

224 1790 414 1849 lentia
443 1789 645 1882 Enim
685 1796 831 1859 93a"
856 1800 1181 1882 “"‘l‘e'qu"
1212 1783 1494 1855 indignum
1527 1794 1587 1835 ⁵⁸
1627 1778 1849 1832 indums
1881 1790 1930 1849 Β
1958 1814 2098 1882 apud
2128 1778 2451 1879 semetipsos
2504 1808 2737 1864 concilia
2802 1805 3353 1873 metropolitanorum
3400 1778 3577 1872 queat

223 1893 277 1938 et
310 1883 524 1952 negatis
544 1880 808 1950 imparem
833 1894 956 1934 esse
979 1879 1230 1933 fateatur.

226 1976 296 2034 γ.
330 1975 725 2047 υιδιρὶκοριο
744 1975 830 2043 qui
846 1972 1108 2047 sepelierit
1139 1971 1441 2047 episcopum
1462 1982 1642 2022 curam
1663 1965 1849 2020 habeat

814 2043 1043 2097 ecclesiae
1090 2042 1270 2112 ipsius.

303 2141 363 2195 in
393 2154 691 2195 commune
722 2146 903 2192 autem
935 2148 1127 2189 omnes
1154 2132 1247 2202 qui
1276 2138 1646 2188 convenerant
1672 2142 1852 2185 sacer-

222 2234 390 2288 dotes
420 2229 781 2299 sibimetipsis
812 2236 1003 2283 contra
1029 2225 1341 2297 bujusmodi
1371 2221 1623 2279 scandala
1650 2236 1853 2291 praeca-

226 2326 467 2381 vendum
499 2331 854 2378 censuerunt.
890 2322 1075 2389 Itaque
1104 2327 1325 2389 propter
1350 2316 1657 2388 hujusmodi
1685 2324 1853 2369 teme-

225 2420 421 2477 ritates
463 2415 559 2471 tali
594 2413 911 2470 deﬁnitione
955 2413 1261 2468 consultum
1311 2419 1415 2475 est,
1451 2419 1509 2463 ut
1548 2408 1616 2462 de
1657 2415 1854 2461 caetero

224 2511 625 2567 observaretur
650 2522 716 2562 ne
744 2506 865 2577 quis
896 2506 961 2559 ad
992 2520 1113 2559 eam
1159 2502 1469 2569 ecclesiam,
1495 2516 1615 2569 qua:
1643 2500 1857 2569 episco-

225 2617 361 2675 pum
394 2600 861 2673 perdidissetmisi
889 2595 1083 2653 vicina:
1105 2595 1350 2652 ecclesia:
1381 2594 1667 2665 episcopus
1696 2605 1854 2646 exse-

226 2698 482 2769 quiarum
514 2704 763 2765 tempore
786 2691 1093 2753 accederet,
1128 2692 1218 2760 qui
1251 2700 1432 2743 tamen
1467 2687 1651 2741 statim
1674 2685 1855 2740 eccle-

226 2790 327 2846 sia:
360 2790 529 2860 ipsius
558 2802 746 2843 curam
772 2785 1180 2842 districtissime
1217 2791 1451 2855 gereret,
1476 2797 1544 2836 ne
1564 2779 1690 2851 quid
1732 2788 1858 2835 ante

227 2889 638 2945 ordinationem
677 2884 1112 2942 discordantium
1158 2885 1209 2937 in
1260 2878 1590 2934 novitatibus
1633 2876 1858 2931 clerico-

226 2993 356 3036 rum
375 2978 717 3034 subversioni
744 2976 910 3049 216
931 2976 1155 3029 liceret:
1190 2973 1372 3042 itaque
1396 2984 1517 3025 cum
1537 2970 1641 3023 tale
1654 2966 1856 3036 aliquid

228 3071 457 3139 accidit,
486 3068 682 3125 vicinis
711 3069 1013 3122 vicinarum
1061 3064 1416 3120 ecclesiarum
1455 3061 1741 3131 inSpectio,
1765 3058 1860 3115 de-

229 3162 464 3229 scriptio
491 3160 849 3227 recensioque
879 3156 1188 3213 mandatur.

307 3253 405 3309 VI.
441 3252 510 3308 Ut
536 3266 557 3293 ε
586 3253 776 3323 absque
818 3250 1215 3319 metropolitano
1240 3246 1419 3303 nullus
1444 3244 1714 3300 ordinetur
1748 3242 1857 3313 epi-

924 3336 1135 3391 scapus.

307 3418 443 3473 Haec
488 3426 676 3472 autem
705 3415 884 3471 omnia
913 3415 1295 3483 exsequiarum
1322 3420 1569 3480 tempore
1592 3422 1761 3477 usque
1790 3406 1857 3461 ad

228 3511 527 3579 septimam
550 3506 787 3563 defuncti
811 3507 957 3562 diem
988 3515 1135 3577 aget,
1161 3504 1376 3559 eximiae
1425 3500 1679 3557 ecclesite
1722 3496 1857 3553 refe-

229 3618 364 3659 rens
396 3602 709 3656 mandatum
740 3598 1143 3668 metropolitani
1169 3614 1182 3650 :
1236 3595 1399 3651 simul
1430 3608 1554 3649 cum
1603 3590 1858 3645 omnibus

227 3696 448 3751 sanctis
478 3694 623 3769 [/E.,
658 3694 847 3766 sociis]
876 3694 1144 3763 episcopis
1182 3691 1530 3761 sepeliretur.
1563 3686 1672 3742 Nec
1713 3686 1859 3754 quis-

228 3812 410 3867 quam
440 3796 505 3850 ad
546 3795 833 3852 ecclesiam
863 3806 986 3863 quae
1013 3802 1282 3843 summum
1315 3786 1574 3841 amiserat
1604 3780 1859 3838 sacerdoa

230 3898 373 3953 tem.
414 3890 509 3944 nisi
536 3885 935 3954 metrOpolitani
980 3881 1175 3939 litteris
1217 3879 1491 3943 invitatus,
1527 3892 1591 3930 ne
1622 3890 1649 3928 a
1700 3872 1859 3943 plebe

231 3981 568 4049 decipiatur,
598 3979 820 4035 accedat
848 3985 905 4034 et
928 3977 1035 4029 vim
1067 3976 1175 4044 pati
1205 3972 1448 4026 voluisse
1480 3970 1747 4024 videatur.

232 4072 353 4131 VII.
395 4070 474 4127 De
502 4072 528 4109 τι
555 4072 631 4125 his
670 4072 760 4141 qui
791 4069 1120 4141 ecclesiarum
1150 4066 1435 4141 uelearurn
1459 4062 1756 4141 cultoribus.
1802 4062 1857 4116 id

515 4152 588 4197 est
606 4136 982 4206 sacerdotibus,
1018 4138 1248 4194 seditiosi
1273 4136 1579 4191 exstiterint.

306 4235 641 4290 Perventum
702 4244 787 4287 est
831 4232 954 4287 huic
990 4242 1193 4286 sancta:
1236 4227 1448 4301 synodo
1502 4226 1644 4296 quod
1694 4226 1857 4296 aliqui

230 4326 425 4399 ignoti
464 4324 824 4379 institutiones
862 4336 1129 4376 canonum
1177 4320 1314 4375 fastu
1345 4317 1617 4388 superbiae
1666 4316 1857 4372 editio-

229 4434 336 4476 nes
365 4427 396 4453 ε
434 4417 626 4486 antiqui
658 4416 832 4471 hostis
860 4414 1086 4470 consilio
1121 4413 1404 4468 emutilare
1448 4411 1717 4476 nituntur,
1765 4408 1859 4480 qui

1880 3157 1929 3220 C

1952 1920 2076 1962 esse
2106 1900 2395 1973 praesentia
2433 1900 2478 1967 ι,
2510 1910 2564 1957 et
2596 1901 2800 1970 absque
2866 1896 3403 1965 metropolitanorum
3465 1892 3581 1962 epi-

1954 2011 2243 2066 sc0porum
2258 1991 2592 2049 conscientia
2618 1991 2813 2055 facere,
2840 1987 3035 2059 quibus
3055 1987 3124 2041 de
3154 1986 3316 2059 217
3330 1983 3581 2040 omnibus

1955 2089 2133 2144 causis
2149 2085 2441 2141 veridicum
2465 2099 2527 2138 ac
2551 2083 2927 2139 ﬁdelissimum
2948 2088 3163 2135 constat
3180 2079 3440 2134 emissum
3456 2091 3581 2135 esse

1954 2178 2253 2235 sanctionis
2278 2174 2568 2245 judicium.

2029 2269 2143 2338 Ego
2196 2267 2427 2323 Hilarius
2474 2266 2759 2334 episcopus
2802 2262 2955 2332 juxta
3014 2261 3069 2315 id
3108 2256 3267 2331 quod
3308 2258 3579 2315 universis

1957 2360 2159 2417 sanctis
2211 2358 2484 2429 episcopis
2534 2356 2670 2411 meis
2717 2354 2806 2424 qui
2859 2366 3074 2408 mecum
3136 2351 3581 2423 subscripserunt

1960 2454 2201 2525 placuit,
2249 2460 2448 2507 statuta
2490 2449 2709 2505 Patrum
2759 2455 2976 2503 secutus
3022 2446 3107 2499 bis
3163 2441 3577 2498 deﬁnitionibus

1956 2548 2251 2617 subscripsi
2269 2548 2368 2601 sub
2381 2545 2471 2600 die
2489 2559 2579 2599 xnt
2599 2540 2869 2598 Kalendas
2890 2538 3202 2595 Decembris
3218 2546 3243 2586 κ
3265 2534 3579 2593 Theodosio

1958 2646 2204 2713 Augusto
2246 2641 2446 2711 septies
2465 2640 2646 2696 decies
2688 2646 2743 2693 et
2791 2636 2957 2692 Festo
2996 2634 3221 2691 consule
3263 2640 3492 2687 honesto
3520 2627 3573 2684 ³.

2033 2736 2144 2806 Ego
2170 2734 2493 2791 Severianus
2522 2733 2810 2802 episcopus
2860 2730 2988 2785 huic
3030 2727 3332 2784 deﬁnitioni
3358 2722 3580 2781 interfui

1960 2836 2017 2883 et
2036 2826 2328 2897 subscripsi
2349 2826 2437 2881 die
2466 2824 2780 2880 consulatus
2800 2838 2964 2892 supra
2994 2821 3181 2891 scripti
3219 2819 3263 2876 ί.

2034 2921 2146 2991 Ego
2182 2919 2485 2975 Audentius
2524 2920 2815 2989 episcopus
2855 2915 2940 2972 his
2984 2915 3199 2972 statutis
3227 2910 3448 2969 interfui
3487 2909 3579 2966 die

1961 3012 2274 3067 consulatus
2297 3025 2461 3079 supra
2489 3010 2701 3079 scripti.

2038 3104 2150 3173 Ego
2171 3101 2346 3158 Julius
2385 3100 2472 3174 [T.
2511 3102 2568 3165 2,
2602 3097 2872 3172 Julianus]
2926 3099 3214 3167 episcopus
3254 3095 3340 3151 his
3359 3093 3580 3150 statutis

1964 3197 2182 3254 interfui
2214 3204 2270 3252 et
2296 3195 2595 3265 subscripsi
2620 3193 2711 3250 die
2729 3192 3043 3249 consulatus
3069 3204 3231 3260 supra
3259 3188 3469 3258 scripti.

2035 3293 2151 3363 Ego
2176 3291 2438 3348 Arcadius
2467 3290 2751 3361 episcOpus
2790 3287 2875 3343 his
2911 3284 3319 3341 definitionibus
3358 3281 3580 3340 interfui

1962 3395 2017 3444 et
2045 3383 2339 3454 subscripsi
2367 3383 2455 3438 die
2474 3383 2786 3437 consulatus
2815 3393 2979 3449 supra
3008 3377 3212 3445 scripti.

2033 3476 2152 3548 Ego
2180 3474 2467 3545 Auspicius
2496 3475 2781 3541 episcopus
2814 3472 2899 3526 his
2921 3466 3329 3524 deﬁnitionibus
3355 3464 3573 3523 interfui

1961 3582 2016 3629 et
2042 3570 2337 3640 subscripsi
2359 3569 2447 3624 die
2474 3568 2785 3623 consulatus
2815 3580 2974 3635 supra
3004 3563 3210 3633 scripti.

2035 3662 2149 3732 Ego
2188 3662 2422 3717 Severus
2452 3658 2740 3729 episcopus
2788 3658 2871 3711 his
2906 3656 3307 3711 deﬁnitionibus
3358 3651 3580 3710 interfui

1962 3754 2129 3826 218
2153 3762 2207 3807 et
2232 3753 2528 3820 subscripsi
2552 3751 2640 3806 die
2669 3751 2983 3806 consulatus
3007 3764 3167 3817 supra
3191 3747 3398 3817 scripti.
3473 3759 3480 3767 ·

2032 3847 2149 3919 Ego
2182 3844 2495 3902 Valerianus
2528 3846 2814 3914 episcopus
2848 3843 2930 3898 his
2974 3840 3381 3897 definitionibus
3408 3841 3577 3896 inter-

1961 3939 2037 3995 fui
2063 3950 2119 3994 et
2147 3939 2443 4007 subscripsi
2473 3938 2561 3992 die
2589 3936 2904 3992 consulatus
2932 3950 3093 4004 supra
3126 3934 3332 4003 scripti.

2032 4033 2149 4105 Ego
2193 4032 2477 4089 Nectarius
2516 4031 2807 4101 cpiscopus
2838 4029 2923 4083 bis
2970 4026 3377 4084 definitionibus
3410 4027 3581 4083 inter-

1962 4127 2038 4184 fui
2068 4137 2123 4183 et
2150 4126 2445 4196 subscripsi
2478 4126 2565 4181 die
2597 4124 2914 4181 consulatus
2940 4138 3104 4193 supra
3133 4121 3339 4191 scripti.

2034 4222 2146 4291 Ego
2175 4221 2461 4291 Asclepius
2488 4219 2777 4288 episcopus
2806 4219 2889 4272 his
2916 4215 3322 4271 deﬁnitionibus
3354 4211 3578 4269 interfui

1961 4323 2015 4371 et
2036 4313 2331 4385 subscripsi
2356 4313 2443 4368 die
2473 4312 2787 4368 consulatus
2812 4325 2975 4379 supra
2996 4309 3210 4380 scripti.

2036 4410 2146 4481 Ego
2177 4408 2497 4464 Theodorus
2533 4406 2818 4476 episcopus
2852 4404 2938 4460 his
2960 4401 3372 4458 deﬁnitionibus
3403 4400 3578 4456 inter-

230 4527 346 4569 non
386 4510 617 4565 humiles
647 4509 743 4565 sed
774 4507 994 4578 superbi
1036 4506 1471 4575 seditionemque
1518 4504 1853 4560 ecclesiabus
1884 4529 1938 4589 ι)
1962 4501 2041 4557 fui
2066 4513 2121 4557 et
2147 4499 2441 4568 subscripsi
2466 4499 2555 4555 die
2577 4496 2892 4554 consulatus
2922 4508 3087 4563 supra
3115 4492 3321 4561 scripti.

230 4602 332 4659 Dei
366 4601 459 4657 vel
482 4602 597 4671 ejus
619 4601 986 4658 sacerdotibus
1011 4600 1341 4669 persistunt;
1370 4598 1731 4667 placuitomni
1762 4612 1852 4668 sy-

230 4695 397 4750 nodo
438 4692 534 4747 hos
562 4694 691 4748 tales
736 4692 805 4748 ab
834 4691 1072 4748 Ecclesia
1106 4690 1202 4746 Dei
1227 4700 1282 4745 et
1317 4704 1347 4742 a
1371 4700 1516 4745 cmtu
1560 4688 1856 4744 catholico-

230 4800 359 4841 rum
418 4787 703 4856 segregari,
734 4800 800 4841 ac
840 4783 1341 4840 excommunicatos
1382 4782 1576 4839 exsilio
1599 4781 1850 4853 relegari,

232 4890 291 4938 ut
319 4891 461 4953 post
483 4883 708 4937 correcti
740 4880 1105 4937 satisfactione
1137 4879 1467 4949 paenitentia:
1498 4878 1563 4933 ad
1611 4888 1853 4932 sanctam

231 4974 685 5031 communionem
716 4976 925 5045 possint
952 4972 1095 5029 idem
1126 4972 1368 5042 admitti,
1400 4971 1590 5027 nonad
1621 4972 1849 5026 clerum.

313 5139 341 5167 ι
369 5128 432 5184 In
474 5128 761 5185 Codieibus
798 5129 996 5197 duplex
1038 5128 1256 5186 titulus:
1299 5128 1389 5198 qui
1428 5128 1752 5197 exprimitur
1794 5137 1849 5183 et

2032 4594 2145 4664 Ego
2176 4591 2442 4647 Maximus
2467 4592 2756 4661 episcOpus
2791 4588 2876 4643 bis
2916 4584 3325 4641 deﬁnitionibus
3351 4581 3582 4640 interfui

1958 4694 2015 4743 et
2034 4684 2331 4756 subscripsi
2362 4684 2447 4738 die
2477 4682 2785 4747 consulatus
2814 4694 2977 4751 supra
2999 4678 3207 4748 scripti.

2034 4780 2149 4853 Ego
2186 4779 2502 4836 Vincentius
2546 4778 2832 4849 presbyter
2868 4774 3112 4845 episcopi
3150 4770 3576 4839 Constantiani,

1959 4876 2028 4933 ab
2054 4876 2244 4933 eodem
2272 4875 2583 4937 ordinatus,
2612 4870 2831 4928 interfui
2864 4873 2877 4920 l
2921 4880 2975 4925 et
2998 4867 3294 4938 subscripsi
3325 4867 3415 4923 die
3446 4881 3577 4922 con-

1960 4970 2167 5027 sulatus
2197 4962 2591 5041 supra'scripti.

2027 5135 2051 5164 ο
2069 5125 2231 5181 Forte
2250 5126 2488 5181 editions
2509 5125 2582 5179 ait
2602 5120 2851 5177 Baluzius
2877 5139 2889 5174 :
2914 5134 3015 5176 nos
3035 5128 3213 5175 autem
3232 5120 3333 5175 hoc
3349 5118 3575 5175 verbum

233 5204 387 5260 alter
403 5204 485 5257 sic
505 5216 564 5257 se
592 5201 833 5257 habens:
878 5196 959 5254 Ut
1000 5202 1281 5271 presbyteri
1318 5196 1565 5269 privatim
1612 5199 1849 5266 ﬁdelibus
1951 5212 2411 5271 supervacaneum
2443 5196 2844 5271 existimamus.

236 5274 656 5329 desiderantibus
710 5271 1042 5337 benedicant;
1087 5282 1390 5337 exounctus
1428 5287 1498 5325 ne
1548 5280 1848 5338 repetatur.

314 5346 346 5384 δ
372 5347 429 5399 In
452 5342 738 5398 Codicibns
761 5346 958 5409 duplex
997 5343 1213 5397 titulus:
1237 5343 1324 5413 qui
1350 5344 1668 5409 exprimitur
1694 5352 1749 5397 ct
1770 5342 1853 5396 al—

237 5428 329 5471 ter
354 5417 431 5471 sic
458 5430 523 5470 se
548 5415 775 5469 habens:
800 5413 878 5468 De
908 5415 1201 5468 ordinanda
1226 5414 1441 5469 ecclesia
1465 5415 1708 5483 defuncto
1737 5414 1850 5485 epi-

236 5504 438 5554 scopo;
470 5497 768 5553 expunctus
800 5501 868 5540 ne
900 5496 1194 5554 repetatur.
1782 5547 1796 5553 ,

318 5569 341 5596 ε
376 5558 432 5611 ln
463 5558 747 5611 (Iudicibus
771 5556 971 5627 duplex
1000 5559 1217 5613 titulus:
1251 5556 1341 5627 qui
1362 5556 1678 5625 exprimitur
1698 5566 1753 5612 et
1773 5555 1853 5611 al-

238 5640 325 5687 ter
355 5629 433 5682 sic
457 5644 517 5682 se
549 5630 781 5681 habens:
812 5626 896 5681 Ne
924 5630 1039 5697 quis
1077 5629 1144 5682 ad
1169 5626 1725 5684 ordinationemveniat
1753 5630 1854 5683 nisi

238 5700 629 5761 metropolitani
648 5700 829 5752 litteris
850 5701 1126 5767 invitatus;
1147 5714 1445 5770 expunctus
1471 5717 1537 5755 ne
1558 5711 1849 5768 repetatur.

315 5770 344 5809 ⁸
377 5775 470 5824 llic
501 5787 669 5845 canon
697 5779 752 5824 et
778 5787 1009 5845 sequens
1039 5790 1103 5829 ex
1128 5774 1191 5831 U.
1234 5785 1359 5831 sunt
1400 5773 1669 5845 desumpti
1696 5790 1710 5827 :
1754 5772 1853 5829 de-

240 5856 375 5899 nmt
403 5858 631 5912 nainque
658 5844 713 5897 in
738 5844 979 5913 reliquis.

2030 5262 2053 5309 ἲ
2085 5268 2387 5335 Corruptus
2418 5277 2567 5323 certe
2589 5266 2777 5322 locus:
2813 5262 3119 5320 redundare
3162 5264 3414 5318 videntur
3456 5262 3576 5319 haec

1953 5341 2121 5397 verba
2146 5358 2161 5395 :
2194 5342 2708 5409 metropolitanorum
2731 5347 3015 5409 queatiessc
3040 5338 3333 5409 praesentia.

2032 5422 2057 5461 Β
2088 5412 2148 5466 Β.
2182 5412 2272 5475 Β..
2303 5405 2367 5466 Τ.
2396 5412 2446 5477 1,
2476 5410 2534 5475 2,
2567 5411 2649 5464 die
2681 5405 2765 5463 ittv
2794 5408 3066 5463 Kalendas
3099 5405 3428 5461 Decembres.

1960 5556 1982 5607 Ι
2029 5481 2057 5521 ¹¹
2087 5484 2203 5567 Αἰπ,
2236 5484 2298 5538 Β.
2334 5482 2400 5537 Β.
2429 5525 2444 5550 ,
2478 5483 2543 5539 U.
2567 5526 2581 5552 ,
2618 5480 2773 5537 Festo
2802 5482 2913 5535 viro
2938 5477 3251 5545 clarissimo,
3276 5479 3575 5534 consulibus

1977 5568 2209 5610 tonesm.

2233 5627 2296 5681 Β.
2321 5627 2411 5693 Il.,
2437 5629 2519 5681 die
2551 5638 2595 5680 et
2628 5624 2922 5697 consulist
2950 5624 3321 5697 suprascriptis
3348 5622 3574 5692 :slcquc

1961 5699 2016 5756 in
2043 5693 2296 5784 omnibus
2327 5697 2837 5769 subscriptionibus.
2869 5693 2935 5749 Τ.
2972 5694 3027 5761 2,
3072 5696 3155 5749 die
3178 5695 3381 5749 concilii
3411 5710 3573 5755 supra

2038 5784 2209 5914 ἔρὲἐη
2233 5844 2295 5901 Β.
2320 5844 2414 5914 IL,
2444 5842 2510 5899 Ε.
2534 5844 2589 5911 ὅ,
2620 5841 2709 5911 1.1.,
2741 5838 2949 5911 interfui
2970 5845 3074 5895 vita
3095 5840 3277 5910 ipsius.
