3870 6366
357 394 463 451 ιδε

1080 373 1457 436 COLLECTIO
1494 366 1829 427 CANONUM
1869 366 1929 423 S.
1969 360 2240 421 lSIDORO
2278 358 2539 417 HISPAL.
2582 354 2936 415 ASCRIP’I'A.

1823 575 2148 651 XXVII

1171 725 1839 819 CONCILIUM
1903 713 2781 804 ARAUSICANUM

362 902 683 953 .BXDECIM
728 893 1165 943 EPISCOPORUM
1198 919 1213 945 ,
1262 886 1550 933 BABITUM
1603 882 1743 924 ΕΒΔ
1789 872 1957 919 CCCC]

2108 873 2173 928 Χ,
2220 871 2566 915 T880008"
2612 867 2879 913 MINOBIS
2914 866 3329 911 TEIIPORIBUI
3374 868 3495 911 SUB
3538 866 3653 910 D13

908 978 969 1019 VI
1008 973 1149 1017 IDUS
1196 964 1574 1013 NOVEMBRIS.
1623 959 1785 1004 (ΣΥΒο
1830 951 2133 1009 CONSULB,
2184 954 2247 996 IN
2292 951 2591 997 ECCLESIA
2635 948 3141 993 JUSTINIANENSI.

372 522 929 534 ______f,,

364 1110 404 1166 I.
441 1108 512 1162 De
542 1103 789 1161 htzreticis
817 1101 863 1154 si
908 1100 961 1152 in
1008 1096 1184 1150 mortis
1231 1089 1522 1145 diseriniine
1561 1088 1937 1139 convertantur.
1972 1075 2027 1134 Α

437 1217 722 1275 Haereticos
752 1213 805 1267 in
832 1209 1016 1265 mortis
1055 1202 1369 1261 discrimine
1400 1199 1599 1268 positos
1629 1196 1672 1251 si
1695 1191 1947 1249 catholici

365 1324 483 1367 esse
502 1306 826 1366 desiderant,
861 1303 907 1356 si
934 1300 1073 1355 desit
1092 1298 1394 1368 episcopus,
1428 1308 1457 1346 a
1485 1289 1803 1360 presbytero
1826 1298 1945 1341 cum

365 1404 652 1462 chrismate
686 1408 737 1455 et
763 1396 1135 1453 benedictione
1162 1387 1465 1457 consignari
1500 1385 1695 1454 placet.

402 1496 463 1552 Il.
501 1495 566 1551 Ut
604 1493 777 1547 nullus
819 1488 1047 1542 minister
1074 1486 1185 1539 sine
1222 1482 1490 1535 chrismate
1531 1474 1905 1544 proﬁciscatur.

435 1588 642 1644 Nullum
686 1581 1048 1638 ministrOrUm
1078 1621 1091 1643 ,
1132 1577 1220 1646 qui
1260 1569 1561 1641 baptizandi
1600 1565 1791 1633 recipit
1824 1561 1950 1617 offi-

365 1681 528 1747 cium,
560 1677 676 1731 sine
714 1674 1001 1728 chrismate
1032 1684 1255 1740 usquam
1282 1666 1478 1719 debere
1509 1657 1754 1730 progredi
1779 1696 1792 1720 ,
1827 1654 1951 1725 quia

367 1773 505 1829 later
547 1783 643 1823 nos
682 1766 879 1835 placuit
915 1762 1081 1817 semel
1123 1756 1428 1814 chrismari.
1464 1754 1539 1806 De
1562 1766 1627 1805 eo
1654 1760 1833 1803 autem
1862 1748 1951 1817 qui

367 1862 683 1931 baptismate
704 1868 1019 1926 quacunque
1047 1852 1209 1923 219
1234 1846 1554 1903 necessitate
1581 1844 1813 1898 faciente
1848 1855 1954 1894 non

366 1930 687 2010 chrismatus
716 1948 895 2011 fuerit,
923 1945 978 2000 in
999 1941 1407 1999 confirmatione
1436 1935 1689 1990 sacerdos
1709 1930 1955 1987 commo-

368 2049 579 2105 nelﬂtur
612 2062 624 2096 :
670 2058 791 2098 nam
838 2042 976 2093 inter
1017 2050 1149 2107 quos
1177 2030 1477 2088 chrismatis
1522 2028 1686 2098 ipsius
1717 2040 1822 2079 non
1854 2022 1955 2077 nisi

368 2156 471 2198 una
500 2137 797 2193 benedictio
815 2143 918 2199 est,
944 2147 1047 2187 non
1076 2125 1499 2198 utpraajudicans
1527 2118 1839 2189 quidquam,
1859 2114 1954 2171 sed

368 2239 426 2288 ut
452 2245 558 2286 non
590 2225 892 2283 necessaria
924 2223 1180 2277 habeatur
1211 2216 1433 2287 repetita
1456 2207 1791 2271 chrismstlo.

504 2340 591 2396 Ill.
620 2339 694 2394 De
726 2336 1079 2408 panitentibus
1101 2335 1189 2399 qui
1219 2334 1284 2387 de
1312 2348 1521 2403 corpore
1546 2339 1729 2386 exeunt
1760 2327 1813 2382 δ.

2544 498 2657 501 γη
2728 498 2731 499 ,

2247 1073 2337 1129 IX.
2368 1074 2443 1130 De
2470 1075 2543 1129 his
2570 1075 2662 1145 qui
2684 1074 2813 1129 cives
2843 1072 3041 1128 alienos
3068 1074 3455 1130 ordinaverunt.

2122 1164 2179 1220 Si
2204 1166 2322 1235 quis
2348 1178 2525 1221 autem
2558 1165 2766 1220 alienos
2810 1165 2961 1220 cives
3009 1175 3101 1220 aut
3136 1165 3263 1220 alibi
3288 1165 3655 1225 consistentes

2049 1256 2410 1321 ordinaverit,
2442 1270 2509 1311 ne
2544 1255 2832 1310 inordinati
2873 1255 2926 1311 in
2958 1256 3068 1310 ullo
3097 1258 3263 1329 320
3298 1268 3655 1328 accusentur,

2049 1355 2143 1401 aut
2167 1348 2232 1401 ad
2273 1362 2333 1401 se
2377 1362 2470 1402 eos
2503 1356 2759 1403 revocent
2802 1356 2895 1403 aut
2924 1348 3150 1419 gratiam
3194 1350 3295 1419 ipsi
3335 1365 3527 1406 eorum
3556 1350 3658 1407 im-

2054 1446 2264 1505 petrent
2293 1453 2413 1493 cum
2446 1437 2636 1509 quibus
2663 1439 2924 1494 habitent.

2054 1529 2121 1585 Χ.
2158 1530 2235 1585 De
2260 1532 2512 1601 episcopis
2532 1534 2619 1603 qui
2640 1549 2743 1585 non
2769 1533 2821 1585 in
2844 1534 3159 1602 possessione
3181 1549 3275 1589 sua
3296 1535 3387 1589 sed
3408 1536 3467 1590 in
3480 1537 3660 1593 aliena

2379 1603 2581 1655 dimcesi
2614 1604 2874 1656 basilicam
2906 1615 3327 1661 construxerunt.

2125 1695 2183 1750 Si
2223 1697 2343 1764 quis
2384 1696 2759 1765 episcoporum
2809 1696 2862 1749 in
2894 1697 3083 1751 aliena)
3115 1697 3350 1753 civitatis
3379 1698 3661 1756 territorio

2054 1789 2337 1844 ecclesiam
2387 1788 2654 1842 :edilicare
2686 1789 2945 1857 disponit,
2995 1790 3077 1844 vel
3109 1804 3203 1858 pro
3247 1789 3397 1844 fundi
3444 1791 3531 1845 sui
3568 1799 3665 1848 aut

2056 1881 2406 1935 ecclesiastici
2431 1881 2512 1934 vel
2546 1897 2639 1950 pro
2663 1896 2977 1950 quacunque
3004 1896 3222 1934 suorum
3252 1882 3664 1949 opportunitate

2058 1975 2318 2044 permissa
2350 1975 2565 2031 licentia
2590 1974 2921 2040 aedificandi,
2963 1975 3086 2044 quia
3117 1975 3391 2044 prohiberi
3417 1975 3521 2031 hoc
3561 1991 3661 2031 vo-

2057 2075 2167 2121 tum
2198 2068 2348 2122 nefas
2376 2077 2478 2133 est,
2509 2082 2612 2121 non
2648 2077 2937 2137 prmsumat
2957 2067 3356 2122 dedicationem
3386 2108 3401 2135 ,
3429 2083 3550 2137 quae
3583 2068 3658 2124 illi

2059 2144 2413 2213 omnismodis
2456 2169 2762 2213 reservatur
2804 2157 2857 2213 in
2905 2159 3058 2227 cujus
3109 2158 3380 2213 territorio
3429 2160 3663 2215 ecclesia

2060 2254 2326 2323 assurgit,
2372 2263 2642 2309 reservata
2679 2251 2995 2307 zedilicatori
3032 2251 3288 2322 episcopo
3336 2251 3440 2306 hac
3466 2254 3666 2323 gratia,

2063 2354 2121 2399 ut
2150 2359 2281 2414 quos
2309 2345 2576 2399 desiderat
2607 2344 2832 2399 clericos
2853 2345 2904 2397 in
2934 2357 2991 2398 re
3020 2357 3114 2398 sua
3138 2344 3323 2398 videre
3346 2346 3496 2413 ipsos
3527 2343 3668 2400 ordi-

440 2435 540 2503 Qui
573 2432 827 2488 recedunt
870 2430 937 2485 de
971 2440 1195 2497 corpore
1226 2427 1534 2494 poenitentia
1568 2431 1814 2491 accepta,
1845 2419 1956 2489 pla-

2106 2446 2157 2490 et
2190 2436 2235 2489 is
2265 2435 2419 2505 cujus
2466 2435 2795 2491 territorium
2826 2445 2929 2503 est,
2959 2434 3043 2490 vel
3068 2434 3115 2489 si
3138 2434 3372 2491 ordinati
3395 2435 3509 2505 jam
3539 2444 3673 2492 sunt

370 2529 482 2586 cuit
509 2530 624 2583 sine
645 2522 1070 2583 reconciliatoria
1107 2536 1295 2574 manus
1326 2517 1670 2587 impositione
1697 2516 1777 2570 eis
1805 2527 1957 2568 com-

372 2619 651 2686 municari,
682 2616 825 2687 quod
858 2614 1136 2669 morientis
1160 2609 1355 2666 sufficit
1379 2606 1733 2663 consolationi
1764 2618 1964 2660 secun-

373 2712 499 2766 dum
522 2708 861 2765 definitiones
899 2705 1136 2771 Patrum,
1177 2701 1263 2771 qui
1296 2699 1599 2769 huiusmodi
1626 2695 1965 2752 communio-

375 2822 497 2865 nem
526 2814 877 2874 congruenter
908 2801 1156 2856 viaticum
1188 2800 1561 2863 nominarunt,
1603 2805 1659 2849 ut
1698 2796 1741 2849 si
1768 2807 1961 2863 super-

374 2901 606 2957 vixerint
634 2907 776 2954 stent
808 2898 860 2951 in
883 2896 1071 2951 ordine
1102 2894 1493 2962 plenitentium,
1518 2901 1576 2945 ut
1598 2886 1837 2945 ostensis
1865 2900 1961 2942 ne-

377 2994 625 3052 cessariis
655 2991 981 3063 ptenitentia:
1010 2990 1269 3044 fructibus
1310 2987 1598 3055 legitimam
1630 2981 1965 3037 communio-

377 3103 497 3145 nem
545 3100 664 3141 cum
719 3081 1147 3140 reconciliatoria
1195 3093 1383 3133 manus
1434 3074 1775 3145 impositione
1817 3072 1960 3127 acci-

381 3186 524 3250 piam
605 3264 693 3320 IV.
728 3265 807 3320 De
830 3264 1025 3319 clericis
1053 3262 1397 3334 penitentiam
1424 3259 1726 3315 volentibus.

379 3454 412 3511 ὁ
450 3380 823 3438 Pcenitentiam
876 3376 1305 3434 desiderantibus
1353 3372 1563 3430 clericis
1608 3387 1713 3427 non
1762 3384 1967 3442 negan-

417 3468 523 3509 am.

417 3468 523 3509 am.

416 3567 481 3625 ⁸1.
510 3566 590 3621 De
616 3564 695 3620 his
723 3565 811 3635 qui
830 3563 897 3617 ad
923 3562 1188 3617 ecclesiam
1216 3558 1517 3630 confugiunt
1548 3573 1609 3612 ne
1638 3556 1929 3609 tradantur.

452 3683 562 3741 Eos
589 3682 679 3753 qui
720 3681 788 3736 ad
821 3680 1103 3736 ecclesiam
1146 3676 1481 3746 confugerint
1509 3672 1645 3727 tradi
1677 3686 1782 3727 non
1809 3686 1972 3739 opor-

2066 2530 2213 2600 ipsos
2244 2529 2444 2584 habere
2466 2530 2794 2597 acquiescat.
2830 2537 2887 2583 et
2914 2528 3087 2582 omnis
3114 2526 3551 2598 ecclesiaeipsius
3577 2544 3675 2601 gu-

2065 2622 2308 2678 bernatio
2339 2622 2405 2676 ad
2428 2637 2549 2676 eum
2600 2621 2653 2675 in
2703 2621 2855 2691 cujus
2880 2622 3115 2676 civitatis
3139 2622 3414 2677 territorio
3438 2622 3675 2677 ecclesia

2064 2714 2297 2769 surrexit
2317 2712 2620 2781 pertinebit.
2640 2711 2792 2778 Quod
2813 2712 2857 2765 si
2886 2710 3046 2767 etiam
3070 2710 3408 2766 saecularium
3437 2713 3672 2781 quicun-

2063 2822 2167 2880 que
2187 2807 2467 2864 ecclesiam
2491 2805 2868 2869 aedilicaverit,
2893 2815 2948 2859 et
2970 2804 3133 2858 alium
3164 2806 3333 2875 magis
3355 2820 3515 2875 quam
3539 2820 3673 2863 eum

2065 2900 2117 2955 in
2170 2899 2325 2969 cujus
2375 2900 2645 2955 territorio
2694 2897 2926 2952 :edillcat
2973 2896 3310 2952 invitandum
3356 2899 3675 2965 putaverit,

2065 3002 2174 3048 tam
2222 2994 2337 3061 ipse
2376 2990 2463 3045 cui
2502 2999 2689 3045 contra
2735 2988 3171 3043 constitutionem
3218 3003 3282 3044 ac
3324 2986 3673 3059 disciplinam

2065 3083 2368 3155 gratificare
2407 3082 2523 3136 vult
2567 3095 2722 3150 quam
2752 3093 2941 3135 omnes
2980 3080 3221 3151 episcopi
3252 3080 3343 3150 qui
3366 3080 3433 3135 ad
3477 3080 3673 3151 hujus-

2067 3178 2212 3233 modi
2263 3175 2654 3230 dedicationem
2702 3174 2995 3228 invitantur
3027 3189 3057 3227 a
3116 3181 3385 3229 conventu
3429 3171 3671 3229 abstine-

2069 3269 2220 3324 bunt.
2255 3268 2310 3324 Si
2333 3268 2452 3337 quis
2478 3265 2791 3329 excesserit,
2835 3265 2889 3319 in
2917 3273 3125 3320 reatum
3163 3264 3521 3321 devocabitur
3562 3282 3581 3319 :
3628 3267 3680 3323 si

2065 3364 2187 3435 quis
2211 3361 2528 3426 excesserit,
2557 3356 2802 3413 ordinem
2827 3364 3199 3426 recognoscat.

2177 3454 2268 3511 XI.
2303 3454 2377 3507 Dc
2404 3453 2651 3523 episcOpis
2671 3452 2760 3522 qui
2790 3450 3288 3533 encommunicatum
3315 3448 3539 3503 alterius

2714 3530 3019 3591 suscipiunt.

2141 3619 2349 3674 Placuit
2376 3619 2429 3672 in
2462 3626 2669 3673 reatum
2710 3618 2896 3670 venire
2925 3616 3261 3683 episcOpum,
3301 3613 3395 3683 qui
3422 3610 3682 3670 admoni-

2073 3719 2159 3766 tus
2183 3712 2250 3766 de
2281 3708 2839 3765 excommunicatione
2860 3707 3247 3775 cujuscunque,
3283 3706 3401 3760 sine
3430 3707 3685 3763 reconci-

385 3790 521 3851 terc,
557 3779 650 3835 sed
688 3777 792 3835 loci
831 3776 999 3830 sancti
1040 3771 1341 3830 reverentia
1370 3780 1425 3827 et
1452 3768 1837 3824 intercessione
1869 3768 1963 3821 de-
1997 3794 2043 3857 Ο
2080 3805 2296 3859 “alio”
2336 3803 2451 3871 eius
2494 3801 2586 3872 qui
2624 3768 3157 3864 excommuﬁicun;
3184 3768 3685 3855 ei'communicam

381 3875 601 4021 ωηάξι.
627 3962 702 4017 De
728 3960 996 4031 mancipiis
1022 3956 1427 4029 confugientibus
1463 3954 1530 4009 ad
1552 3954 1836 4008 ecclesiam.

452 4055 507 4110 Si
537 4054 659 4124 quis
697 4061 873 4107 autem
906 4049 1170 4118 mancipia
1203 4049 1519 4103 clericorum
1552 4060 1648 4115 pro
1679 4046 1791 4101 suis
1821 4059 1975 4100 man-

386 4150 546 4222 cipiis
581 4151 647 4203 ad
688 4145 967 4202 ecclesiam
1011 4143 1440 4211 confugientibus
1483 4140 1775 4196 crediderit
1811 4154 1974 4195 occu-

386 4243 581 4316 panda,
610 4256 703 4311 per
725 4254 915 4295 omnes
934 4238 1191 4294 ecclesias
1220 4236 1609 4292 districtissima
1632 4235 1977 4291 damnatione

386 4337 631 4395 feriatur.

478 4428 588 4484 VII.
620 4424 696 4481 De
716 4424 908 4479 libertis
937 4423 1023 4495 qui
1045 4423 1281 4505 ecclesiwq
1298 4420 1641 4475 commendati
1670 4427 1789 4474 sunt
1818 4434 1883 4473 ne

995 4503 1367 4562 opprimantur.

462 4588 521 4645 In
551 4587 774 4643 ecclesia
808 4584 1164 4640 manumissos
1206 4585 1287 4637 vel
1336 4597 1430 4653 per
1470 4591 1845 4636 testamentum
1889 4596 1979 4637 ec-

396 4682 576 4739 clesiae
619 4678 1017 4735 commendatos
1046 4676 1091 4730 si
1128 4675 1245 4745 quis
1270 4676 1323 4730 in
1347 4675 1659 4729 servitutem
1700 4674 1783 4726 vel
1825 4673 1981 4726 obse-

398 4777 579 4847 quium
636 4774 720 4826 vel
765 4772 829 4825 ad
883 4769 1206 4824 colonariam
1256 4767 1615 4822 conditionem
1672 4766 1983 4834 imprimere

402 4867 724 4931 tentaverit,
775 4861 1241 4917 animadversione
1289 4860 1653 4916 ecclesiastica
1708 4858 1983 4913 coercebi-

403 4971 505 5015 tur.

562 5050 688 5105 VIII.
731 5049 807 5102 De
837 5048 913 5101 his
948 5048 1031 5117 qui
1052 5046 1291 5100 clericum
1317 5046 1539 5100 alienum
1570 5044 1808 5099 ordinare

1024 5127 1359 5185 prmumunt.

476 5235 530 5290 Si
550 5232 766 5301 quilibet
791 5232 1171 5287 consistentem
1199 5229 1323 5283 alibi
1348 5232 1599 5285 clericum
1620 5229 1981 5285 ordinandum

405 5328 684 5401 putaverit,
720 5329 861 5396 prius
889 5324 1106 5379 deliniat
1130 5330 1187 5376 ut
1208 5338 1325 5377 cum
1357 5323 1470 5391 ipso
1503 5323 1727 5389 habitet,
1758 5324 1833 5377 sic
1854 5338 1986 5392 quo-

402 5439 504 5489 que
543 5435 645 5472 non
696 5420 812 5473 sine
853 5416 1250 5473 consultatione
1288 5417 1403 5483 ejus
1445 5416 1681 5483 episcopi
1731 5431 1846 5469 cum
1881 5429 1987 5483 quo

405 5524 525 5566 ante
550 5510 847 5574 habitavit;
888 5524 987 5563 nec
1017 5523 1139 5562 eum
1172 5508 1261 5578 qui
1291 5508 1515 5561 fortasse
1543 5522 1647 5560 non
1673 5507 1791 5561 sine
1820 5520 1982 5560 causa

404 5604 491 5659 diu
522 5606 587 5657 ab
613 5604 720 5657 alio
752 5618 858 5656 non
879 5600 1157 5657 ordinatus
1184 5609 1265 5654 est
1293 5600 1546 5655 ordinare
1575 5609 1884 5668 prazsumat.

481 5768 506 5795 ⁸
538 5759 595 5835 Β,
629 5760 715 5825 R.,
744 5759 808 5816 Τ.
835 5760 892 5828 1,
912 5758 969 5827 2,
1000 5757 1322 5815 Arausicum.
1351 5758 1407 5815 ln
1429 5757 1650 5827 reliquis
1675 5754 1988 5813 Codicibus.

406 5834 727 5889 Aurasicum.

2032 3898 2037 3902 ’
2073 3896 2502 3969 praesumpserit,
2534 3911 2592 3949 ut
2622 3903 2825 3962 integra
2855 3892 3033 3946 omnia
3059 3930 3075 3956 ,
3116 3891 3162 3944 si
3187 3887 3565 3945 reconciliatio
3597 3890 3686 3947 in-

2079 3988 2408 4054 tercesserit,
2451 3988 2519 4042 de
2550 3985 2755 4055 justitia
2793 3984 2875 4039 vel
2907 3982 3188 4053 iniquitate
3235 3982 3687 4039 excommunica-

2080 4081 2238 4138 tionis
2262 4080 2519 4151 proxima:
2542 4076 2748 4149 synodo
2777 4083 3140 4130 reserventur.

2081 4199 2198 4255 XII.
2232 4195 2309 4249 De
2335 4193 2412 4247 his
2434 4193 2518 4261 qui
2540 4191 2705 4244 subito
2739 4190 3118 4254 obmutescunt,
3144 4189 3279 4261 quod
3301 4195 3348 4243 et
3370 4187 3693 4258 baptismum

2408 4260 2457 4318 et
2488 4262 2836 4333 paenitentiam
2861 4261 3089 4330 accipere
3119 4260 3335 4327 possint.

2151 4382 2340 4438 Subito
2361 4380 2741 4435 obmutescens
2768 4420 2780 4442 ,
2808 4383 2965 4444 prout
2984 4385 3240 4429 statutum
3264 4386 3385 4440 est,
3414 4375 3689 4446 baptizari

2080 4487 2171 4532 aut
2216 4472 2586 4545 paenitentiam
2639 4469 2884 4539 accipere
2934 4477 3109 4537 potest
3149 4469 3192 4522 si
3246 4467 3544 4522 voluntatis
3597 4473 3693 4522 aut

2082 4567 2364 4641 praeterita:
2402 4562 2765 4619 testimonium
2812 4560 3039 4614 aliorum
3086 4561 3266 4613 verbis
3313 4559 3539 4625 habeat,
3596 4568 3694 4616 aut

2086 4658 2365 4730 praesentis
2391 4656 2444 4711 in
2476 4668 2577 4709 suo
2594 4663 2747 4707 nutu.

2400 4770 2533 4827 XIII.
2570 4768 2647 4824 De
2676 4768 2753 4821 his
2783 4765 2869 4835 qui
2899 4774 3061 4818 mente
3082 4762 3361 4832 desipiunt.

2159 4890 2473 4949 Amentibus
2501 4899 2835 4957 quecunque
2867 4880 3080 4952 pietatis
3107 4886 3231 4931 sunt
3256 4876 3622 4934 conferenda.

2388 5003 2525 5060 XIV.
2559 5001 2636 5054 De
2665 4995 3015 5069 energumenis
3048 4991 3341 5063 baptizatis.

2006 5153 2063 5215 ι)
2160 5120 2521 5193 Energumeni
2550 5114 2819 5185 baptizati,
2848 5112 2894 5167 si
2932 5111 2999 5166 de
3023 5108 3340 5179 purgatione
3368 5118 3467 5159 sua
3494 5114 3699 5160 curant

2089 5227 2141 5273 et
2190 5230 2309 5270 Sese
2352 5208 2694 5268 sollicitudini
2740 5206 3058 5261 clericorum
3104 5199 3325 5253 tradunt
3365 5197 3705 5265 monitisque

2090 5310 2483 5377 obtemperant,
2515 5298 2867 5355 omnismodis
2896 5296 3052 5366 221
3084 5291 3492 5348 communicent
3519 5303 3702 5341 sacra-

2092 5404 2253 5458 menti
2284 5400 2451 5469 ipsius
2489 5394 2670 5449 virtuti
2712 5392 2795 5445 vel
2829 5386 3103 5442 muniendi
3136 5385 3203 5439 ab
3236 5386 3450 5438 incursa
3482 5382 3703 5433 daemo-

2090 5496 2167 5550 nii
2206 5492 2313 5566 [υ.
2337 5531 2352 5556 ,
2395 5487 2493 5553 0.,
2528 5479 2865 5551 dremonum]
2898 5496 3004 5550 quo
3035 5478 3350 5534 infestantur
3379 5516 3394 5541 ,
3438 5474 3531 5529 vel
3572 5487 3702 5543 pur-

2096 5588 2254 5661 gandi
2285 5598 2512 5655 quorum
2546 5581 2653 5650 jam
2684 5575 2983 5633 ostenditur
3012 5574 3121 5627 vita
3154 5571 3449 5642 purgatior.

2166 5745 2195 5785 ιι
2224 5743 2289 5798 Τ.
2317 5741 2372 5809 ‘2,
2399 5739 2479 5795 De
2521 5751 2629 5793 non
2647 5733 2988 5791 reconciliatis
3009 5726 3368 5802 paenitentibus
3387 5726 3476 5799 qui
3497 5729 3569 5781 de
3587 5740 3705 5783 σω-

2095 5832 2217 5886 pore
2239 5822 2441 5871 munt.
