3870 6336
200 345 290 406 9.31
1189 332 1466 392 GALLIAI
1506 322 1848 385 CONCILIA.
1889 351 1961 363 —
2000 321 2532 385 ARAUSICANUM.

3406 325 3516 384 258

202 456 311 514 XV.
356 455 475 513 υτ·
537 456 878 528 eaet-gummi
925 463 973 509 et
1023 453 1382 507 calce/tametsi
1435 451 1497 503 de
1548 445 1805 516 baptismo
1832 439 2055 504 Aultra
2106 441 2558 497 subdiaconatum
2600 440 2685 497 vel
2730 439 3136 499 ecclesiasticas
3176 442 3393 516 capiant
3439 446 3519 501 di-

818 528 1176 581 consuluntur.

268 620 661 690 Energumenis
712 627 771 675 et
813 616 1223 674 catechumenis
1286 615 1340 669 in
1391 620 1655 684 quantum
1722 607 1806 663 vel

207 715 499 773 necessitas
535 714 780 783 exegerit
824 714 908 766 vel
956 708 1335 783 opportunitas
1380 703 1707 778 permiserit,
1740 701 1809 757 de

206 809 523 880 baptismate
553 808 967 865 consulendum.

248 902 385 959 XVI.
435 904 503 958 Ut
530 904 857 976 energunteni
890 908 956 955 ad
978 902 1171 956 clerum
1198 915 1298 953 non
1327 898 1744 967 promoveantur.

209 1091 509 1148 assumendi
552 1089 622 1144 ad
669 1090 835 1144 ullum
876 1088 1123 1143 ordinem
1154 1086 1480 1147 clericatus,
1532 1079 1629 1135 sed
1670 1086 1727 1132 et
1767 1076 1813 1133 si

205 1184 313 1254 jam
360 1182 525 1253 aliqui
554 1181 790 1236 ordinati
832 1191 958 1236 sunt
1008 1179 1077 1233 ab
1108 1178 1363 1248 imposito
1404 1171 1588 1229 ofﬁcio
1637 1167 1813 1237 repel-

208 1276 370 1332 Iendi.

246 1371 403 1426 XVII.
440 1369 509 1425 Ut
546 1371 601 1424 in
627 1386 788 1424 unum
816 1369 1102 1438 prepositio
1127 1362 1438 1421 sacramenti
1464 1365 1811 1416 consecretur.

276 1467 411 1521 Cum
436 1462 463 1503 δ
498 1480 661 1533 capsa
702 1476 755 1520 et
796 1463 936 1519 calix
967 1459 1287 1517 anerendus
1326 1466 1410 1513 est
1435 1500 1450 1525 ,
1513 1451 1814 1525 et,admis-

214 1558 359 1614 tione
392 1558 737 1613 eucharistite
766 1554 1188 1612 consecrandus.

387 1650 579 1706 XVIII.
625 1649 693 1706 Ut
720 1651 987 1721 evangelia
1012 1642 1365 1701 catechumeni
1390 1642 1631 1697 audiant.

283 1741 577 1811 Evangelia
629 1738 890 1808 deinceps
965 1738 1168 1810 placuit
1239 1730 1645 1791 catechumenis
1714 1726 1819 1799 legi

213 1833 352 1903 apud
384 1845 608 1888 omnem
633 1832 1034 1901 provinciarum
1060 1836 1365 1884 nostrarum
1392 1824 1715 1880 Ecclesiam.

247 1926 389 1983 XlX-.
423 1927 493 1983 Ut
518 1925 874 1981 catechumeni
902 1923 969 1978 ad
997 1923 1355 1993 baptisterium
1378 1936 1481 1974 non
1511 1915 1778 1972 accedant.

284 2022 383 2078 Ad“
409 2021 798 2091 baptisterium
853 2015 1234 2074 catechumeni
1286 2025 1563 2082 nunquam
1618 2006 1819 2062 admit-

215 2115 380 2171 tendi.

217 2207 334 2265 XX.
380 2206 449 2263 Ut
480 2205 834 2262 catechumeni
861 2202 1251 2287 cumﬁdetibus
1282 2198 1690 2256 benedictionem
1717 2207 1823 2247 non

892 2284 1171 2326 accipiant.

892 2290 1171 2345 accipiant.

288 2370 367 2426 Ad
405 2370 653 2427 fidelium
702 2367 1142 2425 benedictionem
1185 2358 1567 2420 catechumeni
1604 2369 1625 2396 ο
1659 2358 1823 2413 etiam

218 2464 353 2522 inter
380 2465 717 2521 domesticas
758 2463 1035 2518 orationes
1060 2502 1075 2526 ,
1127 2459 1180 2513 in
1209 2464 1471 2528 quantum
1509 2450 1689 2510 caveri
1732 2464 1827 2520 po-

221 2569 357 2629 test,
405 2558 737 2631 segregandi
763 2554 1203 2625 informandique
1235 2560 1293 2608 ut
1330 2566 1391 2608 se
1420 2555 1715 2611 revocent,
1772 2551 1829 2599 et

219 2652 515 2725 signandos
543 2653 635 2708 vel
662 2650 1071 2708 benedicendos
1091 2646 1341 2704 semotim
1372 2644 1625 2700 offerant.

304 2743 448 2800 XXI.
495 2743 567 2799 Ut
600 2745 705 2796 duo
732 2742 960 2814 episcopi
982 2741 1283 2809 episcOpum
1312 2752 1415 2792 non
1446 2736 1643 2807 faciant
1670 2730 1697 2771 ἀ
1719 2773 1733 2788 .

291 2836 346 2892 In
387 2834 598 2891 nostris
624 2830 913 2905 provinciis
955 2831 1154 2903 placuit
1180 2831 1249 2886 de
1299 2825 1785 2901 pratsumptoribus
1810 2867 1826 2893 ,

223 2938 281 2983 ut
305 2927 479 2983 sicubi
507 2926 802 2996 contigerit
842 2924 980 2979 duos
1003 2923 1293 2993 episcopos
1326 2923 1643 2992 episcopum
1691 2919 1830 2974 invi-

222 3030 331 3077 tum
360 3024 546 3079 facere
566 3063 585 3090 ,
636 3020 949 3075 auctoribus
976 3018 1277 3084 damnatis,
1333 3016 1494 3070 unius
1520 3030 1712 3070 eorum
1740 3028 1831 3069 ec-

221 3118 399 3175 clesiae
446 3120 571 3190 ipse
600 3117 691 3188 qui
723 3115 829 3171 vim
872 3127 1065 3186 passus
1111 3121 1197 3168 est
1238 3110 1601 3167 substituatur
1634 3128 1647 3163 :
1679 3109 1725 3164 si
1754 3120 1830 3163 ta-

1848 1830 1899 1891 B

1907 533 2160 603 gnitates.

2140 628 2331 683 XXVI.
2381 630 2454 683 De
2483 631 2791 685 diaconissis
2821 647 2925 685 non
2957 632 3289 688 ordinandis.

1985 719 2315 776 Diaconissze
2358 722 2713 779 omnismodis
2752 740 2863 779 non
2907 725 3225 780 ordinandas
3262 741 3276 780 :
3309 727 3354 781 si
3395 742 3517 798 quae

1908 808 2021 880 jam
2046 822 2195 877 sunt,
2226 812 2591 870 benedictioni
2621 830 2740 886 qua:
2763 817 2963 888 populo
2990 815 3321 888 impenditur
3344 820 3519 891 capita

1910 904 2258 960 submittant.

274 998 375 1065 Qui
409 999 585 1066 palam
626 996 917 1064 aliquando
946 994 1149 1061 arrepti
1191 1001 1317 1047 sunt
1346 1004 1452 1043 non
1496 986 1668 1041 solum
1704 997 1809 1037 non
1912 993 2076 1052 xv”.

2165 997 2244 1052 De
2290 1000 2494 1069 feminis
2540 1017 2655 1070 qua
2722 1004 3026 1057 viduitatem
3106 1002 3353 1072 professa:
3405 1011 3524 1058 sunt

2474 1088 2651 1126 coram
2680 1080 2943 1143 episcopo.

1995 1158 2281 1216 Viduitatis
2314 1164 2595 1218 servandae
2632 1166 3025 1233 prolessionem
3054 1182 3239 1223 coram
3268 1167 3525 1238 episcopo

1925 1253 1979 1308 in
2020 1257 2318 1310 secretario
2366 1257 2637 1322 habitam,
2692 1260 2941 1329 imposita
2982 1262 3051 1316 ab
3093 1263 3349 1333 episcopo
3380 1271 3529 1316 veste

1916 1344 2154 1415 viduali,
2208 1364 2316 1403 non
2355 1364 2478 1405 esse
2523 1351 2832 1407 violandam
2866 1370 2879 1407 :
2913 1353 3033 1423 ejus
3076 1370 3209 1411 vero
3255 1364 3529 1426 raptorem

1920 1439 2006 1495 vel
2039 1442 2211 1509 ipsam
2246 1442 2369 1497 talis
2409 1444 2766 1513 professionis
2798 1446 3155 1505 desertricem
3186 1450 3382 1505 merito
3410 1460 3534 1504 esse

1919 1534 2301 1591 damnandam.

1924 1624 2161 1683 XXVIII.
2202 1625 2281 1683 De
2306 1627 2387 1682 his
2422 1646 2509 1699 qut
2554 1633 2776 1701 professi
2823 1642 2944 1689 sunt
2990 1638 3279 1693 castitatem
3327 1638 3373 1693 si
3401 1652 3535 1707 prte-

2539 1707 2902 1761 varicaverint.

1998 1788 2056 1843 ln
2107 1798 2338 1861 utroque
2394 1807 2528 1848 sexu
2588 1795 2899 1853 desertores
2967 1798 3229 1870 professae
3276 1801 3538 1859 castitatis

1925 1884 2374 1952 praevaricatores
2406 1886 2639 1941 habendi
2669 1931 2684 1956 ,
2742 1898 2797 1943 et
2827 1890 2911 1945 his
2940 1894 3196 1949 omnibus
3238 1909 3336 1964 per
3368 1896 3537 1966 patui-

1925 1977 2147 2031 tentiani
2180 1977 2480 2048 legitimam
2513 1981 2931 2041 consulendum.

1924 2092 2087 2162 223
2128 2089 2323 2145 XXIX.
2389 2092 2459 2145 Ut
2501 2094 2677 2148 nullus
2728 2096 2997 2166 episcopus
3054 2098 3119 2152 de
3167 2100 3386 2154 concilio
3426 2100 3538 2156 sine

2034 2179 2285 2217 consensu
2314 2165 2546 2218 discedat
2577 2179 2667 2219 aut
2691 2165 2763 2219 ad
2784 2165 3064 2222 concilium
3091 2170 3169 2224 ire
3190 2181 3414 2226 excuset.

1999 2253 2128 2310 Haec
2171 2271 2290 2325 qua:
2322 2258 2711 2312 subscribimus
2755 2273 2879 2311 cum
2922 2275 3109 2314 eorum
3148 2277 3365 2332 quoque
3402 2276 3540 2317 con-

1928 2347 2111 2400 cordia
2160 2348 2251 2416 qui
2294 2362 2592 2404 consensus
2620 2350 2891 2405 dederunt
2938 2360 3055 2406 rata
3102 2352 3361 2422 deinceps
3403 2354 3543 2411 inter

1930 2452 2029 2491 nos
2060 2452 2124 2491 ac
2152 2450 2367 2492 nostros
2396 2439 2586 2494 haberi
2611 2443 2862 2497 volumus
2884 2454 2938 2499 et
2964 2444 3212 2499 habenda
3242 2445 3540 2514 sancimus,

1930 2545 2038 2584 non
2078 2529 2151 2584 ita
2204 2540 2597 2600 prtetereuntes
2638 2550 2733 2591 eos
2782 2538 2873 2606 qui
2931 2538 3142 2608 synodo
3186 2548 3280 2593 aut
3327 2554 3426 2610 per
3482 2554 3544 2597 se

1929 2637 2023 2679 aut
2052 2640 2149 2694 per
2177 2639 2477 2682 consensus
2499 2644 2651 2696 suus,
2687 2630 2769 2684 vel
2796 2631 2861 2685 ad
2892 2634 3068 2687 vicem
3098 2634 3179 2687 sui
3213 2649 3308 2705 per
3339 2634 3548 2707 legatos

1932 2717 2255 2774 destinando
2298 2720 2491 2775 adesse
2522 2722 2864 2789 detrectant;
2918 2732 2979 2779 ut
3007 2725 3110 2779 sibi
3142 2740 3309 2795 supra
3338 2742 3440 2782 nos
3468 2726 3548 2785 iIlI

1931 2812 2183 2884 placeant
2207 2814 2299 2883 qui
2333 2825 2547 2884 patrum
2577 2823 2776 2871 statuta
2800 2817 3127 2890 despiciunt,
3155 2821 3350 2889 quibus
3380 2821 3463 2876 bis
3487 2821 3544 2878 in

1934 2920 2078 2964 anno
2104 2947 2120 2973 ,
2179 2911 2325 2980 quod
2377 2909 2534 2965 nobis
2563 2926 2667 2982 pro
2694 2920 2998 2982 temporum
3031 2914 3290 2984 qualitate
3322 2915 3549 2971 difﬁcile

1932 3008 2051 3070 est,
2086 3014 2333 3059 sanctum
2366 3014 2450 3060 est
2480 3007 2799 3073 convenire;
2830 3009 3149 3077 adjicientes
3176 3012 3321 3081 quod
3350 3012 3545 3067 simili-

1932 3100 2035 3156 bus
2066 3100 2326 3171 deinceps
2356 3103 2567 3173 paginis
2600 3119 2696 3172 pro
2727 3104 3050 3162 salubritate
3083 3122 3145 3163 ac
3177 3108 3433 3165 remediis
3458 3123 3550 3165 ec-

223 3231 341 3273 men
374 3216 485 3270 γεω
516 3212 815 3284 τεεροηέει
838 3220 894 3267 ει
920 3208 1147 3266 anei-ius
1174 3207 1375 3278 deiecti
1409 3206 1530 3262 loco
1560 3204 1831 3260 nihuomi.
1857 3199 1909 3262 ο
1940 3194 2259 3249 slesiasticis
2288 3198 2653 3267 congregandi
2686 3199 2925 3266 adjicere
2956 3210 3210 3271 optamus
3233 3242 3249 3270 ,
3280 3210 3339 3257 ut
3370 3204 3551 3259 nullus

222 3326 323 3367 nus
352 3312 667 3375 ordinetur;
713 3308 760 3365 si
789 3306 1155 3364 voluntarium
1196 3306 1305 3362 duo
1334 3303 1603 3372 fecerint,
1638 3312 1691 3359 et
1719 3304 1837 3372 ipse

222 3402 591 3468 damnabitur,
647 3415 754 3471 quo
811 3400 1022 3456 cautius
1075 3413 1139 3455 ea
1186 3412 1308 3470 quae
1358 3404 1489 3453 sunt
1536 3396 1835 3466 antiquitus

226 3503 423 3549 statuta
451 3501 773 3550 serventur.

222 3611 587 3686 2321K“.
654 3609 723 3686 Ut
771 3610 946 3664 clerici
986 3609 1270 3686 conjugati
1313 3607 1417 3686 nisi
1462 3606 1837 3663 continentiam

562 3682 924 3753 proﬁteantur,
961 3679 1205 3735 diacones
1226 3696 1330 3734 non
1359 3679 1513 3749 ﬁant.

296 3775 401 3833 Sed
433 3774 491 3831 id
520 3783 789 3845 praeterea
815 3781 839 3810 ο
866 3781 924 3827 ut
947 3786 1057 3827 non
1084 3770 1342 3841 deinceps
1370 3770 1695 3825 ordinentur
1723 3769 1839 3824 dia-

224 3884 391 3927 conos
421 3866 727 3938 coniugati,
755 3863 775 3903 ι
802 3865 906 3921 nisi
936 3867 1029 3937 qui
1066 3864 1213 3934 prius
1236 3860 1608 3919 conversionis
1637 3874 1840 3933 propo-

224 3964 331 4017 sito
361 3958 602 4031 professi
632 3956 832 4015 fuerint
859 3958 1191 4014 castitatem.

224 4047 417 4106 XXiII.
458 4045 539 4103 De
560 4045 645 4101 Itis
669 4045 759 4116 qui
806 4054 919 4129 post
949 4055 1220 4129 acceptum
1254 4041 1556 4097 diaconium
1603 4040 1836 4096 inconti-

750 4127 928 4170 nentes
954 4123 1313 4170 inueniuntur.

299 4210 509 4282 Siquis
536 4216 719 4266 autem
768 4217 887 4279 post
914 4215 1191 4278 acceptam
1233 4205 1669 4261 benedictionem
1704 4203 1839 4259 levi-

228 4307 392 4361 ticam
420 4319 544 4360 cum
576 4314 749 4358 uxore
777 4314 877 4357 sua
907 4300 1251 4357 incontinens
1280 4298 1589 4366 invenitur,
1621 4297 1689 4353 ab
1716 4296 1839 4354 offi-

227 4399 315 4457 cio
343 4396 650 4469 abjiciatnr.

522 4512 717 4570 XXIV.
756 4510 836 4567 De
862 4512 1294 4569 incontinentibus
1322 4510 1523 4566 clericis
1542 4549 1558 4565 .

302 4628 382 4684 De
410 4628 497 4683 bis
544 4636 723 4682 autem
773 4626 867 4698 qui
906 4626 1054 4697 prius
1092 4625 1326 4681 ordinati
1354 4626 1457 4680 hoc
1488 4624 1665 4694 ipsum
1700 4624 1837 4678 inci-

226 4720 434 4779 derunt
463 4717 778 4773 Tauriuatis
808 4716 897 4792 [T.
923 4718 981 4782 2,
1012 4714 1341 4790 Tauritanae]
1374 4715 1569 4787 synodi
1598 4730 1838 4785 sequen-

227 4816 360 4871 dam
380 4829 506 4872 esse
532 4814 879 4883 sententiam,
903 4828 1009 4885 qua
1034 4813 1297 4885 jubentur
1320 4827 1432 4870 non
1455 4812 1683 4869 ulterius
1712 4827 1841 4883 pro-

230 4908 469 4968 moveri.

683 5002 850 5059 XXV.
894 5003 970 5059 De
996 5004 1119 5059 viris
1142 5005 1391 5072 probatis.

306 5098 388 5156 De
419 5097 630 5155 idoneis
650 5107 829 5152 autem
853 5104 909 5152 et
929 5096 1329 5167 probatioribus
1360 5095 1448 5168 [T.
1480 5095 1539 5162 2,
1572 5094 1838 5169 probatis]

230 5192 402 5257 viris,
460 5204 594 5259 quos
629 5189 905 5245 clericatui
939 5189 1148 5259 alligari
1184 5187 1298 5257 ipsa
1329 5188 1455 5244 vitae
1487 5190 1723 5258 gravitas
1752 5204 1843 5244 co-

230 5284 331 5357 git,
356 5291 384 5331 σ
405 5282 460 5340 si
485 5282 623 5339 forte
647 5281 954 5338 inciderunt
974 5281 1245 5352 duplicata
1266 5281 1629 5348 matrimonia,
1652 5291 1712 5335 ut
1734 5295 1841 5337 non

311 5460 338 5488 ι
372 5449 456 5531 Ea
484 5447 707 5531 reliquis
754 5446 1037 5504 Codicibus
1062 5448 1382 5520 desumptus
1410 5447 1497 5503 hic
1542 5462 1716 5504 canon
1753 5447 1844 5517 qui

231 5523 392 5579 deest
419 5522 474 5575 in
500 5521 566 5576 A.

310 5592 335 5629 δ
364 5592 445 5648 Ex
469 5593 719 5647 omnibus
741 5589 1047 5648 Codicibus.
1094 5590 1151 5646 In
1183 5592 1247 5648 Δ.
1271 5632 1288 5659 ,
1346 5608 1462 5647 cum
1491 5590 1653 5647 calice
1683 5598 1730 5645 et
1760 5607 1845 5661 pa-

236 5674 358 5721 tens
379 5663 687 5732 inferentia
710 5671 804 5718 est.

313 5747 337 5775 ε
370 5735 450 5790 Es
484 5733 567 5806 7U.
595 5738 877 5804 desumpta
904 5749 1007 5791 vox
1042 5735 1415 5806 catechumeni,
1462 5750 1581 5805 quae
1603 5734 1760 5792 deest
1789 5734 1844 5792 in

236 5809 307 5869 Δ.
332 5816 382 5864 et
417 5805 640 5875 reliquis
667 5806 977 5862 Codiclbns.

310 5877 339 5918 ἀ
371 5878 434 5937 ιιι
461 5877 750 5940 Codicibus
777 5877 977 5951 duplex
1021 5880 1206 5940 tituln‘s
1236 5880 1369 5955 :qui
1411 5880 1738 5954 exprimitur
1785 5890 1842 5940 et

1941 3299 2243 3345 conventus
2299 3291 2418 3347 sine
2476 3292 2702 3347 alterius
2774 3290 3074 3349 conventus
3142 3296 3551 3354 denuntiatione

1939 3382 2200 3437 solvatur.
2253 3382 2439 3453 Itaque
2466 3385 2717 3454 sequenti
2771 3399 2936 3452 anno,
2986 3386 3033 3442 si
3064 3386 3298 3443 Domino
3335 3403 3399 3444 ac
3438 3389 3551 3447 Deo

1941 3484 2131 3531 nostro
2180 3476 2311 3531 Jesu
2336 3476 2559 3531 Christo
2592 3478 2939 3546 permittente
2967 3480 3305 3548 conceditur,
3362 3481 3451 3538 die
3480 3498 3551 3538 xv

1940 3571 2211 3627 Kalendas
2241 3571 2565 3628 Novembris
2592 3571 2899 3627 Iustiniano
2942 3574 2995 3629 in
3024 3578 3288 3631 Arausico
3329 3579 3550 3634 territo-

1941 3669 2025 3724 rio
2055 3676 2382 3723 conventum
2417 3667 2740 3723 habebimus
2774 3685 2785 3720 :
2817 3668 2909 3737 qui
2942 3668 3066 3724 ideo
3100 3679 3249 3726 tanto
3280 3672 3431 3741 prius
3455 3687 3551 3743 per

1940 3771 2269 3817 conventum
2301 3760 2481 3830 ipsum
2511 3760 2866 3815 denuntiatur
2891 3802 2907 3830 ,
2956 3769 3015 3815 ut
3042 3770 3149 3817 tam
3175 3764 3550 3820 excusationis

1942 3857 2164 3913 libertas
2198 3871 2360 3928 quam
2391 3855 2727 3911 invitationis
2758 3856 3053 3912 necessitas
3084 3872 3190 3912 non
3223 3860 3325 3926 sit;
3368 3860 3435 3915 de
3462 3858 3553 3917 die

1940 3957 2086 4013 enim
2127 3965 2181 4011 et
2220 3955 2343 4011 loco
2383 3969 2479 4025 per
2523 3968 2623 4009 nos
2665 3955 2813 4023 ipsos
2852 3953 3326 4010 commonebimur
3354 3953 3551 4025 singuli

1942 4049 2248 4114 nobiscum,
2300 4049 2352 4102 in
2394 4046 2797 4117 exemplaribus
2840 4059 2902 4100 ea
2956 4060 3078 4115 quae
3126 4060 3222 4115 per
3271 4059 3371 4100 nos
3422 4051 3555 4101 sunt

1941 4142 2231 4198 constituta
2257 4141 2553 4197 referentes
2586 4156 2599 4193 :
2629 4139 2869 4207 reliquos
2911 4140 3001 4209 qui
3025 4138 3314 4195 defuerunt
3346 4139 3552 4197 beatis-

1943 4236 2064 4290 simi
2111 4236 2290 4291 fratris
2342 4236 2514 4291 nostri
2557 4234 2744 4289 IIiIarii
2790 4230 3146 4287 sollicitudini
3193 4232 3550 4302 relinquimus

1945 4329 2085 4383 datis
2127 4328 2193 4383 ad
2240 4330 2386 4397 ipsos
2416 4326 2582 4401 225
2632 4329 2824 4382 horum
2858 4325 3263 4396 exemplaribus
3310 4340 3554 4383 commo—

1946 4423 2172 4479 nendos.
2216 4423 2343 4477 Post
2373 4424 2556 4476 omnia
2580 4419 2816 4476 occurrit
2846 4420 2915 4474 de
2949 4418 3417 4475 imbecillitatibus
3448 4420 3555 4475 fra-

1949 4518 2177 4590 gilitatis
2210 4519 2495 4583 humanm,
2547 4524 2607 4570 ut
2636 4515 2681 4569 si
2718 4513 2841 4585 quis
2872 4515 3161 4585 episcOpus
3194 4530 3289 4585 per
3328 4512 3556 4571 infirmi-

1952 4622 2114 4667 tatem
2143 4658 2156 4681 ,
2204 4610 2537 4665 debilitatem
2566 4610 2648 4663 vel
2680 4607 2916 4677 aliquam
2951 4608 3334 4665 hebetudinem
3361 4623 3555 4665 sensus

1945 4708 2219 4773 inciderit,
2254 4714 2347 4761 aut
2372 4704 2610 4760 oflicium
2644 4703 2753 4758 oris
2777 4702 3039 4769 amiserit,
3078 4717 3140 4757 ea
3165 4719 3285 4774 quae
3321 4718 3425 4759 non
3453 4703 3553 4759 nisi

1947 4819 2045 4874 per
2086 4802 2377 4872 episcopos
2406 4809 2669 4869 geruntur
2700 4814 2809 4853 non
2840 4797 2942 4852 sub
2985 4798 3272 4867 prazsentia
3300 4813 3396 4853 sua
3426 4813 3553 4867 pre-

1946 4898 2201 4969 sbyteros
2232 4908 2392 4963 agere
2425 4893 2702 4963 permittat
2728 4934 2743 4961 ,
2780 4890 2874 4946 sed
2905 4892 3220 4960 episcopum
3252 4901 3441 4949 evocet
3467 4891 3554 4947 cui

1946 4993 2090 5059 quod
2116 4990 2169 5045 in
2208 4988 2435 5044 ecclesia
2466 4987 2735 5054 agendum
2764 4983 2927 5039 fuerit
2954 4986 3215 5055 imponat.

2022 5087 2138 5155 Ego
2180 5082 2414 5137 Hilarius
2443 5078 2731 5151 episcopus
2759 5081 3080 5149 subscripsi.

2020 5177 2135 5247 Ego
2173 5175 2433 5231 Claudius
2455 5175 2743 5243 episcopus
2764 5173 3085 5244 subscripsi.

2026 5274 2136 5344 Ego
2174 5270 2600 5329 Constantianus
2629 5270 2927 5341 episcopus
2957 5268 3282 5341 subscripsi.

1949 5438 2084 5493 alter
2127 5436 2209 5492 sic
2251 5449 2311 5491 se
2358 5433 2609 5490 habent:
2643 5431 2721 5487 De
2767 5432 3056 5504 abjectione
3106 5432 3215 5501 ejus
3259 5444 3411 5499 quem
3448 5430 3553 5483 duo

1950 5508 2373 5580 prwsumpserint
2401 5507 2643 5560 ordinare
2673 5506 3003 5575 episcopum;
3036 5512 3338 5573 expunctus
3365 5515 3431 5555 ne
3462 5516 3520 5557 re

1988 5591 2182 5637 etatur.

1950 5598 2182 5652 petatur.

2026 5662 2048 5690 θ
2080 5652 2193 5720 .45.,
2221 5652 2368 5707 Sedit
2398 5660 2666 5723 praeterea.

2028 5723 2045 5762 ί
2078 5724 2164 5791 υ.,
2195 5720 2479 5797 εοηῂιρὰρ.
2513 5722 2820 5797 statuimus,
2854 5720 2973 5797 nisi:

2024 5811 2048 5851 ε
2079 5785 2161 5858 Ex’
2210 5785 2390 5864 nfnf,
2422 5794 2486 5850 T.
2526 5796 2576 5861 t,
2608 5795 2663 5850 ε.
2694 5794 2749 5849 ιη
2772 5785 2867 5859 At,
2914 5790 3028 5863 ἀλ,
3062 5791 3125 5850 E.
3156 5790 3214 5859 δ,
3259 5785 3429 5861 gratia

1950 5877 2130 5951 egerit.
2162 5870 2220 5928 In
2249 5868 2339 5939 U.,
2367 5869 2622 5943 gratuitas
2651 5866 2809 5937 cogit.
