3870 6368
360 394 468 457 989
1050 388 1438 453 COLLEGTIO
1473 390 1807 453 ΒΑΝοΝοΜ
1846 395 1908 453 S.
1948 390 2223 455 lSlDORO
2259 393 2529 457 HISPAL.
2567 397 2939 458 ASCBIPTA.
3535 389 3647 452 9.0

432 514 548 588 Ego
583 511 881 571 Audentius
909 513 1195 583 episcopus
1222 513 1539 583 subscripsi.
1977 516 2030 575 Δ
2130 515 2242 585 Ego
2281 515 2563 571 Nectarius
2591 517 2879 587 episcopus
2909 512 3236 583 subscripsi.

433 610 549 679 Ego
588 608 864 679 Agrestius
887 607 1172 677 episcopus
1197 606 1520 675 subscripsi.
2127 606 2241 677 Ego
2279 606 2461 663 Justus
2490 609 2775 678 episcOpns
2809 606 3127 677 subscripsi.

434 702 549 773 Ego
580 701 755 758 Julius
776 699 1065 771 episcopus
1087 700 1403 770 subscripsi.
2126 697 2389 755 Gevetius
2418 700 2707 770 episcopus
2733 699 3052 768 subscripsi.

433 794 547 865 Ego
586 792 875 861 Auspicius
903 793 1188 861 episcOpus
1216 789 1538 858 subscripsi.
2125 791 2237 859 Ego
2276 792 2587 862 Augustalis
2615 793 2902 861 episcopus
2926 789 3251 859 subscripsi.

430 884 543 955 Ego
579 883 899 938 Theodorus
926 882 1208 949 episcopus
1240 878 1559 948 subscripsi.
2127 884 2238 953 Ego
2278 884 2546 953 ingenuus
2575 884 2861 951 episcopus
2886 881 3209 951 subscripsi.

429 976 546 1048 Ego
588 974 850 1029 Maximus
880 972 1166 1040 episcopus
1192 971 1509 1040 subscripsi.
2126 975 2239 1047 Ego
2278 977 2651 1044 Superventor
2674 975 2923 1031 Solonius
2952 976 3241 1044 episcopus
3270 972 3590 1045 subscripsi.

429 1068 548 1139 Ego
589 1067 886 1123 Eucherius
928 1066 1217 1134 episcopus
1256 1060 1591 1130 subscripsi,
1641 1068 1948 1116 sanctorum
2124 1066 2228 1121 Pro
2259 1077 2412 1135 patre
2452 1081 2573 1123 meo
2599 1067 2857 1137 episcopo
2881 1064 3108 1121 Claudio
3152 1066 3445 1134 subscripsi
3475 1076 3532 1122 et
3561 1079 3653 1122 re-

356 1162 696 1217 sacerdotum
750 1157 1284 1227 comprovincialium
1341 1164 1585 1209 meorum
1653 1167 1816 1221 super
1868 1154 1950 1207 his
2052 1160 2304 1229 cognovi.

356 1262 765 1323 exspectaturus
787 1265 1092 1307 assensum.

358 1372 3648 1425 ψ

1802 1499 2147 1572 XXVIII

1097 1655 1768 1748 CONCILIUM
1826 1661 2346 1747 VASENSE
2421 1664 2912 1750 PRIMUM

463 1819 758 1865 ΒΔΒιἸὍΜ
804 1821 947 1863 ΕΒΔ
992 1819 1356 1878 CCCCLXXX,
1400 1820 1570 1865 APUD
1618 1817 1966 1862 Αυειηοιῠι

2037 1817 2367 1862 lPISCOPUM
2412 1820 2731 1866 BCCLBSIR
2774 1820 3173 1878 CATHOLICB,
3220 1822 3565 1871 τιιιξοοοεῐι

792 1898 1055 1943 κικοιιι
1101 1892 1536 1958 ΤΒΜΡΟΙ1ΒΗΩ,
1575 1897 1889 1942 DIGSCOBO
1929 1895 2234 1957 CONOULB,
2259 1899 2320 1943 81

1624 1897 1889 1942 10800110
1929 1895 2234 1957 ροκουιις,
2259 1899 2380 1943 SUB
2416 1901 2524 1943 DIE
2562 1902 2709 1945 IDUS
2755 1902 3150 1947 IOVBIBRIB.

351 2027 396 2089 1.
459 2019 528 2086 Ut
556 2026 818 2083 Gallicani
846 2028 1074 2099 episcopi
1100 2027 1154 2081 in
1181 2025 1384 2082 Gallias
1417 2044 1521 2083 non
1568 2028 1938 2082 discutiantur.
1970 2023 2021 2086 Β
2050 2024 2193 2082 tione
2235 2028 2586 2086 fraudantur:
2623 2030 2678 2086 bi
2708 2032 2855 2087 enim
2886 2032 3022 2088 tales
3049 2034 3204 2104 quasi
3250 2035 3523 2105 egentium
3558 2050 3661 2093 ne-

424 2121 631 2178 Placuit
656 2135 786 2189 ergo
816 2128 1044 2174 tractatu
1076 2119 1253 2173 habito
1284 2118 1570 2188 episcopos
1608 2118 1677 2172 de
1702 2114 1938 2171 Gallica-
2043 2126 2277 2187 catores,
2323 2134 2423 2174 nec
2453 2119 2737 2176 credentes
2777 2120 3043 2192 judicium
3089 2122 3183 2179 Dei
3217 2124 3449 2181 habendi
3481 2136 3611 2182 sunt
3638 2144 3657 2195 ;

351 2214 439 2272 Itis
467 2213 760 2285 provinciis
788 2213 1068 2267 venientes
1095 2210 1234 2265 intra
1264 2210 1465 2266 Gallias
1506 2224 1613 2264 non
1644 2207 1939 2264 discntien-
2042 2212 2187 2267 unde
2229 2222 2282 2267 et
2311 2213 2527 2283 quidam
2554 2223 2765 2284 patrum
2798 2215 2852 2270 in
2895 2215 2998 2271 hoc
3025 2215 3242 2285 scriptis
3273 2217 3387 2272 suis
3422 2216 3661 2274 inseruit

352 2308 472 2373 dos,
501 2304 593 2361 sed
625 2303 800 2359 solum
835 2301 1082 2358 sufﬁcere
1107 2303 1151 2358 si
1182 2301 1358 2357 nullus
1380 2302 1744 2357 communioni
1768 2300 1939 2355 alicu-
2040 2313 2377 2373 congruente
2418 2310 2685 2363 sententis
2730 2321 2837 2378 qua
2863 2306 2940 2362 sit
2968 2324 2982 2362 :
3012 2308 3205 2363 Amico
3234 2309 3508 2379 quippiam
3564 2322 3663 2365 ra-

351 2396 441 2470 jus
471 2396 840 2460 iuterdixerit;
873 2395 997 2466 quia
1031 2394 1173 2449 inter
1201 2393 1718 2449 circumhabitantes
1743 2407 1808 2446 ac
1837 2392 1941 2448 sibi
2040 2411 2170 2470 pere
2199 2399 2395 2455 furtum
2424 2410 2535 2467 est,
2560 2399 2817 2457 Ecclesia
2842 2400 3091 2457 frssdsre
3112 2400 3481 2472 sacrilegium.

355 2503 498 2559 pene
546 2488 774 2541 invicem
827 2494 982 2539 notos
1041 2499 1145 2538 non
1190 2482 1663 2541 tam_testimonio
1706 2480 1882 2551 indige

2144 2486 2214 2545 Ut
2236 2490 2327 2560 qui
2346 2490 2607 2546 sententia
2626 2491 2857 2561 episcopi
2879 2492 2958 2547 sui
2978 2506 3085 2546 non
3108 2492 3388 2561 acquiescit
3410 2499 3659 2547 recurrat

353 2579 545 2651 probi,
614 2592 773 2646 quam
816 2576 1163 2631 denotatione
1204 2584 1259 2630 et
1299 2574 1795 2630 denuntiationibus
1842 2575 1941 2629 de-
2124 2648 2171 2651 μ
2295 2648 2308 2651 _
2442 2650 2445 2651 ν
2596 2650 2603 2651 7
2638 2562 2705 2614 ad
2732 2562 3014 2632 synodum.

356 2648 584 2741 pravati.
2116 2648 2174 2706 Si
2220 2648 2341 2721 quis
2366 2650 2611 2721 episcopi
2637 2653 2722 2707 sui
2755 2653 3039 2708 sententiae
3064 2667 3175 2709 non
3203 2653 3523 2725 acquiescit,
3555 2669 3659 2713 re-

352 2760 513 2834 225
543 2760 607 2816 11.
644 2759 718 2813 De
748 2758 1105 2828 pwnitentibus
1135 2758 1301 2834 subito
1328 2760 1547 2814 mortuis
1574 2767 1630 2812 ut
1657 2758 1880 2813 oblation

1099 2775 1105 2810 ι
1135 2758 1301 2834 subito
1328 2760 1547 2814 mortuis
1574 2767 1630 2812 ut
1657 2758 1943 2813 oblationes
2042 2742 2320 2834 θυπξιξξί
2340 2742 2627 2834 Sino“!!!-

884 2845 1062 2883 eorum
1094 2830 1425 2899 recipiantur.
2042 2831 2206 2904 228
2233 2830 2319 2887 γι.
2372 2831 2443 2888 Ut
2472 2833 2940 2908 excommunth
2968 2834 3201 2908 nuntilt'et
3229 2837 3567 2908 semetipsum
3595 2844 3661 2893 ut

430 2925 537 2981 Pro
566 2924 648 2978 his
679 2924 765 2991 qui
792 2922 1111 2993 paenitentia
1138 2930 1357 2992 accepta
1385 2920 1441 2976 in
1469 2922 1609 2977 bono
1638 2922 1760 2977 vita
1782 2935 1945 2977 cursu

1648 2922 1760 2977 vim
1782 2935 1945 2977 cursu
2524 2905 2761 2974 [catinius
2797 2907 3176 2960 reconcilietur.

357 2990 715 3070 satisfactoria
757 2990 1168 3082 compunctione
1206 2990 1449 3069 viventes
1468 3055 1483 3079 ,
1533 3013 1652 3067 sine
1700 3026 1943 3067 commu-
2112 2990 2193 3048 Ει
2212 2992 2439 3063 θῐίθίιῑθι³
2459 2996 2631 3051 “ne”
2653 2995 2872 3053 οιθωοη
2882 2997 2949 3051 lis
2965 2997 3112 3051 υιίιίί
3132 3010 3365 3068 queque
3384 2997 3656 3067 Ρτεεοοῑῖ

359 3105 523 3159 nione
552 3104 827 3173 inopinato
875 3114 1253 3171 nonnunquam
1302 3102 1525 3157 transitu
1566 3104 1619 3156 in
1658 3102 1801 3169 agris
1852 3118 1887 3156 a

2131 3097 2285 3152 spore
2329 3084 2574 3140 ecclesiis
2617 3087 2924 3141 necessaria
2954 3096 3082 3143 sunt
3124 3086 3423 3143 honorifice
3458 3088 3659 3158 profe-

358 3194 637 3250 itineribus
681 3196 1100 3271 przeveniuntur,
1140 3192 1465 3249 oblationem
1496 3191 1860 3261 recipiendam

2132 3174 2247 3240 ida,
2295 3184 2349 3230 et
2391 3189 2515 3231 cum
2556 3176 2859 3233 reverentia
2886 3176 2955 3231 ab
2999 3178 3252 3233 omnibus
3289 3178 3548 3235 fidelibus
3589 3193 3660 3237 ac

354 3302 542 3344 eorum
593 3268 778 3342 funera
827 3301 889 3341 ac
919 3286 1174 3355 deinceps
1222 3287 1536 3339 memoriam
1578 3282 1882 3339 ecclesiasti

2132 3268 2312 3337 ecipne
2337 3270 2549 3326 clericis
2572 3269 2883 3341 recipienda
2913 3287 2927 3325 :
2959 3284 3027 3326 ex
3055 3271 3251 3341 quibus
3271 3271 3401 3341 quid
3429 3274 3660 3342 specia-

354 3377 545 3433 agecm
570 3375 993 3447 prosequenda",
1013 3418 1028 3443 ,
1058 3377 1181 3445 quia
1211 3375 1365 3431 nefas
1389 3385 1471 3432 εει
1497 3390 1680 3430 eorum
1704 3390 1939 3431 ροωωο.
1968 3371 2016 3437 c
2045 3360 2169 3415 liter
2192 3362 2393 3431 placuit
2419 3372 2615 3432 praeter
2633 3363 2996 3419 venerandam
3020 3365 3399 3434 antiquitatem
3427 3366 3659 3422 statutis

352 3471 707 3525 morationem
762 3469 969 3524 excludi
1024 3482 1055 3522 s
1106 3467 1431 3523 salutaribus
1482 3470 1687 3536 sacris,
1734 3469 1823 3537 qui
1870 3485 1880 3523 ε

2133 3455 2396 3510 :sentibns
2426 3458 2784 3524 roboramus,
2812 3457 2956 3525 quod
3000 3458 3406 3527 suprascriptus
3454 3459 3661 3516 beatus

352 3561 542 3618 ﬁdem
592 3576 742 3616 sacra
793 3561 934 3617 nde“
986 3558 1178 3615 mecm
1225 3561 1651 3627 contendentes,
1696 3557 1825 3615 dum
1878 3574 1938 3616 se
2039 3554 2245 3615 martyr
2271 3545 2340 3600 de
2367 3544 2665 3600 beatissimi
2695 3547 2931 3617 apostoli
2958 3546 3103 3602 Petri
3128 3547 3469 3604 institutione
3495 3564 3662 3605 com-

353 3654 553 3711 dintins
600 3668 723 3708 reos
772 3658 1036 3717 statuunt,
1068 3651 1315 3722 indignos
1343 3652 1637 3707 salutiferis
1668 3653 1881 3723 mysteri

2131 3635 2500 3690 morstdicens
2533 3652 2549 3689 :
2575 3636 2827 3702 Quadam
2849 3645 3033 3692 autem
3048 3642 3212 3693 etiam
3232 3654 3301 3694 ex
3328 3640 3485 3702 vobis
3514 3641 3659 3707 ipsis

351 3746 591 3802 indicant
620 3760 682 3801 ac
727 3744 1059 3815 purgatiores
1104 3742 1311 3800 restitui
1348 3744 1691 3812 desiderant,
1736 3746 1937 3815 absque
2041 3723 2341 3815 intellissre
2364 3724 2595 3793 debeas:
2612 3727 2659 3781 ’ί
2682 3742 2793 3796 qua
2818 3735 2948 3783 811οι
2971 3742 3091 3799 (Illi!
3114 3730 3232 3798 ipse
3256 3739 3452 3799 Ρΐωῑθι
3474 3727 3568 3801 [Τ-
3592 3731 3657 3797 2,

351 3814 812 3897 sacramentorum
834 3814 1025 3891 viatico
1042 3834 1474 3905 intercipiuntur,
1499 3836 1691 3902 quibus
1709 3814 1879 3890 tortas:

2131 3814 2278 3888 ipter]
2314 3816 2537 3871 insidias
2567 3816 2844 3873 hominum
2877 3819 3141 3875 malorum
3173 3835 3281 3875 non
3310 3828 3494 3889 potest
3519 3822 3659 3877 evi-

352 3946 455 3987 nec
484 3928 933 3983 absolutissimam
965 3926 1455 3982 reconciliationem
1497 3926 1748 3982 sacerdos
1774 3926 1875 3980 den

2131 3911 2252 3963 itius
2279 3918 2333 3964 et
2375 3909 2711 3967 manifestius
2735 3913 3003 3981 proloqui.
3035 3912 3201 3969 Verbi
3228 3914 3426 3983 gratia,
3462 3914 3659 3969 inimi-

355 4022 581 4094 sandam
606 4030 860 4090 ρυιεεεει,
1226 4038 1237 4045 ο
2036 4014 2136 4094 cus
2160 4008 2243 4056 est
2266 4002 2425 4094 alicui
2455 4017 2551 4070 pro
2578 4005 2784 4058 actibus
2814 4005 2967 4060 suis?
2997 4021 3093 4061 vos
3125 4008 3295 4063 nolite
3320 4018 3658 4079 exspectare

388 4110 478 4166 ll'l.
506 4111 572 4164 Ut
599 4111 661 4163 ab
689 4109 903 4161 alterius
941 4108 1180 4176 episcopo
1202 4105 1426 4159 chrisma
1455 4102 1630 4157 nullus
1659 4104 1897 4172 accipiat.
2037 4101 2097 4147 ιιι
2127 4093 2241 4161 ip“
2271 4093 2423 4149 "ibi!
2446 4093 2591 4149 die“
2636 4111 2650 4148 ε
2681 4094 2815 4150 Cum
2853 4097 2944 4151 illo
2969 4098 3137 4154 ῐιθῑίῑθ
3166 4100 3329 4155 amici
3359 4114 3514 4168 esse,
3549 4103 3658 4159 sed

428 4202 528 4257 Per
558 4201 765 4268 singula
811 4198 1075 4253 territoria
1122 4197 1421 4266 presbyteri
1462 4196 1544 4250 vel
1594 4195 1822 4249 ministri
1868 4195 1937 4249 ab

2131 4185 2330 4241 Identer
2354 4186 2648 4243 observare
2680 4186 2888 4245 debetis
2919 4200 2974 4246 et
2996 4193 3283 4262 voluntati,
3329 4194 3449 4264 ejus
3489 4194 3659 4252 vide-

352 4291 622 4361 episcopis
647 4329 661 4353 ,
717 4304 821 4342 non
856 4298 1013 4357 prout
1062 4286 1269 4340 libitum
1302 4286 1460 4339 fuerit
1498 4300 1528 4339 a
1566 4284 1931 4352 vicinioribus,
2037 4276 2162 4334 licet
2189 4280 2275 4349 qni
2298 4278 2542 4336 ecclesia:
2576 4295 2759 4337 curam
2789 4284 2962 4352 gerit,
3007 4284 3213 4354 absque
3256 4290 3659 4348 communione

352 4382 447 4437 sed
474 4395 505 4434 a
531 4381 640 4434 suis
664 4379 895 4449 pr0priis
913 4391 1006 4447 per
1029 4391 1199 4430 annos
1221 4376 1460 4444 singulos
1480 4384 1659 4444 petant
1678 4378 1930 4441 chrisma,
2033 4369 2405 4427 obsecundare
2424 4414 2440 4439 ,
2489 4380 2545 4427 et
2589 4373 2758 4428 averti
2790 4388 2848 4428 se
2888 4373 2956 4428 ab
2986 4389 3053 4430 eo
3083 4378 3171 4431 cui
3212 4377 3392 4446 ipsum
3425 4380 3658 4439 sentitis

352 4474 819 4544 appropinquante
846 4469 1189 4525 solemnitate
1221 4468 1479 4538 paschali,
1507 4481 1605 4522 nec
1628 4481 1720 4535 per
1746 4482 1932 4536 quem-
2033 4466 2339 4533 adversum,
2363 4464 2457 4521 sed
2478 4480 2578 4521 nec
2608 4465 2754 4536 loqui
2781 4467 2867 4522 his
2886 4468 3081 4537 quibus
3106 4468 3225 4537 ipse
3246 4484 3356 4525 non
3378 4472 3655 4541 loquitur,

353 4579 564 4631 cunque
611 4562 1034 4617 ecclesiasticum
1084 4576 1099 4612 :
1144 4560 1235 4614 sed
1279 4561 1455 4628 siqua
1505 4560 1797 4613 necessitas
1840 4567 1933 4613 aut
2032 4569 2090 4614 ut
2116 4560 2488 4630 unusquisque
2516 4560 2607 4629 qui
2648 4559 2701 4614 in
2742 4560 2895 4629 culpa
2923 4569 3007 4616 est
3033 4559 3162 4616 dum
3202 4562 3352 4631 cupit
3391 4564 3654 4622 omnium

354 4656 720 4710 ministrorum
760 4653 1039 4717 occupatio
1073 4660 1175 4714 est,
1224 4664 1318 4717 per
1345 4650 1729 4705 subdiaconum
1752 4692 1767 4716 ,
1807 4652 1931 4720 quia
2033 4659 2267 4705 vestrum
2313 4649 2416 4705 sibi
2436 4654 2660 4719 gratiam
2687 4663 2967 4718 reparare,
2996 4650 3217 4709 festinet
3248 4654 3412 4710 citius
3444 4671 3658 4713 recon-

351 4745 674 4802 inhouorum
722 4752 807 4798 est
847 4742 1186 4797 inferioribus
1214 4755 1424 4795 summa
1454 4740 1746 4804 committi,
1795 4744 1933 4811 opti-
1964 4728 2018 4787 Β
2042 4741 2633 4811 ciliarieiquiomnibus
2650 4753 2915 4813 praestet
2933 4758 3028 4813 per
3042 4745 3146 4799 hoc
3166 4744 3388 4800 reditad
3406 4746 3656 4807 salutem

352 4855 501 4895 mum
545 4849 723 4893 autem
756 4847 839 4892 est
868 4846 925 4890 ut
973 4838 1089 4905 ipse
1138 4837 1396 4906 suscipiat
1435 4838 1524 4905 qui
1563 4838 1617 4891 in
1676 4837 1935 4893 tradendo
2042 4845 2163 4885 cum
2190 4831 2407 4886 obedire
2434 4834 2664 4901 emperit
2692 4833 2912 4888 monitis
2943 4834 3327 4903 praesidentis:
3364 4849 3422 4893 et
3440 4848 3657 4897 caters

350 4947 548 4989 usurus
574 4940 690 4997 est;
723 4930 767 4984 si
792 4929 919 4999 quid
950 4929 1153 4989 obstat,
1185 4929 1371 4982 saltem
1404 4931 1449 4983 is
1477 4927 1632 4998 cujus
1660 4929 1822 4982 officii
1852 4943 1878 4983 e

2130 4938 2158 4976 Β
2224 4924 2276 4978 in
2330 4924 2680 4994 sequentibus
2723 4924 2982 4981 denotant
3029 4928 3237 4983 amicos
3299 4944 3487 4985 eorum
3553 4932 3658 5003 qui

350 5023 645 5079 sacrarium
675 5020 962 5088 disponere
991 5026 1046 5071 et
1074 5028 1406 5071 sacramenta
1429 5020 1716 5086 suscipere.
2041 5016 2251 5069 veritati
2289 5015 2491 5070 inimici
2512 5024 2657 5069 sunt.
2688 5015 2835 5071 Sciat
2861 5018 3042 5087 itaque
3066 5019 3331 5089 deinceps
3359 5022 3545 5078 clerus
3576 5026 3654 5081 ad

350 5110 443 5168 IV.
480 5108 547 5164 Ut
574 5110 657 5179 qui
707 5108 988 5164 oblationes
1018 5108 1377 5187 defunctorum
1401 5107 1618 5161 retinent
1645 5122 1935 5163 excommu-
2041 5118 2246 5162 reatum
2271 5150 2288 5177 ,
2332 5108 2426 5163 sed
2470 5118 2525 5163 et
2566 5108 2796 5165 ﬁdelium
2843 5111 3077 5181 populus
3115 5113 3185 5169 sd
3229 5114 3484 5186 culpam,
3540 5121 3658 5178 sibi

1021 5188 1275 5270 amentur-
1443 5269 1449 5270 γ
1795 5269 1798 5270 ν
2040 5200 2437 5263 ascribendum,
2480 5198 2526 5254 si
2570 5202 2687 5270 quis
2717 5203 2769 5257 in
2800 5201 2903 5260 hoc
2932 5203 3122 5260 vitium
3149 5205 3420 5264 malorum
3449 5209 3661 5269 confu-

428 5269 527 5338 Qui
564 5277 591 5305 ι
621 5269 920 5322 oblationes
948 5267 1320 5322 defunctorum
1354 5269 1587 5322 retinent
1609 5275 1663 5322 et
1694 5269 1935 5325 ecclesiis
2038 5300 2178 5347 mor
2207 5301 2261 5347 ει
2288 5267 2907 5360 disciplina—numer”,
2935 5296 3275 5365 “noscitur.

351 5362 565 5417 tradere
607 5360 972 5421 demorentur,
1025 5370 1085 5411 nt
1129 5358 1372 5413 infideles
1417 5361 1485 5413 ab
1517 5360 1754 5415 Ecclesia
1803 5364 1879 5432 abj

2076 5383 2148 5438 'll.
2186 5383 2253 5438 Ut
2282 5358 2597 5438 accusatores
2624 5386 2686 5439 de
2713 5385 2905 5440 lenibus
2952 5358 3122 5443 causis
3170 5405 3275 5444 non
3305 5391 3604 5449 audiantur

350 5456 563 5519 ciendi,
596 5454 718 5522 quia
751 5467 922 5520 usque
951 5452 1017 5505 ad
1050 5452 1467 5507 exinanitionem
1500 5454 1620 5507 fidei
1658 5459 1936 5521 pervenire
2193 5435 2213 5438 ⁷
2240 5435 2246 5436 ⁷
2323 5435 2928 5512 ίᾱοίέῆηίεῷιάιῖθῇζῇξιῖο
2953 5435 3589 5516 ξιξῖέῆεάςιῖξί”“““”“·
3633 5435 3654 5465 ν

352 5556 557 5601 eertum
587 5551 670 5597 est
702 5544 839 5597 hanc
862 5544 1072 5612 pietatis
1093 5541 1286 5596 divina:
1312 5544 1805 5613 exacerbationem,
1832 5562 1935 5615 qua
2111 5544 2318 5619 Placuit
2372 5555 2625 5613 praeterea
2674 5549 2966 5606 accusandi
3022 5550 3304 5607 licentiam
3368 5555 3537 5613 etiam
3594 5559 3657 5618 in

354 5646 408 5690 et
429 5636 613 5687 fideles
634 5632 701 5686 de
729 5649 952 5699 corpore
975 5633 1291 5688 recedentes
1312 5646 1552 5687 votorum
1583 5634 1933 5703 plenitudine,
2045 5638 2213 5691 nostri
2245 5636 2447 5692 ordinis
2475 5638 2521 5693 si
2552 5655 2654 5709 qua
2686 5641 2872 5697 existit
2901 5643 3123 5700 levitate
3151 5647 3558 5717 comprimere,
3592 5661 3658 5709 ιι*

353 5736 410 5782 et
439 5741 699 5795 pauperes
727 5726 924 5782 collatu
954 5727 1225 5782 alimoniae
1254 5736 1309 5783 et
1335 5728 1640 5784 necessaria
1670 5738 1936 5785 sustenta-
2044 5731 2326 5799 episcopus
2356 5729 2403 5783 si
2450 5746 2605 5800 quem
2629 5731 2838 5803 judicat
2863 5736 3281 5804 abstinendum,
3308 5738 3358 5794 si
3386 5754 3491 5812 pro
3542 5742 3651 5801 hu.

432 5848 460 5877 ι
480 5840 537 5895 in
566 5841 845 5897 Codieibus
874 5842 1215 5899 inveniuntur
1245 5846 1403 5899 verba
1438 5863 1449 5896 :
1485 5843 1559 5899 De
1586 5844 1911 5901 damnatione
1946 5862 2141 5913 eorum,
2165 5857 2286 5915 qua:
2312 5854 2576 5914 expuncta
2605 5858 2752 5914 sunt,
2784 5848 2909 5921 quia
2941 5849 3270 5908 redundant.
