3870 6334
182 388 271 452 161
1186 364 1471 431 ϐΑιιω
1511 360 1783 423 CONCILI

1939 388 1974 401 -
2013 352 2334 414 VASENSE
2371 346 2439 410 ll.

3380 334 3493 399 269

184 511 469 570 milia’tione
493 507 549 563 et
590 496 941 561 correctione
988 492 1170 551 fratris
1208 488 1447 559 assurgit
1485 483 1699 541 exorari
1746 496 1777 536 a
1809 489 1861 545 Α
1884 478 2155 550 processit
2178 490 2275 531 eos
2303 487 2410 529 non
2435 468 2823 527 misericordia
2849 466 2961 539 iam
2990 464 3088 523 sed
3121 464 3348 522 canibus
3395 480 3493 521 ex-

183 604 417 670 emeris,
442 598 752 669 acquiescat
782 593 933 649 fratri
966 589 1032 645 de
1054 601 1161 659 quo
1189 584 1387 657 agitur,
1436 578 1783 648 correptione

183 711 229 755 ct
278 669 707 752 comminatiOne
754 686 995 741 adhibita
1042 698 1058 737 :
1108 681 1195 735 sin
1218 687 1401 737 autem
1442 673 1511 729 de
1554 669 1783 726 crimine

182 795 404 859 aliquem
454 795 610 856 putet
639 796 763 837 esse
807 775 1197 840 damnandum,
1232 767 1536 827 accusatori
1582 779 1682 819 suo
1724 775 1784 816 se

180 855 565 941 discutiendum
613 878 782 940 sciat;
841 873 919 927 fas
964 880 1049 927 est
1079 872 1224 923 enim
1268 872 1323 917 ut
1353 876 1475 932 quas
1518 855 1613 913 uni
1657 867 1783 926 pro-

180 974 366 1029 bantur
396 972 696 1040 probentur
726 964 1000 1021 omnibus.

181 1065 304 1120 Vill.
346 1063 417 1119 L’t
445 1064 721 1135 episcopus
757 1059 982 1112 alienum
1280 1052 1575 1119 peccantem
1601 1041 1785 1097 redur-

895 1142 993 1178 aua
1024 1162 1039 1178 .

894 1142 1039 1197 guat.

251 1228 407 1295 Quod
440 1226 488 1282 si
537 1240 596 1280 se
642 1231 848 1277 tantum
876 1220 1165 1287 episcopus
1199 1211 1361 1270 alieni
1403 1207 1627 1265 sceleris
1650 1220 1783 1263 con-

176 1318 339 1373 scium
383 1316 564 1380 novit,
598 1306 834 1384 quandiu
859 1308 1090 1379 probare
1122 1320 1233 1361 non
1277 1310 1456 1373 potest
1494 1299 1627 1355 nihil
1656 1310 1783 1366 pro-

178 1411 335 1477 ferat,
368 1410 465 1465 sed
502 1424 627 1466 cum
668 1409 785 1476 ipso
807 1404 873 1460 ad
904 1398 1380 1472 compunctiouem
1410 1394 1531 1465 ejus
1556 1390 1785 1447 secretis

176 1503 606 1573 correptionibus
637 1500 919 1562 elaboret,
949 1496 1041 1565 qui
1067 1494 1113 1548 si
1135 1497 1418 1557 correptus
1455 1482 1785 1553 pertinacior

178 1594 357 1659 ftferit,
390 1603 449 1650 et
478 1608 537 1649 se
572 1588 939 1647 communioni
970 1584 1183 1656 publice
1214 1578 1522 1652 ingesserit,
1547 1576 1708 1631 etiam
1739 1574 1785 1629 si

176 1691 462 1759 episcopus
511 1688 567 1742 in
607 1682 986 1754 redarguendo
1034 1679 1131 1734 illo
1179 1690 1342 1747 quem
1386 1686 1540 1728 reum
1582 1668 1789 1738 judicat

180 1779 499 1850 probatione
529 1778 745 1831 deficiat
772 1773 1113 1829 indemnatus
1143 1768 1271 1823 licet
1294 1762 1456 1837 227
1488 1761 1555 1818 de
1578 1760 1665 1815 his
1695 1759 1788 1828 qui

180 1873 307 1927 nihil
344 1874 547 1935 sciunt,
583 1870 842 1925 secedere
859 1866 924 1921 ad
959 1875 1171 1935 tempus
1210 1873 1312 1931 pro
1344 1866 1573 1928 persona
1616 1851 1788 1923 majo-
1814 1869 1865 1932 Β

179 1961 253 2016 ris
279 1962 621 2017 auctoritatis
646 1961 925 2029 iubeatur,
960 1956 1074 2022 illo,
1118 1949 1355 2023 quandiu
1385 1947 1615 2016 probare
1644 1943 1782 1998 nihil

176 2066 367 2123 potest,
392 2056 444 2110 iu
471 2053 855 2111 communione
880 2050 1119 2107 omnium
1145 2051 1507 2115 praterquam
1546 2036 1665 2108 ejus
1692 2036 1782 2105 qui

174 2162 290 2202 eum
324 2163 481 2203 reum
510 2137 721 2217 judicat
751 2147 1128 2213 permanente.

172 2236 259 2292 IX.
294 2237 363 2293 Ut
411 2237 815 2308 quiexposs'tum
860 2230 1110 2288 invenerit
1152 2226 1421 2283 ecclesiam
1453 2226 1780 2308 contestatur.

241 2327 319 2382 De
344 2306 635 2393 expositis,
667 2326 793 2393 quia
818 2321 1163 2376 conclamata
1184 2315 1254 2371 ab
1279 2312 1534 2369 omnibus
1560 2306 1782 2379 querela

243 2455 268 2485 ι
300 2447 359 2500 In
382 2444 687 2505 (Iudicibus
714 2459 731 2497 ί
759 2439 951 2514 tafslic
974 2455 1007 2493 tt
1035 2434 1327 2509 ργβωριὶε.

1886 572 2033 641 puni,
2060 585 2197 639 quos
2224 567 2482 638 colligere
2509 563 2900 620 calumniarum
2933 570 3081 616 metu
3110 559 3359 629 quamvis
3402 558 3489 614 in-

1886 664 2027 720 flexa
2058 659 2342 733 praeceptis
2367 667 2395 697 ι
2422 656 2808 713 misericordia
2836 668 2991 711 mens
3024 654 3255 709 humana
3313 652 3496 707 detre-

1885 765 2015 819 ctat,
2050 754 2102 809 id
2144 752 2466 809 servandum
2507 751 2681 806 visum
2727 756 2830 815 est,
2862 756 2921 803 ut
2960 746 3253 802 secundum
3297 754 3497 801 statuta

1886 848 2372 915 ﬁdelissimorum,
2449 845 2816 915 piissimorum
2880 841 3497 913 augustissimorumque

1887 941 2185 1012 principum
2239 938 2484 1007 quisquis
2514 936 2821 1005 expositum
2871 934 3076 1007 colligit
3106 933 3273 1005 223
3317 931 3496 987 eccle-

1885 1031 2021 1087 siam
2066 1038 2436 1097 contestetur,
2467 1028 2920 1084 contestationem
2974 1025 3196 1096 colligat
3247 1042 3261 1077 :
3301 1023 3500 1078 nihilo-

1888 1129 2068 1183 minus
2098 1125 2168 1182 de
2198 1122 2393 1181 altario
2443 1122 2720 1179 dominico
2760 1101 2849 1175 die
2897 1120 3147 1174 minister
3176 1115 3497 1185 annuntiet,

1889 1227 1948 1274 ut
1979 1218 2208 1275 ecclesia
2238 1218 2375 1271 sciat
2420 1211 2725 1287 expositum
2756 1228 2879 1269 esse
2909 1212 3219 1277 collectum,
3267 1217 3325 1264 ut
3355 1208 3500 1263 intra

1887 1311 2003 1368 dies
2023 1311 2213 1368 decem
2243 1310 2312 1365 ab
2334 1300 2692 1378 expositionis
2720 1307 2810 1363 die
2832 1306 3140 1376 expositum
3166 1301 3426 1372 recipiat,
3453 1299 3502 1355 si

1887 1402 2009 1474 quis
2029 1418 2091 1459 se
2122 1402 2431 1472 probaverit
2459 1401 2749 1472 agnovisse
2775 1416 2791 1453 :
2822 1396 3106 1453 collectori
3135 1410 3233 1462 pro
3261 1396 3502 1465 ipsorum

1887 1496 2080 1552 decem
2112 1495 2326 1551 dierum
2355 1493 2739 1551 misericordia
2759 1502 2919 1563 prout
2948 1490 3219 1556 maluerit,
3251 1497 3344 1542 aut
3364 1498 3503 1556 prat-

1887 1605 2016 1645 seus
2041 1588 2112 1645 ab
2140 1588 2362 1645 homine
2410 1597 2504 1643 aut
2541 1588 2950 1658 inperpetuum
2995 1599 3119 1642 cum
3172 1582 3289 1637 Deo
3326 1578 3502 1651 gratia

1889 1684 2271 1755 persolvenda.

1929 1817 1996 1874 Χ.
2035 1816 2103 1873 Ut
2124 1817 2418 1888 (ιαμ-ωιτν
2446 1820 2783 1888 constitutum
2803 1813 3099 1888 expositum
3148 1808 3368 1883 reposcit
3409 1815 3469 1863 ut

2418 1889 2677 1942 Itamicida
2722 1886 2993 1941 habeatur.

1964 2024 2109 2081 Sane
2158 2019 2205 2080 si
2257 2023 2379 2095 quis
2407 2030 2531 2093 post
2586 2021 2726 2078 banc
2754 2018 3225 2092 diligentissimam
3264 2014 3502 2073 sanctio-

1892 2135 2016 2177 nem
2046 2122 2416 2193 expositorum
2473 2120 2577 2176 hoc
2605 2119 2801 2175 ordine
2836 2117 3197 2174 collectorum
3239 2109 3505 2183 repetitur

1893 2213 1977 2269 vei
2026 2214 2383 2287 calumniator
2427 2212 2736 2279 exstiterit,
2783 2218 2846 2267 ut
2897 2199 3167 2266 homicida
3217 2198 3501 2261 habendus

1892 2314 1995 2361 est.

177 2534 3501 2617 Μ

1642 2666 1925 2745 XXIX

800 2820 1475 2913 CONCILIUM
1547 2810 2059 2899 VASENSE
2132 2804 2856 2895 SECUNDUM.

475 2970 523 3026 Ῑ.
556 2964 642 3023 De
669 2966 1083 3039 presbyterorum
1126 2959 1496 3017 observatione.

250 3066 368 3123 Hoc
395 3060 633 3135 placuit,
670 3068 731 3114 ut
756 3071 947 3113 omnes
975 3053 1275 3125 presbyteri
1307 3048 1398 3122 qui
1442 3056 1569 3104 sunt
1599 3045 1653 3102 in
1692 3057 1785 3114 pa-

172 3159 369 3218 rocblis
416 3152 742 3219 constituti,
782 3148 1081 3207 secundum
1112 3142 1565 3202 consuetudinem
1617 3150 1780 3209 quam

176 3269 267 3323 per
290 3261 457 3306 totam
484 3247 693 3303 italiam
720 3246 851 3300 satis
880 3242 1169 3297 salubriter
1194 3237 1373 3295 teneri
1401 3230 1780 3304 cognovimus,

171 3342 411 3415 iuniores
442 3341 683 3395 lectores
724 3346 1174 3402 quantoscunque
1204 3330 1323 3385 sine
1370 3340 1540 3383 uxore
1581 3322 1783 3378 habue-

172 3439 295 3503 rint,
318 3450 505 3494 secum
541 3432 596 3489 in
630 3429 849 3488 domum
882 3425 969 3481 ubi
999 3424 1101 3494 ipsi
1128 3421 1373 3477 habitare
1401 3418 1653 3473 videntur
1698 3427 1787 3469 re-

175 3536 395 3603 cipiant,
428 3541 483 3585 et
503 3543 604 3585 eus
626 3524 902 3597 quomodo
932 3518 1060 3578 boui
1092 3526 1276 3592 patres
1304 3512 1659 3587 spiritualiter
1687 3525 1786 3565 nu-

173 3627 397 3681 trientes
421 3621 671 3694 psalmos
698 3632 921 3685 parare,
945 3613 1145 3669 divinis
1177 3607 1506 3668 lectionibus
1536 3603 1787 3661 insistere

175 3718 293 3792 [U.,
325 3710 624 3783 instruere]
652 3711 783 3766 etin
812 3709 931 3779 lege
962 3706 1173 3763 Domini
1202 3704 1421 3761 erudire
1458 3696 1787 3756 contendant

174 3819 228 3864 ut
256 3818 311 3863 et
337 3808 444 3862 sibi
478 3806 672 3874 dignos
688 3814 1038 3857 successores
1066 3798 1387 3868 provideant
1416 3804 1472 3849 et
1494 3807 1523 3846 a
1557 3792 1789 3845 Domino

174 3898 391 3971 praemia
434 3905 642 3951 aeterna
676 3892 960 3957 recipiant.
1003 3886 1139 3943 Cum
1172 3900 1302 3941 vero
1326 3883 1393 3938 ad
1422 3890 1636 3937 atatem
1667 3891 1790 3948 per-

172 3990 363 4047 fectam
399 3988 673 4052 venerint,
703 3985 746 4038 si
782 3983 975 4053 aliquis
1004 3996 1197 4039 eorum
1228 3994 1327 4049 pro
1360 3976 1543 4033 carnis
1582 3971 1790 4044 fragili-

174 4094 274 4140 tate
316 4098 549 4139 uxorem
600 4079 801 4134 habere
846 4077 1101 4146 voluerit,
1156 4083 1401 4147 potestas
1452 4073 1503 4129 ei
1557 4068 1790 4128 ducendi

173 4178 488 4247 conjugium
516 4189 622 4227 non
656 4180 904 4241 negetur.

315 4269 381 4323 ll.
430 4268 669 4335 Qualiter
695 4266 973 4319 recitantur
997 4279 1029 4315 a
1051 4255 1354 4316 diaconibus
1383 4256 1631 4312 homiliw.

238 4360 355 4417 Hoc
382 4361 548 4415 etiam
603 4372 701 4425 pro
744 4356 1103 4411 mdilicatioue
1148 4350 1391 4406 omnium
1430 4344 1788 4404 ecclesiarum

172 4465 223 4511 et
254 4472 354 4524 pro
410 4454 644 4509 utilitate
684 4451 848 4505 totius
877 4446 1061 4520 populi
1104 4444 1260 4499 nobis
1315 4441 1543 4513 placuit,
1581 4449 1637 4493 ut
1683 4452 1787 4494 non

1892 2949 2073 3004 ctione
2107 2946 2341 3014 dicatur,
2370 2943 2574 3016 placuit
2612 2945 2777 2999 etiam
2820 2932 3013 3007 nobis,
3046 2946 3107 2995 ut
3147 2935 3205 2997 in
3249 2937 3504 2996 omnibus

1890 3037 2139 3095 ecclesiis
2152 3038 2351 3092 nostris
2365 3037 2465 3090 ista
2490 3043 2598 3089 tam
2625 3044 2811 3090 sancta
2831 3044 2855 3073 ε
2880 3032 3219 3088 consuetudo
3235 3042 3286 3087 et
3300 3029 3367 3086 ad
3388 3044 3506 3087 ma-

1889 3129 2119 3185 tutinum
2134 3128 2267 3184 etad
2284 3127 2503 3184 missam
2527 3136 2584 3182 et
2603 3127 2670 3183 ad
2688 3141 2997 3197 vesperum,
3015 3125 3126 3182 Deo
3148 3122 3505 3196 prouitiaute,

1889 3223 2298 3290 intromittatur,
2327 3232 2382 3278 et
2407 3222 2461 3277 in
2482 3221 2736 3277 omnibus
2768 3219 2970 3283 missis.
3000 3217 3113 3275 sive
3135 3218 3191 3274 in
3225 3214 3504 3274 matutinis

1889 3320 2004 3375 sive
2024 3320 2075 3375 in
2098 3315 2673 3390 quadragesimalibus,
2698 3316 2813 3371 sive
2836 3314 2890 3371 in
2915 3312 3019 3371 illis
3039 3329 3161 3386 quae
3190 3328 3288 3387 pro
3312 3315 3507 3370 defun-

1890 3424 2101 3468 Ctorum
2132 3409 2740 3466 commemorationibus
2786 3408 2943 3480 fiunt,
2980 3423 3197 3477 semper
3248 3407 3505 3478 Sanctus,

1891 3502 2141 3572 Sanctus,
2199 3502 2427 3559 Sanctus
2472 3512 2540 3555 eo
2567 3500 2799 3569 ordine,
2846 3514 2956 3573 quo
2999 3500 3163 3556 modo
3200 3494 3267 3555 ad
3311 3501 3507 3557 missas

1889 3594 2132 3665 publicas
2165 3593 2383 3659 dicitur,
2439 3587 2549 3649 dici
2597 3592 2837 3648 debeat:
2881 3592 3005 3663 quia
3056 3601 3166 3647 tam
3215 3602 3400 3647 sancta
3449 3598 3509 3649 et

1891 3699 2001 3746 tam
2027 3685 2202 3744 dulcis
2225 3696 2279 3742 et
2300 3696 2408 3742 tam
2434 3685 2813 3742 desiderabilis
2837 3700 2963 3753 vox,
2986 3685 3153 3756 229
3177 3682 3392 3740 etiamsi
3414 3681 3505 3741 die

1890 3796 2160 3856 noctuque
2190 3781 2363 3854 possit
2391 3780 2520 3850 dici,
2547 3780 2821 3834 fastidium
2855 3793 2961 3833 non
2993 3778 3193 3848 poterit
3214 3790 3501 3849 generare.

2075 3899 2165 3955 iV.
2197 3899 2267 3955 Ut
2293 3913 2478 3953 nomen
2509 3912 2659 3969 papa
2688 3897 2742 3953 in
2781 3897 3010 3954 ecclesiis
3053 3897 3320 3952 recitatur.

1964 4015 2032 4069 Et
2064 4015 2165 4069 hoc
2197 4012 2356 4069 nobis
2371 4014 2576 4082 justum
2607 4013 2779 4069 visum
2810 4023 2918 4081 est,
2953 4023 3009 4068 ut
3052 4027 3253 4069 nomen
3292 4010 3502 4071 domini

1889 4122 2065 4179 papae,
2099 4107 2407 4177 quicunque
2440 4106 2561 4163 sedi
2597 4108 2914 4177 apostolicae
2943 4107 3242 4178 prafuerit,
3297 4108 3352 4164 in
3394 4121 3496 4165 no-

1890 4205 2017 4259 stris
2058 4202 2306 4259 ecclesiis
2334 4204 2617 4275 recitetur.

2071 4315 2139 4371 γ.
2176 4314 2243 4371 Ut
2299 4316 2506 4370 dicatur
2537 4332 2556 4371 :
2588 4314 2740 4371 Sicut
2778 4323 2896 4371 erat
2934 4315 2989 4369 in
3035 4313 3319 4386 principio.

1963 4424 2033 4481 Et
2058 4427 2183 4495 quia
2215 4442 2321 4480 non
2351 4428 2525 4481 solum
2561 4428 2614 4480 in
2647 4427 2779 4481 sede
2824 4426 3121 4496 apostolica
3141 4470 3154 4494 ,
3207 4425 3305 4483 sed
3335 4426 3501 4485 etiam

172 4517 342 4601 solum
369 4547 425 4599 in
452 4542 765 4599 civitatibus
798 4517 895 4595 sed
937 4536 1185 4593 etiamin
1215 4532 1468 4588 omnibus
1515 4530 1792 4598 parocliiis
1894 4535 1988 4589 per
2018 4528 2185 4573 tolum
2218 4517 2494 4575 Orientem
2554 4530 2608 4575 et
2654 4527 2821 4573 tatam
2877 4519 3111 4573 Africam
3164 4518 3249 4573 vei
3297 4517 3502 4576 Italiam

172 4642 397 4693 verbum
429 4635 664 4692 faciendi
691 4633 945 4689 daremus
974 4624 1309 4700 presbyteris
1336 4630 1681 4693 potestatem,
1716 4620 1788 4674 ita
1893 4622 2111 4683 propter
2138 4611 2519 4666 luereticorum
2571 4611 2851 4675 astutiam,
2894 4608 2989 4680 qui
3033 4609 3130 4664 Dei
3162 4607 3359 4664 Filium
3394 4626 3503 4668 non

172 4739 229 4785 ut
280 4731 328 4785 si
383 4728 673 4799 presbyter
724 4723 904 4792 aliqua
955 4720 1266 4775 infirmitate
1324 4714 1646 4786 prohibente
1693 4728 1870 4789 per”
1899 4720 2113 4775 semper
2156 4718 2278 4760 cum
2339 4705 2498 4758 Patre
2553 4703 2724 4759 fuisse
2777 4702 2872 4758 sed
2915 4718 2943 4756 a
2975 4712 3220 4772 tempore
3271 4704 3506 4773 cepisse

174 4836 233 4877 se
259 4792 442 4892 ipsum
475 4792 581 4874 non
608 4818 845 4888 potuerit
873 4812 1187 4883 prmdicare,
1219 4818 1528 4865 sanctorum
1560 4806 1780 4862 Patrum
1896 4797 2277 4867 blasphemant
2301 4836 2317 4862 ,
2366 4795 2531 4866 230
2571 4796 2622 4850 in
2657 4794 2909 4851 omnibus
2936 4794 3191 4851 clausulis
3220 4804 3342 4865 post
3369 4792 3507 4851 Glo-

176 4887 413 4967 bouiiiiae
442 4887 817 4965 adiacouibus
840 4904 1137 4962 recitentur
1171 4904 1255 4957 :si
1282 4902 1425 4957 enim
1461 4898 1609 4971 digni
1660 4907 1786 4955 sunt
1893 4893 2061 4956 riam;
2116 4890 2264 4947 Sicut
2300 4900 2411 4945 erat
2442 4891 2495 4943 in
2538 4889 2791 4959 principio
2836 4887 3067 4956 dicitur;
3114 4889 3278 4945 etiam
3322 4896 3377 4944 et
3404 4902 3506 4943 nos

175 5005 436 5060 diacones
463 5002 607 5073 quod
634 5000 886 5056 Christus
930 4998 985 5053 in
1031 4993 1322 5063 Evangelia
1348 4993 1559 5048 locutus
1586 4998 1673 5047 est
1710 4982 1787 5046 le-

174 5111 319 5168 gere.
348 5111 525 5165 quare
546 5091 749 5162 indigni
778 5088 1091 5159 iudicentur
1119 5084 1243 5160 [U.,
1273 5085 1361 5154 6.,
1396 5083 1545 5153 sunt]
1570 5089 1787 5139 sancto—

175 5206 291 5245 rum
319 5189 548 5244 Patrum
589 5184 963 5254 expositiones
996 5181 1207 5251 publice
1235 5176 1498 5234 recitare?

355 5281 451 5338 ill.
497 5279 659 5349 Kyrie
701 5278 907 5334 eleison
946 5274 1022 5331 uel
1053 5274 1285 5331 Sanctus
1309 5287 1445 5343 saepe
1474 5268 1599 5325 dici.

244 5376 315 5431 Et
338 5371 372 5415 δ
402 5375 529 5445 quia
562 5381 670 5428 tam
707 5373 761 5427 in
804 5370 933 5426 sede
959 5366 1274 5441 apostolica,
1304 5382 1465 5437 quam
1497 5365 1658 5420 etiam
1690 5377 1787 5433 per

182 5478 318 5526 tetas
362 5467 664 5522 orientales
716 5470 879 5534 atque
928 5460 1097 5517 italia:
1148 5459 1451 5528 provincias
1507 5456 1679 5511 dulcis
1732 5463 1786 5510 et

181 5562 408 5615 nimium
434 5558 663 5613 salubris
688 5554 1024 5611 consuetudo
1052 5561 1135 5607 est
1174 5551 1506 5614 intromissa,
1538 5558 1594 5602 ut
1624 5546 1789 5618 Kyrie

180 5653 373 5707 deisort
405 5649 745 5719 frequentius
798 5661 920 5703 cum
957 5643 1146 5715 grandi
1197 5642 1390 5700 aii‘ectu
1427 5650 1479 5698 et
1526 5656 1789 5713 compun-

253 5794 278 5823 ι
312 5784 488 5841 Deest
513 5782 615 5837 hoc
634 5779 922 5841 concilium
948 5777 1001 5832 in
1028 5776 1091 5831 E.
1125 5775 1184 5833 3.

249 5854 277 5893 "
304 5854 375 5912 Τ.
414 5856 469 5925 i,
499 5855 619 5926 quia
648 5868 750 5907 non
770 5850 939 5906 solum
958 5848 1013 5903 in
1041 5847 1163 5903 sede
1179 5844 1467 5921 apostolica
1492 5846 1582 5903 sed
1602 5844 1780 5901 etiam.

1895 4985 1949 5040 in
1980 4985 2248 5041 universis
2275 4984 2522 5040 ecclesiis
2549 4981 2750 5039 nostris
2792 4982 2896 5038 hoc
2938 4983 3016 5039 ita
3064 4983 3354 5040 dicendum
3380 4996 3505 5039 esse

1894 5077 2254 5134 decrevimus.

1964 5168 2233 5225 Caesarius
2280 5168 2333 5223 in
2394 5166 2597 5224 Christi
2649 5166 2871 5223 nomine
2913 5166 3239 5224 catholicam
3288 5163 3318 5207 ἀ
3361 5167 3502 5226 hanc

1892 5262 2223 5320 deﬁnitionis
2264 5269 2463 5316 nostra;
2508 5261 2749 5330 regulam
2780 5260 3029 5331 relegens
3061 5262 3387 5333 subscripsi.

1969 5356 2035 5409 Et
2062 5362 2247 5407 notum
2280 5352 2381 5407 sub
2407 5351 2495 5407 die
2523 5367 2786 5406 nonarum
2808 5348 3193 5409 Novembrium
3224 5354 3389 5409 Decio
3421 5357 3505 5423 lu-

1897 5448 2050 5503 niore
2073 5447 2190 5500 viro
2232 5443 2537 5499 clarissimo
2565 5440 2791 5497 consule
2826 5460 2839 5496 :
2882 5443 2937 5499 in
2972 5443 3074 5499 hac
3102 5444 3500 5505 constitutione

1897 5535 2285 5608 septemdecim
2318 5534 2554 5603 episcopi
2585 5533 3039 5602 subscripserunt.

1966 5630 2099 5699 Quia
2131 5628 2295 5683 etiam
2322 5636 2377 5683 et
2422 5641 2483 5681 ea
2516 5641 2637 5697 quae
2670 5625 2809 5681 infra
2837 5626 3040 5696 scripta
3087 5637 3215 5684 sunt
3244 5629 3505 5691 omnibus

1971 5784 1992 5812 ο
2021 5769 2085 5826 T.
2119 5769 2250 5837 ω,
2275 5773 2473 5823 statuta
2506 5774 2707 5822 sancta.

1964 5838 1993 5880 ἀ
2027 5842 2085 5897 Β.
2113 5838 2204 5913 R.,
2242 5839 2307 5899 T.
2340 5839 2394 5909 i,
2424 5839 2482 5909 ἓ,
2506 5839 2711 5894 nomine
2732 5838 3003 5912 episcopus
3030 5838 3356 5899 catholicam.
