3870 6358
416 362 522 425 965

1108 349 1491 412 οοιιεοτιο
1525 341 1857 409 CANONUII
1897 344 1955 403 S.
1996 342 2048 402 IS

2125 334 2269 400 OBO
2311 334 2575 399 HISPAL.
2615 331 2976 394 ASCIIIP'I'A.

3584 321 3690 380 2M

420 488 666 548 ecclesiis
697 482 827 540 satis
873 475 1170 535 necessaria
1199 488 1321 530 esse
1352 472 1616 537 novimus,
1644 469 1764 524 ideo
1784 463 1992 537 justum
2026 470 2074 529 Α
2096 474 2361 519 canonum
2380 458 2749 529 jungeremus,
2780 468 2852 511 ex
2879 432 3172 510 constituto
3193 441 3443 519 synodali
3471 452 3690 514 aposto-

418 592 470 639 et
499 576 813 635 rationabile
840 572 1013 627 visum
1057 578 1162 635 est,
1188 576 1243 622 ut
1271 565 1364 621 illa
1405 561 1782 635 suprascriptis
1818 557 1987 613 titulis

2096 555 2209 611 lica
2236 552 2380 609 sedis
2415 552 2555 608 inter
2581 558 2801 606 caetera.

418 671 3695 755 FN

1870 811 2102 887 XXX

1304 956 1966 1044 CONCILIUM
2039 950 2781 1038 AGATHENSE.

1080 1119 1320 1167 VIGINTI
1364 1116 1645 1171 QUINQUE
1690 1112 2162 1169 EPISCOPORUK,
2209 1111 2500 1157 ΒΔΒΙἸὍΜ
2538 1111 2675 1153 ΕΒΔ

499 1244 645 1297 Anno
674 1236 933 1293 vicesimo
963 1230 1200 1290 secundo
1250 1228 1448 1285 Alarici
1500 1223 1643 1294 regis
1687 1221 1788 1278 sub
1812 1219 1902 1275 die
1935 1233 1996 1273 ιιι

418 1334 541 1390 Idus
589 1328 921 1402 Septembris
966 1341 1087 1382 cum
1119 1325 1171 1379 in
1205 1320 1420 1377 nomine
1450 1316 1661 1372 Domini
1690 1312 1743 1369 in
1776 1312 1997 1368 civitate

418 1426 714 1498 Agathensi
742 1421 1177 1479 convenissemus
1206 1416 1259 1471 in
1281 1413 1453 1470 sancti
1491 1409 1723 1466 Andreae
1752 1407 1994 1472 basilica,

419 1497 765 1575 consedimus
792 1516 859 1570 de
888 1511 1175 1579 disciplina
1220 1517 1275 1563 et
1312 1502 1737 1561 ordinationibus
1775 1497 1997 1553 clerico-

420 1626 539 1666 rum
573 1620 732 1679 atque
758 1606 1067 1679 pontificum
1096 1601 1177 1657 vel
1225 1601 1293 1656 de
1340 1596 1701 1654 Ecclesiarum
1755 1586 1999 1645 utilitati-

421 1701 524 1757 bus
570 1699 864 1755 tractaturi.
917 1697 973 1750 In
1024 1694 1198 1764 primo
1248 1689 1298 1745 id
1355 1685 1555 1759 placuit
1582 1692 1641 1739 ut
1667 1695 1901 1738 canones
1947 1686 2005 1734 et

417 1799 615 1847 statuta
648 1790 863 1846 Patrum
894 1800 991 1855 per
1019 1783 1262 1841 ordinem
1310 1779 1640 1849 legerentur,
1685 1771 1882 1843 quibus
1926 1770 2005 1825 le-

419 1882 521 1939 ctis
550 1878 601 1936 δ.
1744 1934 1747 1939 ,

616 1972 657 2028 I.
690 1972 767 2027 De
794 1969 1010 2041 digamis
1048 1966 1248 2023 clericis
1277 1974 1333 2019 ut
1377 1979 1481 2017 non
1523 1960 1832 2015 ministrent.

492 2062 719 2127 Placuit,
753 2069 810 2116 ut
831 2060 898 2115 de
921 2059 1150 2129 digamis
1174 2065 1267 2114 aut

420 2168 730 2228 quanquam
775 2153 917 2207 aliud
950 2153 1165 2209 Patrum
1206 2156 1409 2204 statuta
1434 2142 1793 2210 decreverint,
1828 2151 1883 2196 ut
1910 2140 2007 2211 qui

425 2248 705 2317 hucusque
738 2244 969 2301 ordinati
996 2249 1141 2309 sunt,
1176 2240 1359 2296 habita
1386 2236 1755 2300 miseratione,
1782 2236 2004 2303 presby-

426 2339 550 2395 terii
587 2339 670 2394 vel
718 2338 1028 2393 diaconatus
1054 2347 1249 2388 nomen
1282 2339 1487 2386 tantum
1535 2326 1809 2382 obtineant
1842 2338 1857 2378 :
1888 2320 2009 2377 offl-

425 2432 568 2488 cium
600 2443 730 2485 vero
750 2425 1101 2484 consecrandi
1135 2423 1437 2495 presbyteri
1467 2429 1523 2477 et
1550 2414 1889 2475 ministrandi
1912 2418 2010 2471 hu-

424 2522 658 2595 iusmodi
687 2522 935 2578 diaconos
958 2534 1064 2575 non
1088 2524 1436 2588 praesumant.

485 2615 547 2671 II.
579 2612 659 2669 De
696 2612 1080 2669 contumacibus
1104 2611 1302 2665 clericis
1329 2617 1378 2664 et
1415 2606 1484 2663 ad
1522 2605 1740 2678 oﬁieiunt
1770 2602 1952 2658 tardis.

514 2708 876 2763 Contumaces
927 2719 1058 2761 vero
1106 2702 1287 2759 clerici
1340 2708 1498 2771 prout
1549 2696 1824 2769 dignitatis
1877 2694 2011 2750 ordo

428 2796 737 2869 permiserit
764 2796 831 2850 ab
850 2793 1117 2864 episcopis
1142 2794 1508 2863 corrigantur,
1540 2799 1594 2845 et
1624 2790 1669 2844 si
1698 2788 1790 2858 qui
1814 2786 2012 2858 prioris

431 2887 629 2960 gradus
659 2888 787 2943 elati
818 2885 1070 2956 superbia
1118 2883 1556 2941 communionem
1604 2882 1834 2935 fortasse
1882 2892 2011 2933 con-

434 2977 771 3049 tempserint,
800 2985 893 3032 aut
927 2976 1210 3032 ecclesiam
1256 2975 1621 3045 frequentare,
1660 2972 1746 3027 vel
1771 2969 2010 3027 oflicium

431 3084 588 3130 suum
616 3069 837 3141 implere
881 3067 1237 3140 neglexerint,
1285 3064 1571 3136 peregrina
1600 3062 1679 3118 eis
1706 3059 2014 3118 communio

432 3166 729 3231 bibuntur;
751 3166 822 3218 ita
848 3171 907 3217 ut
926 3177 1049 3219 cum
1078 3175 1173 3215 eos
1212 3158 1528 3231 poenitentia
1573 3155 1893 3224 correxerit,
1925 3167 2011 3208 re-

436 3258 622 3328 scripti
646 3258 700 3312 in
722 3254 1001 3311 matricula
1021 3252 1245 3326 gradum
1263 3265 1419 3308 suum
1432 3248 1854 3320 dignitatemque
1873 3245 2013 3306 rcci-

432 3346 605 3419 piant.

433 3438 521 3499 lII.
554 3441 633 3499 De
672 3440 917 3512 episcopis
945 3439 1033 3509 qui

771 3505 940 3566 causis
958 3505 969 3509 ’
989 3510 1185 3581 aliquos
1227 3505 1688 3564 excommunicant.

511 3604 761 3676 Episcopi
786 3617 916 3658 vero
936 3602 1015 3669 si,
1053 3601 1371 3658 sacerdotali
1402 3596 1774 3656 moderatione
1800 3603 2021 3667 postpo-

436 3695 563 3763 sita,
584 3696 898 3750 innocentes
925 3702 1019 3748 aut
1043 3692 1279 3749 minimis
1304 3691 1478 3749 causis
1494 3688 1789 3760 culpabiles
1805 3702 2021 3743 excom-

438 3787 713 3845 municare
734 3786 1190 3857 praesumpserint,
1215 3792 1271 3841 et
1311 3784 1379 3840 ad
1423 3782 1650 3854 gratiam
1702 3780 2019 3838 festinantes

440 3880 685 3951 recipere
711 3880 942 3935 fortasse
974 3880 1265 3943 noluerint,
1288 3878 1445 3949 231
1469 3891 1500 3931 a
1540 3874 1728 3931 vicinis
1756 3874 2021 3946 episcopis

439 3972 1031 4044 cujuslibetprovinclae
1060 3972 1254 4028 litteris
1279 3978 1599 4027 moneantur
1627 3985 1642 4035 ;
1666 3977 1719 4023 et
1757 3967 1803 4022 si
1831 3982 2022 4037 parere

439 4062 602 4139 [BR.,
623 4062 683 4118 Τ.
704 4065 753 4129 I,
767 4064 822 4131 2,
846 4059 1091 4135 parcere]
1104 4057 1710 4129 noluerint,communio
1730 4057 1835 4113 illis
1856 4071 2025 4125 usque

438 4156 507 4210 ad
540 4165 749 4226 tempus
795 4156 987 4225 synodi
1030 4171 1061 4211 a
1087 4155 1308 4225 reliquis
1348 4153 1614 4224 episcopis
1643 4167 1749 4209 non
1790 4153 2024 4221 denege-

440 4254 529 4301 tur
560 4256 581 4284 ε
612 4287 628 4314 ,
667 4260 735 4301 ne
795 4245 1025 4302 fortasse
1062 4247 1114 4300 in
1156 4242 1701 4301 excommunicatoris
1742 4251 2018 4312 peccatum

439 4337 889 4393 excommunicati
925 4338 1087 4409 longo
1128 4346 1369 4407 tempore
1400 4347 1573 4391 morte
1603 4332 2020 4404 praeveniantur.

476 4425 567 4483 IV.
604 4428 680 4482 De
732 4429 810 4482 his
865 4429 951 4499 qui
997 4444 1116 4482 suos
1162 4430 1239 4482 uel
1282 4428 1681 4499 propinquorum
1718 4424 1997 4481 oblationes

967 4500 1191 4553 ecclesitr
1226 4498 1487 4567 fraudant.

516 4586 711 4644 Clerici
741 4587 903 4644 etiam
929 4586 1017 4643 vel
1054 4586 1345 4643 saeculares
1372 4587 1464 4655 qui
1494 4585 1795 4640 oblationes
1836 4598 2027 4653 paren-

2725 1107 2752 1136 ι
2798 1108 3022 1152 DXLIV.

2102 1212 2193 1272 VI.
2242 1214 2306 1272 Si
2333 1214 2570 1286 episcopo
2607 1230 2640 1267 α
2668 1210 2976 1337 quibqsllibg
3030 1208 3316 1281 quidquam
3352 1208 3505 1279 fuerit
3552 1206 3699 1263 dere-

2817 1299 2921 1336 rcu
2982 1320 2998 1337 .

2817 1292 2998 1337 ictum.

2175 1379 2461 1437 Pontifices
2481 1393 2610 1435 vero
2629 1377 2822 1449 quibus
2852 1378 2906 1433 in
2937 1389 3149 1430 summo
3169 1372 3475 1432 sacerdotio
3495 1368 3701 1429 consti-

2107 1475 2234 1530 tutis
2266 1473 2334 1530 ab
2360 1471 2629 1528 extraneis
2654 1471 2917 1527 duntaxat
2942 1467 3147 1539 aliquid
3176 1476 3268 1523 aut
3292 1483 3415 1522 cum
3442 1464 3701 1533 ecclesia,

2104 1577 2199 1625 aut
2249 1567 2627 1639 sequestratim
2672 1575 2764 1619 aut
2807 1562 3095 1619 dimittitur
3132 1569 3223 1616 aut
3268 1559 3525 1625 donatur,
3572 1555 3701 1628 quia

2107 1659 2212 1716 hoc
2240 1659 2333 1715 Ille
2351 1657 2444 1729 qui
2480 1657 2645 1713 donat
2666 1671 2763 1725 pro
2784 1653 3158 1725 redemptione
3187 1651 3381 1707 anime
3410 1665 3546 1719 suae,
3589 1662 3701 1704 non

2109 1765 2207 1824 pro
2263 1750 2549 1807 commodo
2619 1746 2919 1804 sacerdotis
2983 1744 3243 1817 probatur
3293 1742 3492 1798 offerre
3516 1782 3531 1805 ,
3590 1754 3704 1795 non

2107 1842 2263 1914 quasi
2308 1856 2463 1896 suum
2497 1841 2795 1911 proprium,
2830 1839 2925 1896 sed
2954 1837 3107 1907 quasi
3137 1838 3418 1892 dimissum
3454 1834 3704 1890 ecclesiae

2111 1934 2253 1990 inter
2284 1934 2562 1989 facultates
2590 1929 2836 1989 ecclesias
2889 1927 3311 2000 computabunt;
3340 1926 3465 1997 quia
3492 1923 3704 1996 justum

1315 2055 1742 2120 internuptarum
1773 2046 1998 2113 maritis,
2036 2050 2048 2112 1

2125 2034 2215 2093 est,
2248 2034 2305 2080 ut
2329 2024 2469 2081 sicut
2492 2020 2747 2078 sacerdos
2784 2020 2948 2077 habet
2976 2018 3120 2091 quod
3149 2018 3392 2075 ecclesiae
3418 2016 3705 2072 dimissum

2109 2126 2213 2187 est,
2245 2118 2317 2173 ita
2363 2126 2420 2173 et
2464 2116 2693 2173 ecclesia
2724 2115 2919 2172 habeat
2948 2114 3096 2186 quod
3144 2113 3469 2182 relinquitur
3517 2126 3709 2167 sacer-

2109 2208 2223 2267 doti
2272 2226 2402 2267 sane
2457 2209 2714 2282 quidquid
2762 2223 2857 2279 per
2902 2206 3381 2263 ﬁdeicommissum
3410 2212 3505 2260 aut
3528 2217 3709 2260 sacer-

2106 2305 2240 2370 dmi,
2265 2312 2359 2358 aut
2392 2304 2638 2358 ecclesiae
2681 2301 2910 2354 fortasse
2957 2298 3248 2353 dimittitur
3286 2297 3588 2367 cuicunque
3613 2291 3711 2349 alii

2107 2398 2447 2471 postmodum
2478 2394 2840 2466 profuturum,
2870 2390 2924 2448 id
2973 2391 3115 2474 inter
3151 2389 3432 2447 facultates
3457 2402 3583 2446 suas
3609 2400 3708 2444 ec-

2108 2492 2269 2548 clesia
2294 2498 2608 2559 computare
2633 2496 2726 2542 aut
2747 2486 2985 2542 retinere
3016 2498 3127 2541 non
3169 2484 3388 2554 poterit.
3635 2552 3639 2556 ι

2108 2579 2222 2637 VII.
2253 2580 2332 2635 De
2352 2580 2502 2635 rebus
2537 2577 2779 2643 ecclesiae,
2806 2576 3061 2645 quomodo
3096 2573 3159 2629 ab
3188 2573 3444 2645 episcopis
3474 2570 3712 2628 habean-

2182 2682 2267 2729 tur
2295 2687 2315 2726 :
2345 2680 2395 2725 et
2418 2672 2480 2725 de
2508 2670 2664 2725 servis
2708 2667 2934 2724 ecclesia
2979 2666 3201 2739 qualiter
3231 2667 3293 2722 ab
3324 2666 3564 2737 episcopo
3590 2679 3713 2719 nsa-

2180 2763 2541 2819 numittantur.
2716 2788 2737 2811 ο
2769 2749 2778 2757 ’

2179 2857 2419 2914 Casellas
2462 2870 2595 2911 vero
2641 2854 2729 2910 vel
2780 2852 3104 2922 mancipiola
3132 2850 3380 2908 ecclesiae
3436 2849 3712 2920 episcopi,

2110 2951 2249 3008 sicut
2287 2951 2466 3022 prisca
2498 2963 2766 3005 canonum
2797 2947 3052 3019 praecepit
3074 2946 3368 3003 auctoritas
3389 2988 3406 3015 ,
3457 2944 3544 3000 vel
3576 2958 3713 2999 vasa

2113 3044 2398 3101 ministerii
2429 3041 2582 3111 quasi
2599 3040 2975 3098 commendata
3004 3038 3151 3094 fideli
3180 3036 3457 3110 proposito
3495 3037 3716 3107 integro

2113 3134 2356 3193 ecclesia
2380 3133 2501 3205 jure
2531 3133 2871 3204 possideant;
2903 3129 2960 3186 id
3014 3139 3099 3186 est
3136 3138 3198 3185 ut
3240 3142 3419 3199 neque
3444 3125 3716 3193 vendere,

2114 3242 2289 3299 neque
2313 3242 2406 3298 per
2431 3239 2777 3297 quoscunque
2796 3231 3103 3280 contractus
3140 3235 3231 3279 res
3266 3220 3409 3277 unde
3439 3233 3719 3290 pauperes

2114 3319 2300 3375 vivunt
2336 3316 2573 3374 alienare
2603 3324 2932 3386 praesumant
2961 3330 2975 3369 :
3007 3313 3151 3385 quod
3173 3314 3218 3368 si
3244 3311 3538 3369 necessitas
3558 3319 3718 3367 certa

1082 3436 1159 3494 vel
1203 3438 1496 3493 innocentes
1522 3434 1601 3489 uel
1655 3449 1749 3501 pro
1788 3413 2048 3488 minimis‘

2125 3410 2458 3481 compulerit,
2488 3416 2547 3466 ut
2576 3423 2675 3479 pro
2696 3407 2939 3466 ecclesiae
2961 3416 3072 3462 aut.
3098 3405 3423 3463 necessitate
3444 3410 3537 3457 aut
3567 3402 3723 3458 utili-

2116 3515 2228 3563 tate
2252 3504 2340 3565 vel
2369 3504 2423 3560 in
2454 3501 2735 3559 usufructu
2761 3502 2847 3558 vel
2880 3500 3141 3558 indirecta
3167 3496 3475 3556 venditione
3509 3493 3721 3567 aliquid

2118 3596 2469 3663 distrahatur,
2513 3594 2654 3666 apud
2691 3593 2826 3650 duos
2855 3593 2943 3649 vel
2982 3601 3095 3649 tres
3119 3588 3607 3661 comprovinciales
3630 3587 3723 3643 vel

2118 3692 2326 3748 vicinos
2357 3689 2640 3760 episcOpos
2682 3701 2844 3743 causa
2883 3701 3004 3757 qua:
3042 3698 3268 3741 necesse
3312 3683 3386 3739 sit
3437 3679 3722 3737 vendendi

2121 3784 2281 3856 233
2308 3781 2560 3854 primitus
2589 3780 2988 3850 comprobetur,
3035 3788 3094 3834 et
3143 3776 3326 3832 habita
3371 3774 3725 3831 discussione

2119 3876 2443 3934 sacerdotali
2490 3890 2676 3931 eorum
2723 3871 3123 3942 subscriptione
3182 3884 3303 3940 quae
3360 3869 3497 3924 facta
3550 3866 3727 3923 fuerit

2120 3969 2361 4024 venditio
2390 3967 2679 4023 roboretur
2710 3982 2727 4019 ε
2757 3966 2915 4021 aliter
2957 3962 3100 4020 facta
3128 3960 3367 4018 venditio
3394 3961 3478 4015 vel
3532 3970 3725 4016 trans-

2122 4062 2265 4117 actio
2295 4075 2405 4117 non
2434 4060 2655 4117 valebit.
2715 4058 2859 4114 Sane
2896 4056 2944 4112 si
2984 4070 3120 4127 quos
3148 4055 3218 4110 de
3257 4052 3431 4110 servis
3468 4051 3727 4108 ecclesia:

2122 4150 2486 4209 benemeritos
2512 4150 2615 4206 sibi
2640 4149 2929 4221 episcopus
2953 4147 3182 4205 libertati
3211 4144 3517 4211 donaverit,
3549 4144 3729 4200 colla-

2123 4252 2232 4299 tam
2256 4243 2558 4300 libertatem
2587 4256 2618 4295 a
2643 4238 3044 4297 successoribus
3071 4237 3273 4309 placuit
3304 4234 3567 4293 custodiri
3596 4250 3730 4292 cum

2122 4348 2189 4391 eo
2231 4334 2379 4406 quod
2431 4332 2511 4391 eis
2554 4331 2914 4388 manumissor
2941 4331 2996 4385 in
3025 4328 3050 4367 ά
3076 4313 3376 4384 libertatem
3404 4327 3725 4394 contulerit,

2122 4426 2268 4499 quod
2323 4436 2502 4481 tamen
2539 4423 2792 4494 iubemus
2828 4421 3017 4493 viginti
3062 4417 3357 4477 solidorum
3405 4435 3726 4489 numerum,

2125 4519 2345 4575 modum
2387 4518 2443 4573 in
2498 4515 2722 4582 terrula,
2753 4516 2967 4571 vineola
3017 4513 3103 4571 vel
3152 4512 3441 4584 bospitiolo
3486 4522 3682 4569 tenere
3699 4523 3727 4571 .‘

2126 4611 2269 4683 quod
2295 4611 2524 4682 amplius
2570 4610 2751 4665 datum
2777 4606 2943 4665 fuerit
2981 4616 3105 4679 post
3134 4603 3553 4661 manumissoris
3582 4618 3729 4659 mor-

446 4689 557 4737 tum
590 4690 679 4737 aut
728 4682 955 4738 donatas
1004 4688 1097 4736 aut
1142 4679 1475 4736 testamentis
1531 4678 1749 4733 relictas
1791 4677 2028 4766 retinere
2129 4677 2236 4758 {em
2269 4677 2493 4758 “dim
2522 4699 2830 4766 revocabit;
2864 4677 3187 4753 mmmam
3214 4709 3345 4751 vero
3387 4708 3477 4750 res
3504 4702 3601 4749 ,ιη
3630 4707 3729 4750 ec.

448 4772 781 4863 perstiterint
825 4771 957 4845 [U.,
1009 4766 1483 4842 praesumpserint]
1526 4777 1617 4824 aut
1657 4766 1711 4822 id
1756 4765 1897 4837 quod
1929 4763 2030 4837 ipsi

2130 4797 2311 4853 clesite
2342 4797 2517 4851 minus
2555 4795 2713 4851 utiles
2739 4792 3036 4863 peregrinis
3065 4804 3151 4846 vet
3175 4789 3389 4847 clericis
3416 4788 3569 4845 salvo
3598 4786 3728 4858 iure

447 4862 767 4918 donaverint
800 4862 1045 4918 ecclesiis
1073 4862 1154 4917 vel
1186 4861 1529 4919 monasteriis
1573 4858 1899 4916 crediderint
1930 4872 2028 4913 au-

445 4951 751 5023 ferendum,
778 4955 918 5008 sicut
946 4951 1186 5025 synodus
1226 4964 1412 5009 sancta
1439 4952 1716 5009 constituit
1745 4951 1891 5008 velut
1935 4965 2032 5008 ne-

448 5052 660 5193 catorzs
706 5060 1000 5115 pauperum
1053 5061 1331 5119 quousque
1390 5048 1619 5105 reddant
1672 5046 1740 5103 ab
1784 5046 2029 5104 ecclesiis

448 5138 601 5193 exclu
642 5146 821 5192 antur.

447 5138 821 5194 excludantur.

685 5250 744 5303 V.
780 5248 843 5304 Si
870 5249 1083 5305 clericus
1117 5248 1310 5320 {artant
1351 5250 1574 5306 ecclesia
1620 5251 1808 5319 fecerit.

522 5341 578 5400 Si
605 5344 723 5412 quis
749 5344 975 5400 clericus
1005 5343 1208 5400 furtum
1236 5344 1479 5403 ecclesia:
1507 5343 1715 5411 fecerit,
1742 5342 2027 5417 peregrina

450 5434 500 5490 ei
529 5436 834 5492 communio
864 5436 1149 5492 tribuatur.

525 5600 547 5662 ξ’
572 5592 658 5648 Ai.
678 5636 693 5662 ,
726 5610 832 5649 sera
877 5610 1059 5650 DXLIII.

526 5660 565 5734 by
584 5660 685 5731 U.,
705 5666 887 5733 quibus
915 5666 1054 5719 lectis
1085 5664 1412 5734 deﬁnierunt.
1435 5663 1491 5719 In
1518 5666 1584 5720 A.
1611 5673 1667 5720 et
1712 5664 1933 5734 reliquis
1959 5665 2028 5722 ad

488 5733 1079 5865 tgwedtdzbsotutionem
1112 5733 1213 5795 ves
1250 5736 1472 5797 canonis
1515 5735 1671 5809 primi
1698 5733 1891 5809 placuit
1934 5735 2032 5793 ad-

649 5826 658 5857 l
737 5846 751 5860 ο

649 5826 751 5860 ιαιι.

2131 4886 2372 4945 ecclesiae
2399 4888 2452 4943 in
2483 4902 2637 4942 usum
2669 4895 2909 4956 perstare
2954 4882 3337 4954 permittimus.

2231 4978 2368 5035 VIII.
2413 4976 2492 5034 De
2519 4978 2715 5034 clericis
2758 4980 2844 5048 qui
2874 4978 2943 5031 ad
2982 4979 3257 5031 saculares
3286 4974 3618 5046 confugiunt.

2203 5071 2260 5126 Id
2293 5071 2452 5126 etiam
2499 5070 2718 5142 placuit,
2753 5080 2809 5125 ut
2838 5068 3066 5126 clericus
3102 5068 3148 5123 si
3193 5067 3382 5124 relicto
3409 5064 3596 5122 officio
3626 5074 3730 5122 suo

2130 5171 2352 5233 propter
2396 5161 2787 5218 districtionem
2814 5159 2881 5216 ad
2901 5161 3212 5217 sacularem
3252 5157 3485 5215 lortasse
3532 5156 3729 5213 confu-

2130 5255 2289 5325 gerit,
2316 5262 2374 5311 et
2416 5255 2462 5309 is
2509 5252 2577 5308 ad
2625 5268 2785 5325 quem
2834 5253 3063 5311 recurrit
3105 5251 3355 5307 solatium
3386 5245 3730 5305 defensionis

2129 5346 2479 5419 impenderit,
2519 5362 2642 5405 cum
2688 5347 2879 5406 eodem
2918 5348 2987 5404 de
3037 5345 3293 5403 Ecclesiae
3339 5343 3731 5401 communione

2132 5443 2384 5514 pellatur.

2211 5607 2235 5637 ε
2266 5597 2347 5653 Ex
2373 5597 2435 5651 Τ.
2469 5598 2523 5665 1,
2554 5596 2610 5651 2.
2644 5596 2699 5653 In
2732 5599 2798 5654 Δ.
2830 5607 2885 5655 ct
2908 5595 3127 5668 reliquis
3154 5594 3443 5655 Codicibus
3471 5609 3491 5654 :
3520 5595 3730 5669 episco-

2136 5670 2540 5742 piissimus:-

2212 5738 2240 5779 ιι
2270 5736 2391 5809 ΔΜ
2413 5738 2474 5797 ιι.
2500 5737 2589 5810 3.,
2620 5740 2682 5798 τ.
2718 5740 2771 5813 ι,
2793 5740 2852 5812 2,
2875 5740 3197 5799 inliberale.
