3870 6334
208 506 282 562 l-X.
303 502 375 559 De
396 499 698 574 presbyteris
723 508 774 574 et
799 496 1104 553 diaconibus
1139 496 1229 567 qui
1271 496 1340 551 ad
1378 494 1703 567 conjugalem
1764 493 1824 555 Α

655 572 852 627 coitum
890 577 1229 625 revertuntur.

232 667 415 727 Placuit
442 668 629 731 etiam,
663 675 725 720 ut
750 666 796 720 si
831 659 1047 719 diaconi
1075 669 1167 715 aut
1208 659 1508 733 presbyteri
1546 657 1738 728 conju-

175 763 261 833 gati
284 761 341 817 ad
364 772 531 816 torum
562 773 792 815 uxorum
820 770 1041 812 suarum
1071 754 1248 812 redire
1268 754 1556 820 voluerint,
1588 768 1737 823 papa

172 855 429 913 Innocentii
456 854 732 909 ordinatio
764 850 853 907 vel
884 849 1082 922 Syricii
1138 848 1381 921 episcopi
1438 846 1737 903 auctoritas

174 960 511 1015 conservetur;
542 947 686 1021 quod
713 947 760 1001 si
802 945 869 1001 ad
901 944 1114 1016 aliquos
1158 943 1385 999 formula
1443 942 1530 999 illa
1562 943 1738 998 eccle-

172 1045 353 1099 siastica
400 1042 519 1097 vita:
567 1039 770 1108 pariter
823 1048 878 1093 et
918 1036 1219 1106 disciplinae
1266 1050 1384 1105 qua:
1444 1050 1475 1089 a
1525 1034 1736 1105 Syricio

171 1138 385 1204 episcopo
430 1132 494 1186 ad
550 1129 855 1200 provincias
884 1128 1211 1185 commeavit
1255 1143 1362 1182 non
1417 1126 1737 1196 probabitur

171 1225 464 1295 pervenisse,
512 1223 597 1277 his
623 1221 980 1293 ignorationis
1008 1219 1127 1294 [U.,
1163 1219 1251 1287 6.,
1288 1218 1734 1291 ignorationibus]

169 1319 295 1372 venia
322 1318 639 1382 remittetur,
676 1316 747 1369 ita
775 1324 831 1367 ut
859 1314 928 1369 de
952 1322 1157 1369 caetero
1200 1313 1417 1383 penitus
1474 1311 1737 1382 incipiant

166 1407 401 1463 abstinere
451 1418 506 1463 et
556 1406 630 1460 ita
660 1407 857 1475 gradus
903 1418 1032 1459 suos
1073 1404 1128 1459 in
1158 1404 1354 1475 quibus
1387 1403 1589 1458 inventi
1622 1403 1737 1459 fue-

166 1502 254 1555 rint
272 1501 341 1554 sic
368 1501 658 1563 retineant,
691 1506 751 1551 ut
780 1496 845 1551 ad
877 1496 1085 1566 potiora
1113 1496 1193 1551 eis
1225 1510 1334 1550 non
1364 1495 1527 1550 liceat
1547 1510 1737 1550 ascen-

164 1596 309 1649 dere:
339 1594 527 1664 quibus
586 1594 638 1648 in
682 1592 948 1648 beneficio
1002 1605 1127 1647 esse
1166 1590 1350 1659 debet,
1409 1591 1555 1659 quod
1594 1589 1737 1645 hunc

164 1687 310 1755 ipsum
336 1689 505 1741 locum
535 1703 698 1756 quem
723 1687 959 1743 retinent
988 1701 1093 1741 non
1123 1686 1394 1741 amittant.
1428 1685 1489 1741 Si
1527 1686 1617 1756 qui
1640 1700 1737 1740 au-

165 1788 251 1833 tem
273 1778 431 1835 scisse
476 1778 707 1833 formam
741 1778 955 1833 vivendi
1006 1777 1285 1833 dimissam
1318 1776 1437 1849 [U.,
1470 1775 1575 1844 ϐ..
1607 1779 1737 1832 mis-

1168 374 1449 432 GALLIE
1487 369 1831 433 CONCILIA.
1874 401 1945 415 --
1979 371 2416 433 AGATIIENSE.

3358 382 3465 439 266

2098 491 2237 548 XVI.
2275 492 2391 558 Qua
2411 498 2561 546 atate
2602 490 2846 549 diacenes
2881 492 3205 551 ordinentur.

1915 586 2215 659 Episc0pus
2238 601 2369 640 vero
2401 586 2833 643 benedictionem
2872 589 3190 645 diaconatus
3232 590 3464 647 minori-

1840 676 1941 734 bus
1973 678 2160 750 viginti
2190 688 2245 734 et
2268 678 2507 749 quinque
2536 695 2802 735 annorum
2836 683 3050 752 penitus
3077 698 3183 738 non
3208 686 3460 740 commit-

1841 780 1919 827 tat
1946 789 1961 826 :
1997 787 2129 828 sane
2149 772 2197 828 si
2228 773 2500 845 conjugati
2527 774 2761 844 juvenes
2784 777 3164 833 consenserint
3186 778 3459 848 ordinari,

1839 864 2004 921 etiam
2032 881 2260 921 uxorum
2286 863 2532 923 itoluntas
2563 869 2637 924 ita
2667 870 2989 940 requirenda
3015 880 3100 926 est
3122 914 3137 940 ,
3161 884 3219 927 ut
3240 888 3463 945 seques-

1842 965 1982 1013 trato
2012 960 2312 1015 mansionis
2336 960 2608 1028 cubiculo,
2636 962 2898 1033 religione
2922 964 3211 1033 promissa,
3247 977 3461 1035 postea-

1841 1068 2000 1123 quam
2031 1052 2230 1123 pariter
2252 1054 2501 1111 conversi
2531 1055 2732 1111 fuerint
2759 1058 3099 1112 ordinentur.

1841 1143 2005 1199 XVII.
2035 1145 2151 1210 Qua
2168 1157 2319 1201 tztate
2341 1149 2569 1217 episc0pi
2597 1148 2676 1201 vel
2724 1149 3039 1220 presbyteres
3073 1162 3456 1209 consecrentur.

1914 1235 2297 1310 Presbyterum
2313 1256 2442 1296 vero
2460 1241 2540 1295 vel
2556 1244 2869 1311 episcopum
2891 1255 3017 1299 ante
3034 1247 3247 1315 triginta
3261 1261 3454 1315 annos,

1842 1328 1895 1382 id
1926 1338 2008 1383 est
2034 1340 2322 1399 antequam
2346 1332 2413 1387 ad
2445 1333 2547 1387 viri
2568 1333 2789 1402 perfecti
2818 1336 2981 1407 234
3015 1345 3229 1393 nitatem
3264 1355 3460 1408 perve-

1842 1425 2029 1489 niant,
2066 1424 2244 1480 nullus
2273 1427 2816 1495 metropolitanorum
2849 1431 3102 1486 ordinare
3130 1442 3456 1502 praesumat,

1844 1532 1914 1572 ne
1954 1532 2047 1586 per
2078 1528 2318 1585 atatem,
2344 1519 2490 1591 quod
2517 1521 2805 1593 aliquoties
2829 1523 3036 1593 evenit,
3061 1526 3244 1594 aliquo
3269 1543 3460 1585 errore

1840 1610 2148 1678 culpentur.

1840 1700 2026 1757 XVIII.
2058 1702 2134 1759 De
2184 1705 2331 1763 laicis
2366 1709 2550 1779 quibus
2569 1712 2908 1835 btemporibus
2948 1729 3328 1769 communicare
3370 1717 3460 1772 dc-

2602 1793 2742 1835 eant.

2602 1793 2742 1837 eaut.

162 1876 276 1942 tam]
302 1885 329 1924 a
367 1880 552 1926 sancto
597 1869 812 1940 Syricio
852 1870 1111 1939 episcOpo
1159 1870 1507 1939 deteguntur,
1558 1882 1735 1938 neque
1765 1866 1813 1927 Β
1912 1867 2214 1927 Saeculares
2237 1888 2367 1929 vero
2396 1876 2485 1944 qui
2513 1874 2690 1930 Natali
2718 1877 2954 1944 Domini,
2995 1878 3223 1947 Pascha,
3260 1881 3460 1937 Pente-

162 1964 317 2017 statim
344 1960 651 2031 cupiditatis
708 1960 963 2017 libidines
1010 1960 1300 2031 abiecisse,
1353 1960 1430 2015 illi
1468 1970 1735 2015 suntmo-

162 2054 228 2109 dis
260 2051 502 2109 omnibus
537 2053 901 2109 submoveudi
930 2097 945 2124 ,
1000 2054 1091 2123 qui
1145 2062 1268 2124 post
1307 2053 1732 2109 admonitionem

163 2151 391 2217 cognitam
441 2148 863 2219 praeponendam
918 2146 1168 2203 arbitrati
1217 2159 1342 2203 sunt
1375 2148 1730 2219 voluptatem.

220 2238 279 2293 Ι.
322 2239 388 2295 Ut
424 2241 605 2296 nullus
644 2240 947 2364 clericqu
986 2256 1115 2366 lcum
1154 2242 1414 2296 extraneis
1465 2242 1669 2311 feminis

829 2329 880 2365 ta
916 2323 982 2365 ue
1010 2348 1026 2365 .

829 2323 1026 2365 tabttet.

216 2400 263 2457 Id
289 2404 441 2460 etiam
464 2405 534 2460 ad
561 2405 976 2462 custodiendam
1004 2404 1170 2460 vitam
1202 2415 1258 2462 et
1288 2406 1484 2461 famam
1508 2408 1727 2477 speciali

158 2494 465 2552 ordinatione
511 2497 881 2568 praecipimus,
916 2507 974 2552 ut
1025 2497 1207 2552 nullus
1260 2499 1586 2554 clericorum
1637 2516 1731 2555 ex-

159 2594 326 2642 tranea:
357 2589 578 2643 mulieri
608 2590 855 2660 qualibet
898 2588 1191 2645 collatione
1220 2601 1313 2644 aut
1363 2590 1729 2649 familiaritate

158 2674 379 2748 jungatur
410 2697 423 2732 ε
456 2691 510 2735 et
541 2695 650 2736 non
681 2682 860 2736 solum
888 2682 941 2737 in
965 2682 1129 2737 domo
1154 2682 1301 2738 illius
1323 2694 1577 2738 extranea
1611 2701 1728 2739 ntu-

156 2769 233 2825 lier
255 2789 349 2827 non
376 2774 619 2841 accedat,
652 2776 748 2830 sed
772 2790 873 2831 nec
895 2775 1011 2845 ipse
1043 2777 1419 2847 frequentandi
1442 2777 1509 2831 ad
1537 2789 1728 2834 extra-

156 2879 285 2923 ncatu
312 2872 593 2927 mulierem
651 2871 847 2927 habeat
889 2881 1235 2941 potestatem.
1269 2874 1366 2929 sed
1389 2890 1509 2929 cum
1552 2886 1726 2931 matre

156 2964 353 3029 tantum,
374 2979 587 3030 sorore,
613 2964 718 3019 filia
744 2974 839 3019 aut
866 2975 1045 3035 nepte,
1074 2966 1119 3022 si
1149 2968 1399 3024 habuerit
1421 2977 1514 3024 aut
1540 2971 1725 3027 volue-

154 3058 225 3122 rit,
269 3059 472 3114 vivendi
516 3058 741 3115 liberam
788 3058 983 3114 habeat
1015 3061 1177 3132 233
1223 3072 1547 3132 potestatem
1592 3081 1606 3117 :
1655 3064 1722 3119 de

157 3148 317 3216 quibus
343 3148 654 3205 nominibus
682 3148 834 3206 nefas
879 3159 963 3207 est
991 3152 1135 3207 aliud
1162 3168 1321 3222 quam
1373 3165 1561 3212 natura
1591 3170 1721 3213 con-

154 3239 293 3294 stituit
325 3242 612 3312 suspicari.

153 3330 224 3389 XI.
249 3335 307 3393 Ut
319 3340 492 3395 nullus
514 3339 731 3399 clericus
753 3341 803 3396 in
831 3340 1045 3424 cellario
1066 3343 1145 3397 vel
1164 3352 1355 3399 secreto
1373 3345 1620 3413 feminam
1642 3346 1725 3401 in-

784 3423 1056 3467 tromtttat.

205 3498 421 3558 Ancillas
449 3504 533 3560 vel
564 3503 789 3559 libertas
816 3519 847 3559 a
877 3505 1097 3561 cellario
1133 3506 1217 3561 vel
1244 3520 1272 3559 a
1303 3517 1517 3563 secreto
1553 3509 1722 3567 mini-

150 3593 285 3648 sterio
310 3604 362 3651 et
390 3598 458 3653 ab
486 3596 679 3653 eadem
711 3598 994 3655 mansione
1017 3600 1071 3654 in
1108 3614 1213 3670 qua
1256 3599 1484 3658 clericus
1515 3612 1720 3673 manet,

150 3685 316 3753 placuit
340 3695 629 3748 removeri.

150 3773 239 3834 XII.
272 3778 332 3835 L't
360 3784 596 3838 omnibus
613 3784 788 3839 diebus
822 3785 1245 3910 Q‘uadragesimw
1278 3788 1486 3844 sabbato
1508 3794 1721 3864 jejuuc-

881 3873 963 3910 ur.

881 3873 963 3910 ur.

204 3937 391 4002 Placuit
412 3948 605 4013 etiam,
634 3956 693 4001 ut
734 3962 926 4005 omnes
962 3948 1219 4007 Ecclesia:
1258 3958 1500 4025 exceptis
1530 3956 1720 4015 diebus

149 4028 391 4091 dominicis
422 4038 474 4092 in
507 4038 943 4110 quadragesima,
976 4042 1139 4097 etiam
1162 4044 1255 4099 die
1278 4046 1515 4113 sabbati,
1546 4062 1722 4105 sacer-

148 4126 281 4185 dotali
298 4131 640 4187 ordinatione
668 4144 723 4188 et
745 4133 1098 4191 districtionis
1124 4138 1548 4197 comminatione
1584 4142 1720 4213 jeju-

148 4231 265 4277 αειιι.

146 4304 258 4371 XIII.
281 4313 344 4373 Ut
364 4317 657 4389 symbolum
678 4328 797 4376 ante
822 4328 937 4443 actio
957 4320 1067 4445 ἄξει
1090 4322 1295 4390 paschae
1318 4328 1716 4397 competentibus

764 4407 872 4445 ωάξ
910 4409 985 4445 868
1010 4410 1089 4445 ur.

764 4407 1089 4459 prmatcetur.

199 4478 495 4553 Symbolum
524 4482 687 4540 etiam
718 4486 917 4555 placuit
947 4486 1015 4541 ab
1043 4488 1291 4545 omnibus
1326 4490 1571 4548 ecclesiis
1610 4508 1717 4550 una

148 4572 230 4639 die,
258 4578 303 4631 id
332 4587 412 4633 est
431 4589 566 4633 ante
594 4587 716 4633 octo
744 4577 861 4634 dies
877 4578 1159 4636 dominicae
1178 4584 1593 4641 resurrectionis
1620 4601 1720 4657 pu-

147 4666 256 4725 blice
279 4670 324 4725 in
355 4673 586 4728 ecclesia
617 4674 1047 4741 competentibus
1076 4676 1235 4730 tradi.

292 4762 423 4819 XIV.
463 4763 536 4819 Ut
562 4765 725 4821 altare
753 4777 800 4821 et
828 4777 1050 4840 ungatur
1086 4778 1131 4821 et
1163 4770 1513 4826 benedicatur.

203 4858 381 4913 .iltaria
400 4875 533 4914 vero
558 4861 753 4928 placuit
778 4876 886 4916 non
910 4863 1086 4918 solum
1112 4864 1363 4921 unctione
1385 4869 1712 4937 chrismatis,

147 4950 217 5002 sed
240 4952 386 5006 etiam
416 4954 739 5008 sacerdotali
771 4955 1147 5012 benedictione
1176 4961 1400 5015 sacrari.

148 5057 235 5116 XV.
261 5065 487 5132 Qualiter
510 5069 754 5145 majores,
779 5068 1002 5145 qualiter
1031 5069 1247 5145 minores
1268 5070 1349 5141 [Β.
1368 5071 1456 5138 IL,
1476 5073 1537 5127 T.
1554 5075 1608 5139 ‘2,
1624 5076 1717 5145 ju-

487 5136 678 5208 rtiares]
701 5139 1048 5205 penitentiam
1079 5136 1355 5210 accipiant.

203 5245 520 5307 Poenitentes
554 5261 795 5321 tempore
824 5268 929 5322 quo
964 5255 1337 5323 paenitentiam
1372 5266 1563 5327 petunt
1608 5260 1712 5315 im-

150 5340 430 5404 positionem
468 5358 725 5398 manuum
750 5353 801 5400 et
822 5344 1057 5401 cilicium
1089 5361 1253 5417 super
1278 5360 1441 5416 caput
1461 5368 1491 5406 a
1532 5368 1716 5409 sacer—

149 5426 247 5484 dote
272 5431 400 5487 sicut
425 5434 627 5504 ubique
649 5437 997 5492 constitutum
1024 5449 1108 5495 est
1130 5454 1550 5513 consequantur,
1576 5454 1631 5503 et
1666 5448 1712 5502 si

148 5529 219 5572 aut
241 5537 409 5579 comas
438 5542 549 5582 non
580 5528 932 5596 deposuerint
971 5540 1061 5585 aut
1092 5533 1413 5591 vestimenta
1452 5554 1559 5593 non
1592 5556 1713 5595 ntu—

148 5616 725 5688 taverintahjiciantur,
773 5633 829 5678 et
873 5623 973 5678 nisi
1010 5625 1170 5693 digne
1211 5630 1559 5694 pmnituerint
1600 5648 1709 5689 non

149 5710 476 5779 recipiantur:
516 5714 797 5785 juvenibus
841 5718 1006 5775 etiam
1040 5722 1356 5791 paenitentia
1402 5741 1511 5780 non
1556 5726 1712 5785 facile

148 5806 490 5863 comnittenda
523 5818 605 5865 est
627 5821 847 5882 propter
864 5813 1037 5871 tetatis
1056 5815 1429 5886 fragilitatem,
1456 5818 1709 5883 viaticum

150 5900 295 5957 tamen
318 5900 575 5961 omnibus
602 5904 656 5959 in
680 5915 855 5963 morte
877 5908 1068 5978 positis
1094 5924 1205 5970 non
1232 5913 1562 5983 negandum.

461 5996 741 6062 Parnon.
770 6001 1125 6067 LXXXIV.

1837 1970 1988 2016 coste
2018 1977 2126 2017 non
2150 1966 2695 2037 communicaverint,
2731 1968 2986 2026 catholici
3016 1987 3125 2027 non
3170 1974 3461 2030 credantur

1838 2069 1937 2111 nec
1964 2056 2103 2111 inter
2133 2058 2429 2114 catholicos
2455 2061 2776 2116 habeantur.

1970 2146 2113 2202 XIX.
2152 2149 2230 2204 De
2250 2153 2733 2208 sanctimonialibus
2762 2173 2865 2225 qua
2894 2168 3042 2214 atate
3069 2160 3322 2217 velentur.

1910 2238 2387 2312 Sanctimoniales,
2445 2247 2741 2314 quamlibet
2787 2250 2895 2304 vita
2945 2266 3134 2306 earum
3178 2262 3234 2306 et
3274 2266 3459 2309 mores

1835 2330 2044 2398 probati
2074 2332 2182 2387 sint
2201 2374 2215 2399 ,
2240 2344 2366 2391 ante
2397 2350 2593 2393 annum
2638 2340 2812 2396 aetatis
2841 2355 2955 2397 suae
2981 2342 3455 2414 quadragesimum

1835 2435 1943 2477 non
1968 2423 2229 2480 velentur.

2034 2522 2037 2537 λ
2118 2515 2236 2571 XX.
2267 2517 2345 2574 De
2369 2519 2569 2576 clericis
2592 2524 2681 2596 qui
2700 2542 2899 2581 comam
2923 2530 3177 2585 nutriunt.

1905 2604 2097 2663 Clerici
2122 2612 2213 2681 qui
2243 2628 2455 2669 comam
2488 2620 2732 2673 nutriunt
2762 2621 2829 2677 ab
2858 2621 3243 2681 archidiacono
3284 2626 3451 2684 etiam

1832 2700 1879 2756 si
1902 2704 2176 2759 noluerint
2200 2704 2351 2762 inviti
2400 2708 2806 2767 detondantur:
2853 2716 3173 2772 vestimenta
3218 2719 3300 2773 vel
3340 2721 3453 2775 calo

1830 2808 2111 2851 ceamenta
2136 2800 2394 2855 eisetiam
2421 2802 2525 2858 nisi
2568 2820 2689 2874 quae
2733 2807 3052 2877 religionem
3096 2810 3330 2867 deceant
3373 2813 3449 2869 uti

1829 2899 1921 2944 aut
1949 2890 2148 2947 habere
2176 2909 2283 2949 non
2318 2896 2502 2953 liceat.

1828 2979 1973 3037 XXI.
2009 2983 2074 3039 Ut
2094 2988 2444 3045 solemnitate:
2467 2995 2687 3064 majores
2716 2995 2769 3048 iu
2790 2997 3078 3054 civitatibus
3108 3000 3449 3061 celebrentur.

1900 3076 1958 3130 Si
1982 3079 2101 3147 quis
2132 3081 2295 3135 etiam
2325 3091 2483 3138 extra
2515 3086 2835 3154 parochias,
2868 3090 2921 3142 in
2952 3092 3146 3159 quibus
3170 3091 3447 3162 legitimus

1826 3178 1911 3224 est
1940 3171 2359 3244 ordinariusque
2389 3188 2717 3245 conventus,
2749 3182 3053 3236 oratorium
3098 3183 3153 3237 in
3188 3202 3318 3255 agro
3346 3188 3449 3243 ha-

1753 3240 1798 3304 Ο
1833 3262 1962 3319 bere
1990 3264 2241 3332 voluerit,
2274 3267 2494 3337 reliquis
2524 3271 2904 3329 festivitatibus
2934 3283 2993 3328 ut
3024 3276 3095 3330 ibi
3127 3278 3319 3333 missas
3361 3290 3448 3334 te~

1835 3365 2000 3411 ncant
2031 3370 2253 3429 propter
2284 3361 2655 3432 fatigationem
2680 3366 2899 3421 familiae
2928 3367 3072 3436 justa
3102 3370 3447 3428 ordinatione

1836 3448 2196 3515 permittimus
2233 3468 2244 3503 :
2279 3452 2487 3508 Pascha
2527 3469 2686 3519 vero,
2717 3455 2904 3513 Natale
2928 3458 3171 3529 Domini,
3211 3463 3449 3531 Epipha-

1835 3540 2003 3607 niam,
2034 3544 2421 3601 Ascensionem
2472 3547 2709 3615 Domini,
2760 3550 3117 3609 Pentecostcn
3163 3568 3215 3611 et
3260 3558 3448 3615 Natale

1834 3636 2004 3690 sancti
2028 3636 2249 3693 Joannis
2275 3639 2554 3708 Baptism,
2578 3642 2664 3697 vel
2696 3644 2741 3698 si
2764 3647 2854 3715 qui
2877 3649 3093 3702 maximi
3117 3649 3229 3703 dies
3261 3651 3311 3704 in
3341 3652 3446 3706 fes-

1836 3726 2127 3783 tivitatibus
2147 3729 2435 3796 habentur,
2462 3748 2569 3788 non
2600 3736 2704 3791 nisi
2738 3737 2789 3791 in
2817 3739 3125 3795 civitatibus
3152 3751 3245 3796 aut
3267 3741 3318 3796 in
3345 3759 3443 3811 pa-

1834 3819 2035 3876 rochiis
2060 3831 2300 3879 teneant.
2328 3826 2523 3882 Clerici
2548 3844 2675 3884 vero
2699 3830 2745 3884 si
2766 3832 2857 3901 qui
2877 3832 2929 3886 in
2956 3832 3036 3887 his
3063 3832 3446 3895 festivitatibus

1833 3923 1969 3979 quas
1997 3926 2158 3982 supra
2186 3915 2420 3971 diximus
2445 3918 2499 3971 in
2527 3920 2780 3975 oratoriis
2812 3921 2919 3989 his,
2952 3924 3055 3978 nisi
3096 3924 3319 3995 jubente
3356 3942 3448 3986 aut

1832 4004 2179 4071 permittente
2210 4009 2488 4079 episcopo,
2516 4009 2697 4068 facere
2726 4021 2818 4067 aut
2852 4022 3039 4071 tenere
3067 4021 3366 4089 voluerint,
3417 4042 3445 4077 υ

1831 4096 2216 4154 communione
2248 4100 2536 4170 pellantur.

1831 4185 1994 4243 XXII.
2044 4188 2089 4244 U
2094 4201 2111 4244 ι
2137 4208 2242 4245 non
2272 4193 2422 4249 liceat
2444 4196 2737 4268 presbytero
2762 4198 2837 4254 uel
2864 4201 3048 4259 clerico
3082 4221 3189 4261 rem
3218 4207 3444 4264 ecclesia:

2342 4270 2560 4323 cendere
2588 4272 2665 4323 vel
2712 4273 2927 4328 donare.

1902 4353 1970 4408 Et
1996 4354 2127 4410 licet
2151 4358 2485 4428 superfluum
2518 4362 2590 4415 sit
2613 4360 2681 4417 de
2708 4378 2765 4419 re
2794 4374 2921 4419 nota
2948 4375 3003 4420 et
3028 4369 3265 4440 antiquis
3285 4387 3441 4429 cano-

1831 4442 1988 4499 uibns
2013 4447 2283 4515 prohibita
2312 4451 2507 4506 iterato
2546 4452 2753 4523 aliquid
2800 4456 3055 4527 delinire,
3106 4471 3284 4519 tamen
3334 4483 3441 4536 quo

1831 4534 2043 4591 facilius
2076 4538 2339 4609 cupiditas
2369 4552 2463 4597 aut
2486 4544 2805 4613 improbitas
2838 4550 3191 4618 reprimatut',
3242 4557 3294 4610 id
3322 4534 3438 4612 sta-

1747 4620 1802 4680 D
1833 4630 2035 4686 luimus
2063 4632 2206 4702 quod
2240 4648 2431 4690 omnes
2457 4636 2667 4706 jubent,
2700 4650 2755 4695 ut
2778 4642 3124 4701 civitatenses
3164 4649 3279 4703 sive
3313 4652 3439 4708 dioc-

1822 4723 2003 4776 ccsani
2034 4728 2333 4796 presbyteri
2367 4729 2449 4783 vel
2472 4730 2677 4797 clerici,
2705 4734 2994 4805 salvojure
3022 4739 3292 4806 ecclesia),
3320 4761 3437 4799 rem

1821 4816 2065 4870 ecclesire
2092 4818 2231 4873 sicut
2262 4822 2609 4891 permiserint
2639 4828 2877 4897 episcopi
2922 4838 3167 4897 teneant,
3202 4837 3435 4893 vendere

1821 4916 1914 4960 aut
1943 4910 2149 4967 donare
2182 4915 2397 4982 penitus
2422 4932 2526 4970 non
2552 4931 2882 4985 prsesumant
2907 4938 2919 4975 :
2945 4924 3087 4991 quod
3111 4927 3155 4979 si
3184 4928 3432 4990 fecerint,

1822 5008 1876 5053 et
1899 4999 2034 5055 facta
2064 5004 2303 5059 venditio
2333 5022 2437 5061 non
2490 5010 2716 5073 valebit,
2765 5021 2819 5067 et
2860 5014 2928 5068 de
2968 5016 3342 5083 facultatibus.
3387 5025 3435 5080 si

1820 5107 1951 5160 quas
1986 5094 2184 5152 habent
2218 5103 2483 5169 prOprias,
2520 5103 2831 5161 indemnem
2866 5110 3155 5167 ecclesiam
3202 5118 3433 5175 reddant

1820 5197 1871 5240 ct
1899 5191 2276 5248 communione
2309 5195 2611 5262 priventur.

1818 5278 1979 5348 235
2024 5280 2211 5337 XXIII.
2251 5283 2317 5338 Ut
2343 5287 2558 5343 clericus
2582 5292 2763 5359 junior
2790 5296 2976 5349 seniori
3022 5314 3121 5353 non
3152 5319 3428 5373 prrcpoua-

2571 5371 2676 5417 tur.

1889 5441 2182 5516 Episcopus
2198 5450 2359 5505 etiam
2378 5466 2603 5521 quorum
2621 5456 2725 5509 vita
2747 5472 2852 5513 non
2877 5461 3291 5531 reprehenditur
3305 5484 3428 5538 pos-

1818 5537 2070 5593 teriorem
2102 5542 2263 5607 priori
2296 5545 2499 5600 nullum
2534 5560 2833 5620 prmponat,
2866 5554 2966 5609 nisi
2998 5555 3227 5613 fortasse
3249 5560 3427 5616 elatus

1815 5632 2065 5698 superbia
2119 5636 2260 5705 quod
2319 5654 2414 5706 pro
2468 5644 2795 5699 necessitate
2854 5647 3095 5704 ecclesiae
3139 5653 3426 5723 episcopus

1808 5718 2032 5790 jusserit
2059 5726 2279 5797 implere
2303 5737 2617 5790 contemnit.
2649 5734 2792 5793 Sane
2821 5738 2866 5793 si
2894 5739 3125 5796 officiunt
3150 5718 3411 5800 archidia-

1814 5826 2043 5874 conatus
2082 5832 2299 5893 pr0ptcr
2343 5827 2730 5897 simpliciorem
2774 5838 3023 5887 naturam
3068 5835 3296 5904 implere
3332 5846 3424 5889 aut

1813 5912 2069 5984 expedire
2098 5918 2421 5991 nequiverit,
2456 5922 2542 5980 ille
2573 5922 2677 5981 loci
2707 5925 2789 5980 sui
2821 5938 3017 5982 nomen
3049 5936 3230 5985 teneat
3259 5940 3310 5986 et
3331 5941 3423 5982 or-

2976 6017 3020 6085 9
