3950 6226
435 359 495 423 ll
1860 351 2274 413 PR/EFATIO.
3618 342 3694 407 12

431 490 854 566 pertinentibus.
907 489 988 544 Ad
1041 489 1294 560 Dialogus
1332 488 1452 542 illos
1480 486 1626 556 quod
1653 486 1870 548 attinet,
1910 499 1991 537 mu

2168 485 2390 554 quidem
2422 486 2698 539 noluimus
2723 485 2943 539 titulum
2967 483 3060 537 τοῦ
3101 479 3371 552 μακαρίου
3405 478 3689 546 Θεοδωρήη

358 631 366 643 ι
430 626 544 675 του,
573 622 734 679 quem
768 607 878 662 illis
917 605 1146 661 dederat
1175 603 1508 668 Garnerius;
1543 601 1599 656 in
1625 600 2004 672 superioribus
2033 610 2216 655 autem
2258 609 2314 656 et
2343 602 2398 655 in
2437 602 2556 672 ipso
2585 601 2774 656 limine
2806 601 2971 671 hujus
3002 598 3187 669 operis
3216 597 3326 668 jam
3351 592 3617 648 monuimi
3641 606 3704 681 ε,⁵

432 720 544 779 lmo
573 736 751 792 nuper
779 720 837 775 in
863 719 1272 790 Programmate
1295 715 1603 771 Academiae
1630 713 1852 768 nomine
1884 711 2111 782 scripto,
2141 726 2253 782 quo
2299 711 2418 767 dies
2462 711 2631 767 fesms
2669 712 2950 766 memoriae
2989 709 3118 766 Jesu
3143 707 3350 764 Christi
3389 721 3419 760 a
3455 706 3696 760 mortuis

432 831 744 890 resuscitati
784 847 974 888 sacros
1018 832 1349 896 indiximus,
1391 830 1640 885 instituta
1677 844 1804 884 cum
1847 827 2106 900 genuinis
2142 829 2434 899 scriptoris
2465 831 2638 886 nostri
2676 831 2836 886 libris
2863 828 3272 900 comparatione
3316 824 3691 897 probavimus,

429 951 681 1008 libellum
709 951 876 1007 istum
897 951 1052 1006 nullo
1076 952 1200 1022 jure
1221 950 1570 1006 Theodoreto
1594 949 1862 1004 vindicari
1885 964 2068 1020 posse.
2096 949 2330 1005 Textum
2359 950 2608 1008 Graecum
2638 952 2840 1021 passim
2870 967 2938 1007 ex
2965 951 3206 1008 editione
3227 949 3394 1006 Henr.
3429 949 3692 1022 Stephani

430 1075 488 1122 et
514 1082 582 1122 ex
610 1065 816 1123 Bened.
846 1065 1088 1138 Operum
1113 1066 1396 1123 Athanasii
1418 1065 1662 1120 editione
1687 1067 1982 1122 emendare
2013 1066 2190 1123 licuit.
2231 1067 2343 1122 Hac
2378 1068 2826 1137 praestantissima
2847 1067 3130 1123 Athanasii
3159 1067 3404 1122 editione
3439 1066 3520 1121 usi
3553 1081 3694 1134 quo-

430 1196 538 1253 que
565 1195 755 1236 sumus
781 1179 851 1234 ad
885 1179 1258 1236 emendandas
1281 1178 1491 1249 aliquot
1517 1178 1784 1234 lectiones
1829 1178 1888 1233 in
1922 1179 2175 1235 Eutherii
2210 1178 2589 1235 Sermonihus.
2624 1180 2736 1236 Hos
2761 1180 2997 1250 quidem
3041 1178 3358 1234 Harduinus
3398 1177 3454 1232 in
3485 1175 3694 1231 scholio

431 1297 579 1368 quod
621 1303 800 1352 exstat
820 1311 941 1366 pag.
974 1295 1131 1360 1117,
1163 1293 1299 1350 dicit
1325 1302 1438 1346 octo
1471 1301 1522 1346 et
1543 1293 1718 1346 decem
1747 1307 1888 1357 esse,
1917 1293 2014 1349 sed
2042 1292 2134 1348 alii
2159 1295 2274 1350 fere
2309 1311 2504 1351 omnes
2527 1305 2822 1351 numerant
2854 1295 3013 1350 XVII.
3047 1293 3366 1348 Harduinus
3399 1293 3583 1360 itaque
3610 1290 3692 1343 vi-

430 1420 594 1476 detur
617 1418 831 1474 calculo
851 1415 1130 1472 addidisse
1159 1416 1449 1487 epistolam
1477 1415 1625 1470 iilam
1652 1414 2053 1485 prommialem,
2082 1431 2203 1486 quae
2241 1415 2595 1486 praemittitur
2618 1431 2739 1486 pag.
2767 1413 2905 1470 1118
2931 1413 3192 1469 editionis
3220 1420 3443 1465 nostrae.

500 1535 797 1606 Reliquum
838 1543 942 1596 est,
974 1539 1035 1587 ut
1078 1532 1148 1587 de
1200 1532 1270 1588 iis
1308 1533 1579 1598 dicamus,
1612 1548 1734 1602 quae
1766 1531 2162 1588 Addendorum
2200 1535 2425 1590 nomine
2458 1511 2729 1606 complexi
2758 1548 2970 1588 sumus.
3008 1531 3088 1586 Ad
3119 1529 3253 1584 tomi
3277 1526 3443 1598 primi
3479 1534 3693 1596 partem

431 1651 674 1722 priorem
707 1658 821 1705 tum
847 1648 1155 1722 augendam
1182 1655 1300 1704 tum
1325 1649 1708 1705 illustrandam
1735 1650 1882 1705 haud
1915 1666 2110 1722 parum
2136 1651 2394 1707 utilitatis
2417 1653 2578 1708 nobis
2615 1653 2800 1708 attulit
2839 1651 3057 1723 egregia
3099 1649 3190 1704 illa
3211 1647 3416 1703 Catena
3448 1643 3503 1697 in
3526 1640 3691 1698 Octa-
3776 1657 3780 1662 '

433 1763 696 1820 tenchum
723 1771 780 1818 et
809 1761 981 1818 libros
999 1763 1210 1834 Regum
1234 1777 1429 1818 recens
1456 1762 1607 1818 edita
1632 1763 1850 1834 Lipsiae,
1883 1781 1991 1818 ann

2135 1765 2203 1820 72
2233 1775 2290 1820 et
2317 1766 2474 1832 1775,
2499 1783 2620 1837 qua
2664 1765 2989 1822 inscribitur
3032 1761 3196 1833 Σειρὰ
3226 1760 3343 1824 ἐνὸς
3379 1756 3472 1812 καὶ
3496 1754 3692 1823 πεντή-

432 1896 599 1935 κοντα
627 1877 1131 1951 ὑπομνηματιστῶν
1155 1880 1236 1939 εἰς
1261 1878 1360 1950 τὴν
1407 1879 1761 1950 Ὀκτάτευχον
1795 1881 1887 1934 καὶ
1906 1881 1976 1934 τὰ
1999 1881 2109 1935 τῶν
2139 1881 2459 1948 Βασιλειῶν,
2487 1883 2588 1955 ἤδη
2617 1882 2832 1954 πρῶτον
2861 1882 3051 1944 τύποις
3089 1877 3370 1933 ἐκδοθεῖσα
3405 1869 3693 1943 ἐπιμελείᾳ

429 1995 744 2066 Νικηφόρου
784 1992 1162 2066 Ἰερομονὰχου
1192 1993 1288 2047 τοῦ
1309 1993 1594 2049 Θεοτόκου.
1615 1994 1792 2062 Quam
1823 1997 1984 2066 praecl

2135 1999 2180 2054 l'e
2204 2015 2266 2054 re
2297 1999 2565 2055 litteraria
2588 2001 2877 2064 meruerit,
2911 2000 3006 2070 qui
3031 1997 3260 2053 edendae
3289 1995 3455 2066 hujus
3475 1989 3695 2046 Catena.

427 2125 620 2168 curam
656 2109 712 2164 in
736 2123 796 2163 se
816 2107 1081 2178 suscepit,
1110 2107 1197 2162 vir
1219 2121 1400 2162 rever.
1427 2123 1577 2162 nunc
1599 2115 1828 2163 vocatus
1853 2107 2304 2181 archiepiscopus
2333 2113 2389 2166 in
2414 2110 2624 2167 ditione
2662 2112 3019 2174 Venetorum,
3047 2120 3239 2165 nostro
3280 2106 3537 2162 omnibus
3561 2117 3694 2174 pro-

427 2233 549 2289 bari
596 2234 848 2302 cupimus
889 2229 1164 2301 exemplo,
1199 2238 1256 2285 et
1279 2237 1535 2300 optamus
1569 2237 1630 2284 ut
1669 2230 1906 2285 aliorum
1935 2231 2102 2286 etiam
2137 2234 2451 2289 excitentur
2484 2233 2665 2288 studia
2701 2233 2769 2287 ad
2805 2233 3030 2288 Patrum
3075 2231 3278 2301 scripta
3319 2245 3386 2284 ex
3419 2229 3524 2284 hoc
3547 2244 3694 2284 novo

426 2351 579 2408 fonte
606 2349 1010 2420 IocupIetanda.
1033 2348 1267 2420 Largam
1296 2347 1443 2403 enim
1474 2362 1596 2403 esse
1623 2348 1765 2404 hanc
1795 2364 2052 2415 messem,
2080 2351 2388 2422 intelligent
2416 2368 2609 2407 omnes
2641 2368 2708 2407 ex
2730 2352 2838 2406 illis
2873 2366 2995 2421 quae
3022 2365 3144 2420 pag.
3180 2347 3529 2402 1176—1255
3553 2355 3694 2401 attu—

427 2469 595 2526 limus
616 2467 716 2541 (α).
741 2467 856 2524 Nec
875 2465 1112 2537 amplius
1134 2464 1499 2522 dubitandum
1528 2471 1614 2520 est
1637 2465 1706 2520 de
1730 2467 1964 2522 veritate
1989 2470 2338 2540 conjectum,
2366 2469 2421 2524 in
2451 2483 2614 2538 quam
2636 2466 2951 2523 inciderunt
2970 2465 3078 2519 viri
3105 2463 3328 2528 eruditi,
3354 2461 3698 2529 Quaestiones

429 2584 552 2640 illas
578 2580 911 2638 Theodoreti
937 2580 991 2635 in
1021 2578 1421 2636 Octateuchum
1457 2580 1703 2652 aliosque
1735 2581 2026 2638 historicos
2049 2583 2115 2639 ν.
2143 2583 2205 2638 Τ.
2234 2584 2427 2649 libros,
2457 2599 2523 2638 ex
2560 2591 2714 2654 parte
2743 2580 3040 2636 admodum
3075 2578 3336 2650 prolixas,
3377 2591 3486 2631 non
3515 2571 3700 2630 ubivis

429 2705 620 2754 autem
647 2695 781 2751 satis
827 2694 1192 2760 cohaerentes,
1223 2709 1344 2751 esse
1383 2695 1646 2752 conﬂatas
1690 2712 1759 2752 ex
1799 2699 2108 2755 minoribus
2144 2700 2370 2755 scholiis
2411 2700 2479 2754 ad
2523 2701 2672 2755 hunc
2701 2699 2968 2769 illumque
3005 2697 3188 2752 locum
3218 2694 3604 2751 illustrandum
3627 2693 3696 2748 ab

425 2813 524 2870 illo
545 2809 884 2881 compositis.
911 2805 1068 2875 Quod
1101 2816 1164 2862 ut
1182 2822 1249 2863 eo
1273 2809 1450 2880 magis
1476 2820 1767 2882 appareret
1787 2813 2066 2880 omnibus,
2091 2822 2262 2884 utque
2291 2814 2400 2868 illis
2419 2814 2584 2870 utiles
2605 2828 2873 2878 essemus,
2900 2811 2995 2882 qui
3015 2809 3310 2880 aliquando
3339 2808 3407 2863 de
3427 2807 3696 2877 scriptore

425 2929 620 2980 nostro
647 2921 849 2977 iterum
869 2915 1085 2973 edendo
1108 2917 1310 2974 mereri
1331 2919 1523 2985 velint,
1550 2936 1654 2976 nec
1687 2922 1928 2977 alienum
1962 2939 1995 2978 a
2028 2924 2208 2990 nobis,
2231 2940 2336 2980 nec
2362 2925 2655 2981 molestum
2691 2924 3008 2995 putavimus
3046 2923 3292 2980 laborem
3319 2920 3495 2986 illum,
3531 2935 3695 2990 quem

423 3035 484 3093 in
506 3032 868 3106 congerendis
887 3031 1113 3087 scholiis
1129 3030 1198 3086 ad
1221 3031 1340 3088 haec
1361 3043 1618 3105 excerpta
1635 3036 2042 3106 pertinentibus
2061 3039 2210 3094 ultro
2227 3038 2388 3094 nobis
2406 3039 2790 3109 imposuimus.
2810 3039 2889 3093 Ex
2911 3038 3000 3093 his
3020 3037 3164 3092 enim
3191 3035 3457 3106 intelliget
3503 3034 3699 3090 Lector

420 3157 799 3230 Quaestionum
833 3169 1026 3212 earum
1057 3170 1222 3209 unam
1257 3155 1554 3213 alteramve
1585 3158 1823 3215 subinde
1855 3159 1923 3214 ad
1952 3161 2112 3231 plura
2146 3161 2328 3232 capita
2374 3171 2431 3218 et
2462 3172 2736 3218 commata
2777 3160 3078 3232 pertinere,
3107 3156 3406 3226 multisque
3437 3162 3697 3210 constare

423 3279 697 3352 partibus,
728 3291 850 3346 quae
869 3275 924 3330 in
942 3273 1147 3330 Catena
1179 3288 1288 3328 non
1315 3272 1436 3328 sine
1463 3273 1714 3344 improbo
1740 3275 1928 3330 labore
1957 3276 2129 3347 quaeri
2154 3284 2210 3332 et
2237 3277 2414 3350 colligi
2440 3287 2759 3350 potuerunt.
2788 3276 2907 3344 Quo
2941 3272 3165 3346 quidem
3189 3272 3374 3327 labore
3403 3286 3550 3326 nunc
3575 3286 3698 3341 per-

418 3403 548 3452 acto
580 3393 686 3449 hoc
717 3408 820 3447 nos
850 3389 1098 3446 eiecisse
1122 3393 1396 3456 putamus,
1419 3391 1481 3438 ut
1500 3384 1757 3440 facillime
1783 3401 1976 3441 omnes
2007 3402 2338 3458 cognoscere
2366 3388 2599 3459 possint,
2624 3403 2734 3458 quo
2759 3384 3192 3457 unumquodque
3220 3383 3292 3438 sit
3323 3382 3694 3440 referendum.

419 3503 508 3560 Ad
543 3503 716 3559 libros
744 3503 955 3571 Regum
985 3505 1184 3569 praeter
1210 3495 1472 3552 Catenam
1500 3497 1610 3568 jam
1646 3497 1923 3554 laudatam
1959 3501 2044 3556 usi
2082 3517 2272 3559 sumus
2295 3503 2570 3574 excerptis
2609 3519 2677 3558 ex
2701 3501 2986 3558 codicibus
3015 3502 3145 3557 olim
3170 3499 3542 3567 Coislinianis,
3572 3517 3696 3572 pag.

425 3612 565 3670 1196
610 3611 922 3682 descriptis,
963 3625 1088 3681 quae
1121 3610 1396 3666 debentur
1443 3611 1726 3666 studio-cl.
1762 3612 2090 3681 Lohsteinii,
2122 3618 2241 3673 0rd.
2280 3621 2733 3692 philosophorum
2771 3621 2826 3676 in
2857 3619 3025 3676 Acad.
3058 3616 3699 3688 Argentoratensi'nunc

419 3730 688 3802 adiuncti.
731 3726 1312 3807 Subjecimusgeinde
1363 3742 1485 3798 pag.
1527 3727 1663 3783 1234
1692 3744 1808 3800 seq.
1837 3747 1959 3801 quae
1993 3733 2050 3787 in
2095 3736 2410 3806 apographo
2441 3737 2852 3794 Vindobonensi
2889 3747 2947 3794 et
2987 3738 3305 3794 Florentino
3331 3738 3699 3810 deprehendi-

422 3859 548 3901 mus
571 3843 640 3900 ad
663 3841 1089 3914 Hypomnestica
1117 3841 1172 3896 in
1201 3842 1446 3897 Psalmos
1467 3844 1819 3913 pertinentia.

493 3958 708 4016 Indices
731 3957 1005 4014 debentur
1033 3955 1216 4011 studio
1243 3955 1312 4009 cl.
1345 3953 1558 4038 Baveri,
1587 3955 1652 4010 A.
1688 3955 1757 4010 M.
1785 3965 1838 4012 et
1863 3957 2066 4014 scholae
2093 3958 2577 4032 Hirschbergensis
2602 3966 2832 4020 rectoris
2862 3965 3221 4030 meritissimi,
3245 3967 3338 4037 qui
3368 3967 3480 4037 jam
3512 3969 3698 4024 multis

419 4069 625 4142 ingenii
661 4077 824 4139 atque
847 4066 1109 4123 doctrinae
1145 4065 1540 4136 speciminibus
1571 4066 1790 4122 Iaudem
1834 4071 2056 4137 meruit,
2098 4089 2261 4142 quam
2302 4075 2407 4130 hoc
2435 4093 2578 4132 novo
2614 4078 2803 4134 labore
2835 4078 3073 4136 feliciter
3104 4090 3328 4150 peracto
3367 4090 3582 4137 auctam
3618 4082 3696 4136 illi

417 4168 782 4258 gratulamur.
815 4181 994 4239 Efﬁcit
1023 4181 1188 4237 etiam
1214 4181 1284 4235 cl.
1319 4179 1566 4236 Bertram
1590 4182 1654 4238 Α.
1694 4183 1762 4238 Μ.
1788 4185 2110 4243 assiduitate
2134 4205 2233 4244 sua
2257 4199 2316 4245 et
2347 4191 2546 4246 eximia
2581 4193 2887 4265 diIigentia,
2921 4205 2980 4250 ut
3004 4197 3161 4251 multi
3182 4197 3530 4266 mirarentur,
3559 4201 3695 4257 adeo

415 4321 546 4362 rara
579 4305 634 4360 in
670 4305 776 4360 hoc
805 4305 1063 4359 universo
1099 4313 1267 4371 opere
1287 4313 1408 4353 esse
1445 4300 1854 4371 typothetarum
1880 4303 2210 4373 spbalmata.

489 4420 639 4476 Inter
663 4421 898 4474 maxima
927 4430 1109 4475 autem
1145 4418 1433 4486 beneﬁcia,
1471 4437 1594 4492 qua:
1617 4423 1730 4478 Deo
1770 4424 1832 4479 T.
1859 4425 1922 4481 Ο.
1950 4427 2018 4482 M.
2052 4439 2276 4500 accepta
2310 4430 2512 4496 refero,
2543 4432 2648 4488 hoc
2685 4433 2956 4504 imprimis
2988 4445 3087 4500 per
3114 4441 3284 4487 totam
3323 4435 3492 4490 vitam
3517 4453 3692 4493 meam

412 4533 735 4599 «celebrabo,
759 4535 904 4604 quod
928 4535 1199 4591 hodierno
1232 4537 1321 4592 die
1345 4555 1413 4593 ex
1436 4547 1565 4595 voto
1587 4540 1719 4594 mihi
1755 4543 2004 4624 contigit.
2041 4543 2352 4615 Adjuvante
2376 4547 2522 4602 enim
2555 4547 2760 4614 divina,
2793 4565 2916 4619 qua:
2952 4565 3144 4607 omnes
3185 4554 3542 4625 Cogitationes
3570 4558 3692 4613 Iau-

415 4650 630 4722 desque
655 4663 870 4709 nostras
889 4663 1134 4725 superat,
1164 4656 1358 4728 gratia,
1382 4657 1449 4713 ad
1483 4659 1648 4714 ﬁnem
1681 4677 1826 4716 nunc
1860 4663 2161 4733 perductus
2183 4675 2269 4721 est
2298 4667 2472 4730 labor,
2503 4683 2600 4738 per
2629 4677 2773 4736 octo,
2808 4679 2864 4726 et
2885 4673 3033 4743 quod
3064 4676 3326 4742 excurrit,
3353 4692 3524 4734 annos
3549 4679 3693 4734 inter

421 4763 625 4820 multas
648 4764 995 4823 diIIicultates
1017 4776 1074 4824 et
1098 4770 1512 4830 vicissitudines
1531 4775 1904 4834 continuatus.
1928 4779 2101 4848 Quem
2136 4789 2196 4836 ut
2233 4783 2377 4839 Deus
2403 4784 2455 4838 in
2481 4787 2680 4840 summi
2706 4790 2945 4846 nominis
2968 4791 3052 4846 sui
3075 4793 3324 4863 gloriam,
3357 4796 3691 4866 multamque

421 4879 657 4935 aliorum
683 4879 977 4938 utilitatem
1008 4883 1208 4939 cedere
1233 4884 1444 4956 jubeat,
1481 4887 1712 4957 supplex
1737 4903 1858 4944 oro.

492 4992 696 5048 Dabam
730 4990 897 5060 Halm,
921 4993 978 5050 in
1011 4997 1304 5054 Academia
1332 4999 1730 5066 Fridericiana,
1767 5001 1821 5055 d.
1857 5019 1979 5058 xxv:
2005 5004 2226 5075 Aprilis,
2254 5005 2318 5061 Α.
2358 5009 2423 5063 R.
2463 5009 2519 5064 S.
2547 4987 2892 5071 unccuxxut.

423 5148 1398 5295 ξοὲξὲΐιξᾚὶιτζπίεωιεηι
1423 5174 1488 5215 ex
1513 5170 1703 5216 catena
1729 5160 1996 5233 Lipsiensi
2035 5179 2355 5234 expressam
2377 5167 2444 5223 ad
2472 5179 2677 5226 tomum
2734 5174 2973 5244 primum
3035 5182 3412 5240 revocavimus
3431 5193 3489 5240 et
3518 5187 3686 5241 textui

3691 5277 3706 5377 ἱ
