3950 6226
265 416 329 482 33
1421 425 1894 487 AUCTARIUM.
1922 451 1989 460 —
2029 427 2128 486 AD
2162 427 2337 488 TOM.
2377 428 2470 488 1V.
3467 428 3541 497 34

305 636 3503 674 mm

1453 834 1602 921 AD
1685 831 2119 925 TOMUM
2203 835 2365 924 IV.

1175 1052 1660 1113 THEODORETI
1696 1052 2100 1114 SERMONES
2138 1055 2234 1114 ET
2271 1054 2640 1117 HOMILUE.

250 1404 636 1474 Θεοδωρήτου
679 1404 729 1437 ³⁸
765 1405 1114 1460 ἐπισκόπου
1149 1404 1367 1476 Κύρου,
1418 1403 1712 1476 ἐγκώμιον
1761 1406 1845 1476 είς

1959 1403 2062 1476 Βῆ,
2099 1404 2405 1476 Theodoreti
2454 1406 2679 1476 episcopi
2719 1404 2864 1476 Cyri,
2920 1408 2976 1461 in
3011 1411 3341 1468 nativitatem
3386 1431 3539 1473 vene-

312 1473 439 1543 τὴν
456 1473 772 1546 γέννησιν
800 1476 911 1530 τοῦ
941 1476 1184 1545 ἐντίμου
1210 1475 1308 1546 καί
1336 1473 1591 1546 ἐνδόξου
1618 1475 1849 1544 προφή-

314 1565 415 1600 του
444 1544 546 1601 αἰαὶ
580 1544 939 1616 προδρόμου
971 1544 1314 1600 Βαπτιστοῦ
1345 1544 1646 1599 Ἰωάννου.

317 1654 380 1711 El.
417 1658 523 1727 μὲν
558 1660 590 1712 ὁ
619 1656 723 1710 τοῦ
749 1657 927 1725 Λόγου
953 1656 1128 1728 κήρυξ
1160 1656 1252 1710 καὶ
1281 1656 1586 1728 πρόδρομος
1610 1656 1718 1710 τῶν
1751 1658 1849 1711 κὰ-

254 1769 324 1805 τω
344 1750 521 1819 λόγων
563 1750 749 1804 ἐδεῖτο
791 1750 928 1822 πρὸς
957 1749 1199 1814 ἔπαινον,
1227 1749 1448 1821 θαρρεῖν
1485 1750 1584 1821 μὲν
1619 1749 1726 1803 οὐδ’
1757 1749 1849 1802 οὖ-

257 1859 353 1905 τως
402 1843 433 1895 ὁ
483 1841 692 1912 παρὼν
742 1835 857 1912 εἷχε
897 1841 1074 1910 λόγος,
1127 1841 1188 1894 τὺ
1220 1841 1480 1894 ἀδύνατον
1515 1842 1652 1912 τάχα
1687 1840 1720 1912 ἢ
1755 1840 1849 1896 καὶ

259 1931 452 2003 ἄπορον
489 1929 972 2002 προϐαλλόμενος,
1005 1931 1100 1984 καὶ
1127 1929 1189 1983 τὸ
1228 1928 1400 2000 μείζω
1433 1928 1466 2000 ἢ
1499 1928 1641 1982 κατὰ
1683 1929 1846 1982 δύνα-

264 2039 345 2091 μιν
370 2022 564 2091 λόγου,
585 2022 695 2093 τὴν
717 2019 1000 2094 παροῦσαν
1025 2019 1278 2074 ὑπόθεσιν
1299 2021 1510 2091 ὲνορᾷν·
1541 2019 1664 2074 ἐπεὶ
1695 2020 1739 2073 δ’
1760 2013 1848 2074 οὗ·

260 2134 342 2181 τος
363 2117 578 2172 ἀνωθεν
609 2116 734 2188 μὲν,
781 2117 876 2170 καὶ
902 2116 1054 2188 παρὰ
1079 2115 1174 2169 τοῦ
1220 2115 1335 2170 ἀνω
1377 2115 1473 2172 καὶ
1507 2115 1724 2188 πρώτου
1753 2116 1850 2170 Δό-

262 2226 372 2277 γου,
397 2210 502 2280 τὴν
533 2209 848 2282 μαρτυρίαν
889 2208 1079 2278 εἷληφε
1133 2207 1349 2264 καὶτὸν
1384 2206 1627 2276 ἔπαινον,
1663 2225 1848 2280 περιτ-

263 2302 345 2364 τὸς
376 2299 476 2372 μὲν
506 2301 663 2364 ἅπας
689 2300 848 2368 λόγος
874 2299 1024 2370 αὐτῷ
1058 2299 1490 2371 προσαγόμενος,
1524 2296 1778 2370 περιττὸς
1801 2298 1847 2352 δ’

264 2392 291 2444 ὁ
309 2393 402 2462 τῆς
431 2390 692 2461 γλώττης
721 2389 941 2455 ἔπαινος
972 2388 1163 2444 τούτου
1197 2389 1336 2460 πρὸς
1363 2388 1638 2461 εὐφημίαν
1665 2387 1847 2443 κινού-

269 2501 434 2554 μενος.
475 2484 582 2547 Τίς
617 2483 663 2515 ³⁸
712 2482 822 2555 γὰρ
854 2483 950 2537 καὶ
980 2482 1123 2537 είποι
1168 2482 1231 2535 τὸ
1269 2481 1541 2546 τοσοῦτον,
1565 2483 1630 2534 δι’
1662 2482 1724 2534 οὐ
1754 2481 1849 2535 καὶ

269 2576 442 2640 ποσῶς
473 2576 580 2646 τῆς
613 2574 872 2646 ἀληθείας
901 2574 1180 2643 ὲφίκοιτο;
1216 2574 1350 2628 Οὐδὲ
1373 2573 1483 2645 γὰρ
1517 2574 1625 2627 οὐδ’
1650 2576 1700 2627 εί
1742 2575 1850 2636 πᾶς

267 2665 414 2733 λόγος
442 2667 524 2729 είς
549 2665 611 2718 ἓν
638 2665 742 2736 ἤδη
765 2664 1028 2729 συνέλθοι,
1053 2665 1145 2718 καὶ
1168 2665 1297 2734 μίαν
1323 2663 1640 2718 ἀποτελέσει
1665 2665 1849 2735 φωνὴν

2025 1475 2185 1550 piandi
2218 1484 2269 1528 et
2297 1475 2816 1550 gloriosiprOphetu:
2848 1486 2896 1530 et
2944 1485 3286 1550 praecursoria
3313 1485 3538 1543 Joannis

2025 1545 2312 1616 Baptism,
2341 1545 2654 1602 eucomium;

2025 1657 2255 1714 Etiamsi
2285 1658 2452 1714 Verbi
2486 1675 2666 1730 prreco
2701 1669 2757 1714 et
2794 1676 3104 1730 praecursor
3155 1665 3390 1720 terrenis
3443 1682 3540 1721 vo-

1955 1748 2114 1804 cibus
2149 1749 2217 1804 ad
2260 1743 2631 1805 laudationem
2684 1751 2977 1822 indigeret,
3026 1768 3136 1808 non
3173 1765 3320 1811 esset
3355 1764 3537 1812 tamen

1955 1840 2102 1910 quod
2140 1839 2196 1894 in
2228 1839 2330 1896 hac
2359 1841 2608 1896 oratione
2635 1841 2972 1896 conﬁderem
3007 1859 3020 1895 :
3059 1843 3170 1898 imo
3193 1847 3537 1915 propositum

1953 1940 2339 2002 argumentum
2372 1933 2652 2003 persequi,
2682 1948 2808 1987 cum
2853 1933 3192 2003 impossibile
3245 1944 3302 1990 et
3344 1937 3540 1992 absur-

1954 2021 2108 2087 dum,
2145 2031 2263 2076 tum
2292 2024 2444 2078 omni
2476 2039 2731 2079 sermone
2759 2025 2937 2095 majus
2975 2039 3118 2090 esse,
3146 2037 3528 2096 praetexerem.

1953 2113 2090 2170 Cum
2122 2123 2307 2171 autem
2335 2115 2426 2171 ille
2448 2116 2666 2172 coalitus
2687 2123 2743 2170 et
2768 2132 2798 2170 a
2823 2116 3012 2171 divino
3039 2119 3330 2189 primoque
3356 2121 3538 2176 Verbo

1956 2206 2330 2261 testimonium
2356 2222 2420 2262 ac
2453 2206 2670 2262 laudem
2698 2208 2994 2278 acceperit,
3020 2208 3224 2264 frustra
3251 2210 3323 2265 sit
3356 2213 3538 2267 omnis

1953 2298 2134 2355 oratio
2165 2299 2414 2370 quaesita,
2446 2299 2652 2355 frustra
2693 2299 2894 2370 lingua:
2924 2302 3260 2370 praeconium
3309 2303 3429 2374 ejus
3477 2305 3537 2359 in

1954 2391 2222 2447 honorem
2256 2391 2589 2446 adhibitum.
2619 2389 2755 2458 Quis
2786 2391 2871 2445 vel
2903 2407 3074 2448 unum
3127 2392 3263 2448 illud
3305 2393 3530 2458 dixerit,

1954 2499 1986 2540 a
2018 2499 2129 2555 quo
2166 2492 2224 2539 et
2251 2500 2359 2555 qua
2403 2484 2620 2539 ratione
2652 2483 2939 2538 veritatem
2969 2484 3137 2538 fuerit
3161 2500 3491 2542 consecutus
3514 2488 3537 2538 ’ἒ

1953 2575 2143 2646 Neque
2175 2575 2345 2641 enim,
2392 2575 2439 2630 si
2479 2575 2662 2630 omnis
2699 2576 2879 2630 oratio
2918 2577 2974 2630 in
3009 2575 3236 2630 delicias
3259 2577 3405 2647 ipsas
3444 2593 3537 2632 co-

1955 2677 2076 2722 acta
2108 2667 2201 2734 sit,
2236 2682 2539 2738 vocemque
2565 2667 2782 2721 unicam
2815 2667 3157 2737 splendidam
3205 2668 3314 2738 85
3337 2677 3394 2723 et
3423 2683 3537 2722 ma-

268 2757 668 2828 )αμπρόφωνον
707 2757 826 2827 ἃμα
864 2756 963 2810 καὶ
1006 2755 1408 2828 μεγαλόφωνον,
1442 2757 1535 2812 τὸν
1570 2757 1720 2823 ἄξιον
1769 2757 1845 2828 τῷ

1959 2775 2114 2831 gnam
2149 2758 2465 2830 perfecerit,
2491 2758 2689 2814 Joanni
2711 2757 2899 2815 divino
2918 2759 3144 2814 numine
3183 2777 3347 2829 supra
3371 2777 3535 2830 quam

270 2849 542 2921 Βαπτιστῇ
572 2849 798 2904 ἔπαινον
823 2850 1070 2920 ἀποδοίη,
1095 2849 1251 2904 πάνθ’
1274 2850 1413 2921 ὑπὲρ
1445 2851 1603 2920 λόγον
1629 2851 1709 2922 τῷ
1735 2851 1853 2904 θεο-

270 2939 455 3011 λήπτῳ
494 2943 699 3010 ἔχοντι,
755 2941 932 2996 πάντα
988 2941 1206 3013 ἄληπτά
1251 2958 1310 2994 τε
1342 2943 1438 2996 καὶ
1479 2940 1846 3012 ἀπερίληπτα.

271 3030 430 3085 Ὥστε
489 3032 645 3102 αὐτῷ
705 3034 804 3104 μὲν
871 3033 1168 3104 ἀποχρῶσα
1223 3034 1382 3104 μόνη,
1443 3035 1477 3106 ἡ
1547 3032 1852 3106 Δεσποτικὴ

271 3120 462 3194 δηλαδὴ
487 3125 586 3177 καὶ
617 3123 738 3176 Θεία
764 3124 936 3196 φωνὴ,
967 3119 1036 3197 ἦς
1073 3126 1167 3177 καὶ
1195 3124 1408 3193 ἀληθῶς
1438 3125 1643 3187 ἐκεῖνος
1677 3123 1846 3190 ἄξιος,

272 3214 359 3265 καὶ
385 3214 452 3266 δι’
481 3215 551 3286 ῆν
579 3213 716 3286 ἀλλη
747 3216 897 3268 πᾶσα
923 3214 1074 3287 φωνὴ
1114 3216 1387 3286 ὑποχωρεί
1437 3215 1514 3285 τῷ
1547 3215 1850 3286 τηλικούτῳ

273 3307 360 3356 καὶ
383 3305 768 3372 ὑπεξίσταται.

333 3400 414 3450 Δι’
437 3397 473 3451 ἃ.
500 3399 596 3450 καὶ
625 3398 775 3469 αὑτῷ
799 3417 890 3468 μοι
915 3397 1124 3469 βέλτιον
1155 3393 1294 3452 εἶναι
1317 3399 1484 3462 δοκεῖ,
1519 3399 1595 3470 μὴ
1627 3398 1846 3470 μικρὸν,

278 3491 348 3562 μὴ
374 3491 520 3562 μέγα
549 3489 889 3559 φθέγξασθαι
915 3492 1008 3545 ἐπὶ
1033 3492 1126 3546 τοῦ
1157 3491 1422 3563 παρόντος
1446 3505 1460 3520 ⁶
1491 3490 1568 3555 ὼς
1591 3490 1658 3545 ἂν
1691 3492 1767 3563 μή
1794 3509 1848 3545 τι

275 3582 360 3634 καὶ
377 3582 515 3648 δόξω
562 3583 828 3653 πράττειν
869 3583 1537 3655 παρακεκινδυνευμένον,
1575 3582 1734 3652 λόγον
1755 3581 1848 3636 τὸν

275 3675 398 3744 παρ’
435 3672 681 3744 ἐμαυτοῦ
701 3674 958 3728 ὑποθέσει
978 3673 1120 3729 οὕτω
1162 3675 1426 3746 μεγέθους
1448 3676 1648 3748 ἐχούσῃ
1673 3692 1847 3748 προσ-

282 3765 484 3819 ϐάλλων
513 3806 530 3830 ,
585 3766 647 3831 ὃς
680 3767 775 3821 καὶ
807 3766 984 3830 ἄλλως
1012 3765 1214 3837 φαῦλος
1245 3767 1552 3840 τυγχάνων,
1603 3767 1703 3823 νῦν
1751 3767 1846 3822 καὶ

277 3856 502 3926 μάλιστα
534 3857 597 3910 τὸ
618 3857 786 3930 μηδὲν
802 3854 942 3912 εἶναι
963 3858 1121 3925 δόξει,
1157 3859 1240 3915 ὅτι
1287 3860 1410 3932 μηδ’
1453 3861 1600 3932 ἐρεῖν
1644 3877 1698 3915 τι
1734 3858 1846 3915 τῶν

272 3951 453 4022 ἐκείνῳ
484 3952 802 4024 προσόντων
827 3953 1130 4026 δυνήσεται.

335 4067 444 4120 Καὶ
470 4067 598 4137 ἐμοὶ
641 4068 742 4139 μὲν
773 4067 863 4122 διὰ
905 4068 1078 4124 ταῦτα
1104 4069 1370 4139 κρείττων
1417 4071 1451 4142 ή
1480 4070 1658 4144 σιωπὴ
1681 4109 1697 4136 ,
1749 4072 1844 4126 καὶ

270 4157 682 4227 λυσιτελεστέρα
711 4159 806 4213 τοῦ
837 4160 1168 4230 φθέγγεσθαι
1187 4177 1202 4194 ο
1230 4161 1350 4215 ἐπεὶ
1381 4163 1427 4216 δ’
1469 4164 1582 4233 ὁρῶ
1615 4164 1843 4229 πολλοὺς

271 4251 342 4322 τῷ
369 4253 662 4323 πράγματι
685 4253 1160 4326 δυσχεραίνοντας,
1185 4254 1392 4310 καὶτὸν
1411 4255 1568 4323 λόγον
1590 4257 1845 4311 ἐκκαλου-

275 4342 461 4411 pem;
485 4382 504 4408 ,
559 4343 658 4397 xci.
715 4343 951 4414 μάλιστα
978 4344 1075 4415 τῆς
1121 4342 1234 4398 τῶν
1283 4346 1542 4412 γενεσὶων
1576 4347 1844 4418 ἐνστάσης

271 4435 498 4505 ἡμέρας,
529 4436 566 4507 ἢ
589 4436 690 4488 καὶ
721 4437 892 4506 μείζω
921 4436 1013 4489 τὸν
1056 4437 1301 4508 παρόντα
1346 4439 1613 4510 πεποίηκε
1655 4440 1843 4494 σύλλο-

272 4543 380 4595 γον,
409 4528 506 4582 καὶ
532 4527 602 4582 δι’
632 4527 702 4596 ἢν
725 4527 1133 4600 ὲμπαράσκευοι
1160 4529 1297 4600 πρὸς
1315 4529 1413 4599 τὴν
1438 4530 1702 4600 ἀκρόασιν
1725 4532 1843 4604 ὲλη-

268 4618 485 4673 λύθασιν
519 4619 784 4683 ἕκαστος,
823 4619 875 4673 οἳ
919 4619 1014 4674 καὶ
1047 4621 1303 4691 περιττόν
1335 4639 1454 4685 πως
1492 4622 1585 4675 καὶ
1615 4621 1842 4694 ἄκαιρον

269 4714 326 4766 τὸ
352 4715 621 4784 ἡμέτερον
666 4712 909 4780 οἴονται,
959 4713 1036 4778 ὡς
1067 4714 1165 4768 καὶ
1203 4714 1271 4767 δι’
1322 4713 1555 4778 ὀνείδους
1599 4716 1838 4770 τιθένσιιο

270 4805 403 4859 δοκῶ
432 4823 525 4876 μοι
555 4805 656 4858 καὶ
687 4805 839 4876 παρὰ
862 4803 1087 4877 γνώμην
1130 4803 1289 4859 λῦσαι
1335 4806 1436 4877 τὴν
1471 4809 1704 4879 σιωπὴν,
1747 4808 1842 4864 καὶ

271 4898 353 4950 τὸν
370 4897 529 4967 λόγον
548 4937 566 4961 ,
593 4897 698 4950 κᾶν
721 4895 932 4966 φαῦλον
949 4896 1102 4961 ὄντα,
1122 4897 1305 4951 δοῦναι
1332 4901 1446 4961 τοῖς
1473 4897 1836 4970 βουλομένοις·

272 4988 340 5053 ὡς
364 4990 429 5042 ἂν
462 4990 538 5060 μὴ
563 4990 662 5043 καὶ
690 4979 985 5060 φαινοίμην
1015 4988 1236 5053 τούτους
1270 4990 1632 5061 παραλυπῶν,
1661 4991 1742 5058 οἷς
1780 4995 1840 5048 τὸ

274 5082 590 5153 χαρίζεσθαι
615 5081 846 5150 βέλτιον.
1585 5090 1587 5092 ’

339 5175 549 5237 Ἄλλως
576 5192 636 5227 τε
668 5174 763 5228 καὶ
795 5173 896 5244 τῆς
927 5173 1114 5243 φωνῆς
1137 5173 1232 5227 νῦν
1261 5175 1651 5246 προαχθείσης,
1675 5178 1840 5247 λυθῆ-

275 5284 354 5321 ναι
373 5269 514 5339 τάχα
548 5267 646 5320 καὶ
665 5266 763 5338 τὴν
803 5267 1079 5338 ἡμετέραν
1107 5268 1275 5338 ἐχρῆν
1307 5269 1399 5321 ἐπὶ
1447 5271 1622 5343 τούτῳ
1658 5274 1842 5344 φωνὴν

275 5359 494 5430 ᾅδουσαν
516 5376 574 5411 τε
596 5357 763 5412 αὐτοῦ
794 5360 862 5412 τὰ
887 5357 1160 5426 γενέθλια,
1178 5360 1274 5412 καὶ
1303 5361 1402 5431 τὴν
1430 5363 1683 5436 ὑπερφυᾶ
1715 5384 1843 5420 κατι

1956 2852 2063 2907 dici
2091 2859 2272 2922 potest
2291 2850 2492 2916 amato,
2521 2850 3099 2921 incomprehensibilia
3126 2851 3310 2905 omnia
3348 2861 3404 2906 et
3436 2851 3538 2905 im-

1954 2958 2144 2998 mensa
2187 2943 2594 3014 complectenti,
2633 2941 2825 3014 dignas
2851 2941 3045 2998 laudes
3074 2941 3359 3013 rependat.
3383 2943 3538 2998 Adeo

1955 3042 2016 3089 ut
2039 3034 2141 3105 ipsi
2167 3034 2329 3088 unica
2355 3049 2459 3088 vox
2490 3033 2744 3099 suﬂiciat,
2776 3033 3058 3089 Dominica
3105 3034 3318 3089 scilicet
3354 3043 3410 3089 et
3447 3035 3535 3090 di-

1951 3127 2099 3190 vina,
2137 3141 2243 3195 qua
2278 3141 2403 3180 cum
2429 3116 2558 3180 vere
2584 3127 2783 3197 dignus
2814 3127 2907 3192 sit,
2933 3126 3114 3181 omnis
3139 3127 3244 3180 alia
3275 3129 3397 3198 ejus
3422 3143 3538 3181 me-

1952 3218 2077 3272 ritis
2099 3217 2246 3272 cedit
2267 3227 2324 3271 et
2352 3216 2582 3272 inferior
2614 3226 2719 3272 est.

2020 3399 2389 3466 Quamobrem
2422 3399 2594 3454 satius
2627 3397 2761 3452 mihi
2790 3396 3012 3453 videtur
3032 3437 3046 3462 ,
3083 3413 3262 3467 neque
3297 3412 3528 3466 parvum

1949 3490 2178 3561 aliquid,
2208 3505 2386 3560 neque
2418 3505 2674 3560 maguum
2703 3489 2771 3544 de
2791 3489 3073 3559 proposito
3103 3497 3428 3558 argumento
3451 3487 3534 3541 lo-

1948 3585 2088 3657 qui:
2119 3590 2181 3638 ut
2223 3599 2296 3637 ne
2339 3581 2470 3652 quid
2506 3580 2873 3651 periculosius
2911 3594 3072 3651 agere
3106 3578 3318 3642 videar,
3367 3587 3534 3632 tanta:

1947 3673 2234 3747 dignitatis
2263 3680 2587 3743 argumento
2613 3685 2922 3726 sermonem
2962 3685 2992 3724 a
3030 3667 3240 3738 meipso
3266 3669 3285 3686 '
3313 3681 3533 3721 accom-

1947 3767 2200 3831 modans,
2223 3763 2319 3835 qui
2349 3778 2475 3819 cum
2505 3761 2710 3832 alioqui
2733 3761 2807 3817 sit
2839 3761 3168 3830 incomptus,
3199 3773 3348 3813 nunc
3381 3767 3533 3813 certe

1946 3858 2161 3916 inutilis
2182 3855 2500 3922 habebitur,
2523 3854 2726 3926 quippe
2750 3853 2846 3924 qui
2868 3853 3006 3908 nihil
3040 3865 3256 3916 eorum,
3281 3865 3404 3919 qute
3423 3849 3534 3904 siut

1946 3952 2006 4008 in
2027 3951 2260 4016 Joanne,
2288 3948 2462 4020 possit
2493 3947 2789 4018 explicare.

2017 4061 2153 4119 Mihi
2195 4061 2420 4132 quidem
2465 4069 2758 4132 propterea
2803 4060 2967 4115 silere
3013 4059 3198 4130 potius
3236 4067 3294 4115 et
3341 4058 3531 4114 utilius

1944 4170 2050 4226 est,
2076 4174 2242 4230 quam
2262 4158 2415 4229 loqui
2445 4176 2458 4212 :
2481 4174 2696 4223 verum,
2715 4172 2839 4212 cum
2863 4156 3068 4211 multos
3083 4155 3298 4210 videam
3326 4153 3380 4208 id
3408 4168 3529 4207 mo-

1942 4253 2082 4309 leste
2111 4252 2278 4316 ferre,
2309 4260 2367 4306 et
2397 4251 2701 4306 orationem
2737 4260 3013 4320 expetere,
3050 4248 3155 4302 hac
3182 4247 3528 4318 potissimum

1943 4344 2324 4400 natalitiorum
2349 4342 2460 4407 die,
2497 4357 2620 4412 qua:
2655 4341 2919 4410 majorem
2955 4338 3087 4394 fecit
3123 4338 3272 4393 hunc
3301 4352 3527 4392 conses-

1944 4452 2088 4503 sum,
2151 4435 2387 4491 maxime
2437 4449 2564 4489 cum
2610 4433 2786 4503 parati
2827 4431 2894 4488 ad
2944 4431 3283 4486 audiendum
3325 4428 3527 4500 singuli

1943 4528 2326 4593 convenerint,
2373 4525 2470 4597 qui
2506 4539 2979 4596 supervacaneum
3035 4520 3440 4593 quodammodo
3471 4527 3528 4574 et

1944 4619 2393 4689 intempestivum
2449 4628 2700 4674 nostrum
2752 4616 3041 4672 consilium
3086 4613 3209 4679 rati,
3251 4613 3307 4668 id
3362 4612 3527 4667 nobis

1941 4711 2148 4780 probro
2179 4718 2492 4778 verterent;
2525 4710 2605 4766 sic
2632 4724 2832 4765 censeo
2859 4706 3183 4762 solvendum
3213 4721 3335 4760 esse
3365 4704 3523 4770 mihi,

1946 4802 2033 4854 vel
2084 4811 2287 4871 praeter
2351 4802 2690 4871 opinionem,
2741 4799 3045 4863 silentium,
3095 4804 3152 4852 et
3194 4793 3523 4860 orationem,

1947 4892 2077 4947 licet
2115 4893 2378 4964 ineptam,
2433 4894 2500 4948 ad
2543 4909 2640 4948 eos
2666 4892 2760 4961 qui
2797 4890 3044 4960 exigunt,
3079 4888 3409 4951 habendam,
3454 4902 3524 4942 ne

1946 4984 2139 5040 videar
2177 4986 2478 5050 offendere,
2515 4984 2718 5054 quibus
2747 4991 2970 5053 praestat
2997 4982 3314 5054 gratiﬁcari.

2014 5188 2083 5242 Et
2117 5202 2251 5241 vero
2295 5202 2420 5248 cum
2465 5201 2571 5240 vox
2617 5188 2976 5256 praecesserit,
3029 5186 3270 5257 oportuit
3308 5201 3526 5257 quoque

1943 5291 2135 5330 vocem
2166 5283 2410 5329 nostram
2447 5275 2604 5330 ocius
2633 5277 2792 5341 solvi,
2835 5294 2955 5347 quae
2988 5278 3236 5331 laudaret
3268 5278 3387 5347 ejus
3425 5293 3524 5331 nam

1947 5366 2141 5431 talitia,
2168 5375 2223 5420 et
2256 5375 2465 5420 natura:
2491 5366 2653 5419 modo
2683 5367 3022 5436 superiorem
3059 5367 3354 5421 adventum
3384 5382 3523 5435 pra:-

276 5452 634 5520 αγγὲλλουσαν
675 5451 925 5522 πρόοδον.
980 5451 1190 5506 Οὐκοῦν
1227 5453 1318 5507 διά
1367 5455 1538 5509 πάντα
1581 5461 1674 5511 καὶ
1712 5478 1844 5529 συγ-

1959 5459 2184 5514 dicaret.
2225 5457 2345 5512 Erit
2391 5457 2575 5526 itaque
2617 5458 2746 5512 huic
2792 5459 3031 5512 sermoni
3069 5459 3329 5512 nonnulla
3367 5459 3524 5512 venia

323 5630 362 5706 ξ’
390 5617 741 5706 Theodoreto
779 5633 1143 5706 quidemqhocj
1170 5636 1481 5689 eucomium
1529 5638 1795 5690 tribuitur
1829 5638 1883 5690 in
1931 5637 2054 5692 cod.
2088 5640 2262 5692 Vatic.
2294 5640 2462 5706 107.1,
2493 5651 2627 5697 teste
2666 5643 2898 5706 Allatio,
2935 5642 3057 5695 aliis
3099 5652 3277 5696 autem
3308 5641 3528 5695 videtur

278 5697 552 5775 Theodoro
594 5697 972 5775 Daphnopata:
1015 5703 1147 5760 illud
1179 5707 1572 5760 vindicandum
1611 5723 1752 5761 esse.
1790 5709 1926 5762 Vide
1959 5710 2169 5762 Fabric.
2209 5709 2343 5765 Bibl.
2387 5697 2477 5766 Gr.
2532 5714 2637 5766 vol.
2675 5714 2762 5775 Vl,

2796 5729 2848 5780 p.
2902 5712 3038 5776 557;
3071 5722 3123 5765 ct
3165 5713 3278 5772 vn,
3313 5728 3364 5780 p.
3398 5711 3522 5764 ιιο.

275 5767 771 5848 [dqm_encomium
818 5767 999 5848 exstat
1030 5775 1304 5848 incodicc
1336 5778 1573 5846 quodam
1605 5778 1958 5833 Bibliothecae
1989 5780 2242 5833 Medicete
2272 5781 2556 5839 Laurent...
2598 5784 2692 5836 ubi
2723 5767 2964 5835 addiem
2991 5767 3057 5834 2'4
3090 5782 3235 5835 Junii
3270 5767 3523 5848 refertur,

275 5841 364 5896 sed
389 5845 595 5915 absque
625 5845 919 5917 scriptoris
958 5847 1200 5901 nomine.
1232 5841 1612 5904 VidIBandiui
1642 5850 1813 5905 Catal.
1848 5859 1886 5902 t.
1922 5851 1962 5915 l,
1996 5866 2049 5919 p.
2083 5851 2206 5904 496.
2281 5853 2322 5882 ³9
2348 5853 2448 5916 τίς.
2482 5854 2626 5908 Edit.
2655 5853 2807 5921 prior
2834 5852 3023 5904 habuit
3054 5853 3125 5903 τί.
