3950 6226
432 375 499 436 35
1659 383 1909 443 OPERU
1918 386 1974 444 Μ
2012 385 2499 446 THEODORETI
3607 390 3681 454 9.6

429 491 594 553 atque
626 486 928 549 excusatio,
967 488 1050 541 vel
1080 488 1208 542 hinc
1232 490 1446 551 saltem,
1487 489 1632 560 quod
1674 490 1883 561 aliquid
1912 506 1996 546 ac-

2113 492 2303 565 γνώμη
2335 492 2414 564 τῷ
2440 493 2582 565 λόγῳ
2612 494 2704 548 καὶ
2732 496 3062 568 παραίτησις
3090 496 3265 559 ἔσται,
3289 499 3456 569 χωρεῖ
3486 498 3599 569 (ιο)
3628 515 3683 552 τι

428 575 834 631 commodatum
897 578 967 633 ad
1013 581 1354 650 propositum
1417 581 1529 651 se
1581 583 2003 652 complectatur.

427 664 584 732 Quod
605 666 649 720 si
675 667 802 723 huic
827 669 941 725 sola
964 686 1112 726 nunc
1131 671 1386 742 Baptistae
1408 672 1668 728 nativitas
1683 675 2008 744 exponenda

429 758 774 829 subjiciatur,
809 773 1005 817 caetera
1031 778 1161 817 vero
1203 764 1714 833 praetermittantur,
1745 765 1851 821 hoc
1890 767 2008 837 ipso

429 848 660 907 fortasse
691 848 919 922 penuria
946 854 1168 910 obtendi
1189 864 1376 924 posset
1403 874 1415 910 :
1444 857 1599 927 quasi
1628 858 1765 912 nihil
1786 874 2002 923 eorum,

430 956 553 1010 qua:
567 953 844 1012 optentur,
863 943 1044 1000 dicere
1056 946 1309 1011 habeam,
1329 948 1635 1018 cujusmodi
1652 959 1781 1005 sunt
1799 951 2004 1017 omnia,

430 1045 554 1099 quae
576 1032 644 1087 de
666 1035 1020 1104 consequenti
1047 1035 1178 1100 vita,
1203 1036 1272 1091 de
1296 1037 1544 1094 moribus
1561 1047 1617 1093 et
1634 1049 1811 1095 morte
1834 1038 2007 1110 ipsius

428 1120 632 1176 omissa
673 1120 894 1176 fuerunt
935 1140 948 1176 :
991 1139 1057 1177 ex
1100 1125 1302 1195 quibus
1344 1134 1525 1183 tamen
1576 1128 1801 1184 laudum
1838 1145 2009 1202 argu-

368 1208 377 1237 "
430 1218 616 1266 menta
636 1218 937 1282 suppetunt
967 1214 1035 1270 iis
1071 1216 1166 1286 qui
1189 1216 1415 1273 laudare
1439 1219 1738 1275 voluerint.

500 1300 821 1373 Quanquam
854 1303 922 1358 de
946 1305 1052 1361 hoc
1085 1307 1205 1376 ipso
1234 1316 1383 1364 recte
1413 1310 1618 1366 sentire
1648 1328 1760 1366 non
1788 1312 2003 1368 videor.

423 1391 567 1460 Quid
600 1394 772 1459 enim,
815 1395 919 1451 etsi
956 1398 1104 1452 nulla
1146 1397 1241 1453 ﬂat
1284 1416 1469 1456 rerum
1513 1401 1743 1457 aliarum
1776 1405 2002 1469 mentio,

426 1499 611 1540 annon
655 1484 774 1541 haec
817 1502 922 1541 una
962 1490 1094 1544 satis
1135 1492 1443 1563 argumenti
1480 1492 1732 1561 suﬁciet,
1780 1505 1836 1551 et
1881 1497 2006 1552 illu-

425 1583 617 1640 strem,
660 1584 722 1630 ut
749 1592 847 1647 par
870 1586 974 1643 est,
1010 1579 1138 1635 licet
1163 1581 1234 1636 sit
1262 1582 1442 1647 unica,
1476 1584 1694 1640 dicendi
1720 1588 2003 1642 materiam

426 1665 838 1735 suppeditabit?
878 1669 1113 1725 Possunt
1147 1672 1406 1730 videlicet
1448 1677 1717 1746 stupenda
1741 1677 1831 1731 illa
1864 1694 2005 1748 prte-

426 1755 580 1811 conis
611 1758 933 1827 primordia,
963 1761 1076 1815 sola
1105 1764 1358 1832 quamvis
1395 1765 1463 1819 ad
1504 1765 1873 1822 laudationem
1905 1782 2001 1824 ac-

2112 586 2250 656 πρὸς
2279 586 2378 658 τὴν
2410 585 2692 641 ὑπόθεσιν.
2736 586 2812 640 Ἐἰ
2841 587 2898 640 δὲ
2928 587 3211 658 πρόκειται
3260 587 3355 641 νῦν
3406 589 3583 660 τούτῳ
3615 591 3685 643 τα

2107 678 2206 744 τῆς
2255 678 2561 746 γεννήσεως
2609 678 2768 748 μόνον
2810 679 2903 733 τοῦ
2945 679 3250 733 Βαπτιστοῦ
3288 679 3503 742 διιέναι,
3542 681 3611 734 τὰ
3638 681 3683 734 δ’

2111 766 2243 820 ἄλλα
2277 768 2609 838 παραλιπεῖν
2637 809 2651 833 ,
2689 771 2783 822 καὶ
2827 769 2914 822 διὰ
2961 769 3119 823 τοῦτο
3168 770 3297 833 ἴσως
3329 771 3684 842 προϐαλεῖ-ται

2110 853 2203 906 καὶ
2233 854 2466 926 ἀπορίαν
2490 871 2503 885 ·
2537 856 2614 919 ὡς
2635 856 2786 911 οὐδὲν
2809 854 2952 928 εἶχον
2986 858 3098 928 (41)
3128 859 3236 912 τῶν
3261 862 3404 915 κατὰ
3427 859 3684 931 βούλησιν

2108 945 2413 1015 εἰρηκέναι,
2436 941 2524 999 οἷα
2546 948 2762 1002 πάντων
2791 950 2917 1020 ἑξῆς
2946 950 3288 1021 παρειμένων
3322 952 3417 1006 καὶ
3449 951 3565 1022 βίου
3585 955 3684 1005 καὶ

2107 1035 2352 1107 ἀγωγῆς,
2384 1038 2480 1092 καὶ
2498 1038 2687 1102 τέλους
2713 1041 2901 1104 αὐτοῦ,
2932 1039 2991 1106 ἐξ
3042 1035 3119 1095 ὧν
3165 1043 3259 1096 καὶ
3288 1045 3402 1108 τοῖς
3440 1045 3683 1099 ἐπαινεῖν

2110 1126 2458 1199 βουλομένοις
2487 1129 2556 1183 τὰ
2582 1131 2680 1202 τῆς
2707 1131 2982 1203 εὐφημίας
3015 1133 3308 1203 προῆκται.

2190 1307 2329 1360 Ἀλλ’
2357 1306 2417 1360 οῦ
2447 1325 2535 1379 μοι
2566 1309 2714 1362 δοκεῖ
2744 1309 2920 1373 καλῶς
2963 1312 3089 1380 περὶ
3118 1311 3269 1366 τοῦδε
3301 1312 3679 1384 ὑπειληφέναι.

2108 1399 2172 1451 Τί
2200 1398 2308 1470 γάρ
2336 1402 2383 1453 εἰ
2424 1401 2591 1471 μηδὲν
2631 1400 2738 1454 τῶν
2780 1402 2955 1455 ἀλλων
2980 1402 3478 1474 διαμνημονεύσας
3515 1407 3681 1460 Ἀπο-

2107 1491 2300 1561 χρήσει
2330 1489 2439 1561 γὰρ
2462 1493 2674 1556 πάντως
2696 1491 2846 1564 αὐτῷ
2868 1494 2960 1548 καὶ
2993 1496 3153 1563 μόνον
3178 1497 3375 1570 δηλαδὴ
3396 1499 3457 1552 τὸ
3483 1499 3679 1572 παρόν*

2107 1580 2397 1634 πολλοστὸν
2428 1583 2527 1655 μὲν
2554 1586 2651 1654 τῆς
2687 1585 2815 1656 ὅλης
2857 1582 3167 1653 ὑποθέσεως
3210 1589 3289 1656 ὃν,
3320 1591 3583 1663 λαμπρὰν
3608 1593 3677 1660 δ’,

2103 1672 2177 1735 ὡς
2204 1672 2370 1739 εἰκὸς,
2406 1675 2590 1747 φέρον,
2624 1678 2717 1729 καὶ
2750 1678 2909 1747 μόνον
2963 1678 3085 1732 καθ’
3116 1680 3249 1734 αὐτὸ
3273 1681 3371 1754 τὴν
3409 1683 3678 1755 διήγησιν.

2119 1766 2271 1820 Ἐπεὶ
2302 1770 2395 1821 καὶ
2430 1765 2567 1822 οἶδεν
2599 1773 2630 1841 ή
2672 1771 2960 1843 θαυμαστὴ
3012 1772 3107 1827 τοῦ
3143 1777 3382 1847 κήρυκος
3429 1778 3677 1849 πρόοδος,

425 1847 646 1914 cersita,
678 1856 856 1903 totum
894 1851 1161 1908 orationis
1190 1866 1575 1925 argumentum
1616 1858 1734 1912 sine
1779 1858 1888 1913 ulla
1914 1859 1996 1915 di-

2106 1857 2198 1909 καὶ
2221 1858 2359 1928 μόνη
2388 1858 2526 1930 πρὸς
2550 1841 2971 1932 μνήμην-ἰοῦσα,
2998 1864 3124 1935 ὅλην
3151 1841 3521 1938 τε-πληρῶσαι
3548 1841 3683 1921 ﬁnd.

423 1940 705 2009 gressione
731 1940 980 2011 implere.

492 2132 554 2188 lu
575 2134 722 2190 hunc
750 2134 918 2207 igitur
937 2151 1213 2207 campum,
1248 2149 1517 2209 quantum
1545 2140 1694 2207 licet,
1718 2157 1819 2212 pro
1852 2141 2000 2196 virili

422 2232 597 2296 parte,
621 2235 882 2282 excurrat
903 2226 1101 2293 oratio,
1121 2228 1451 2301 omissisque
1474 2229 1617 2296 aliis,
1645 2247 1767 2301 quae
1788 2232 2001 2303 singula

420 2333 600 2383 suam,
624 2328 684 2372 ut
700 2320 874 2386 scitis,
901 2319 1210 2375 disserendi
1235 2323 1521 2377 materiem
1538 2323 1763 2389 habent,
1782 2332 2001 2395 oportet

421 2409 676 2479 primum,
700 2409 769 2464 de
796 2410 901 2464 viri
934 2427 965 2466 a
997 2411 1111 2466 Deo
1139 2411 1307 2468 amati
1342 2414 1664 2484 parentibus
1689 2431 1998 2471 sermonem

422 2502 649 2568 habere,
678 2502 772 2574 qui
804 2502 1028 2570 fuerint,
1050 2506 1329 2576 quomodo
1351 2506 1555 2561 donum
1579 2508 1713 2578 ipsis
1735 2508 2000 2565 divinitus

418 2611 487 2650 ac
517 2605 715 2665 praeter
729 2606 939 2652 naturae
958 2597 1107 2668 leges
1121 2598 1408 2655 advenerit
1427 2618 1439 2653 :
1458 2600 1782 2669 praeclarum
1801 2616 1999 2672 nempe
2027 2618 2033 2642 ι

420 2685 552 2741 illud
578 2701 803 2757 germen
835 2685 1013 2743 felicis
1040 2697 1334 2757 parentum
1367 2699 1576 2759 partus,
1612 2702 1997 2747 ornamentum

420 2775 565 2830 idem
596 2790 661 2830 ac
690 2776 976 2831 terminus.

493 2869 509 2888 '
532 2866 667 2934 Quis
700 2882 829 2923 vero
852 2866 1174 2923 Zachariam
1205 2876 1263 2923 et
1291 2868 1660 2925 Elisabetham
1686 2886 1798 2925 non
1820 2871 1994 2939 novit,
2046 2868 2069 2886 "

414 2957 676 3029 conjugio
700 2974 766 3012 ac
790 2957 1039 3013 moribus
1066 2956 1262 3013 iisdem
1284 2960 1629 3031 conjunctos,
1657 2961 1861 3017 virtute
1886 2978 1998 3018 non

418 3050 601 3105 minus
629 3050 917 3105 devinctos
950 3065 1116 3120 quam
1143 3065 1397 3121 corpore,
1426 3051 1579 3106 nullo
1610 3068 1795 3107 rerum
1824 3061 1999 3108 terre-

414 3157 612 3198 narum
641 3141 827 3197 studio
857 3140 1170 3212 depressos,
1217 3142 1285 3197 ad
1312 3142 1557 3198 coelestia
1588 3151 1730 3199 totos
1755 3158 1995 3215 propen-

416 3235 612 3290 dentes
641 3253 655 3288 :
681 3248 917 3305 quorum
951 3234 1078 3289 vita:
1112 3235 1345 3305 puritas,
1378 3249 1614 3305 quorum
1644 3235 1893 3290 ascensio
1925 3235 1994 3290 ad

416 3327 611 3391 Deum,
640 3340 878 3396 quorum
900 3339 1032 3379 cura
1056 3326 1368 3390 meliorum,
1391 3333 1448 3381 et
1472 3325 1672 3381 mentis
1699 3326 1855 3396 quasi
1879 3325 1995 3381 dei—

420 3418 617 3480 ticatio,
651 3417 762 3486 87
797 3431 1033 3485 quorum
1073 3431 1198 3470 cum
1239 3415 1384 3471 inter
1414 3416 1574 3482 alios,
1619 3425 1738 3471 tum
1778 3416 1833 3471 in
1874 3417 1993 3487 ipsa

415 3507 563 3568 tribu
595 3506 831 3579 dignitas
859 3514 915 3562 et
941 3505 1202 3577 splendor
1233 3504 1463 3576 insignis
1483 3505 1558 3561 ita
1581 3505 1703 3572 fuit,
1740 3515 1800 3561 ut
1827 3517 1885 3563 et
1914 3508 1992 3562 ibi

414 3596 731 3653 domesticis
762 3595 1175 3652 antecellerent.

483 3690 562 3746 Ex
584 3689 905 3760 prophetica
935 3689 1084 3745 enim
1102 3696 1160 3744 et
1185 3688 1512 3744 sacerdotali
1531 3690 1700 3762 stirpe
1723 3691 1992 3747 oriundus

407 3790 534 3837 erat
571 3780 895 3846 Zacharias;
948 3778 1297 3850 prophetissa
1346 3779 1552 3850 pariter
1601 3780 1717 3850 ipsa
1766 3782 1987 3852 conjux,

410 3879 638 3945 propter
674 3868 995 3926 aﬂinitatem
1027 3870 1276 3941 ejusdem
1312 3885 1438 3925 cum
1466 3870 1586 3926 viro
1629 3870 1908 3943 dignitatis
1934 3880 1990 3926 et

409 3963 623 4018 ordinis
643 3963 941 4034 particeps.
964 3961 1193 4033 Utnque
1220 3977 1322 4032 pro
1345 3962 1591 4032 simplice
1612 3961 1990 4033 duplexelari-

411 4067 495 4111 tas
526 4055 782 4110 elucebat
812 4072 826 4108 ;
865 4053 921 4109 in
954 4052 1087 4123 ipsis
1133 4067 1350 4108 omnem
1377 4052 1599 4123 pietatis
1635 4053 1985 4109 exercitatio-

410 4164 537 4204 nem
568 4148 783 4203 diceres
803 4162 925 4202 esse
951 4147 1117 4212 viam,
1138 4146 1285 4201 unde
1313 4161 1505 4202 omnes
1528 4148 1768 4204 celestis
1799 4149 1986 4219 gratia:

409 4240 537 4301 rivi,
568 4246 631 4295 ut
660 4254 761 4309 par
789 4247 892 4303 est,
920 4237 978 4292 in
1007 4251 1104 4292 eos
1127 4235 1453 4293 deﬂuerent.

478 4331 659 4388 Unum
684 4338 803 4385 erat
829 4329 1113 4394 duntaxat,
1139 4328 1288 4399 quod
1309 4328 1444 4399 ipsis
1466 4343 1534 4384 ex
1566 4329 1733 4385 animi
1758 4338 1982 4385 senten-

407 4424 485 4479 tia
509 4436 622 4477 non
647 4420 891 4485 cederet,
917 4436 1116 4490 nempe
1140 4436 1207 4476 eo
1228 4434 1401 4489 usque
1420 4420 1624 4477 vixisse
1644 4420 1764 4475 sine
1791 4421 1984 4477 liberis

2103 1949 2274 2015 θεσιν,
2308 1951 2402 2002 καὶ
2432 1951 2597 2021 μηδὲν
2644 1955 3138 2027 προσεπιδεομένην
3180 1957 3288 2010 τῶν
3326 1957 3497 2022 ἄλλως
3533 1977 3680 2032 παρ-

2102 2056 2201 2092 επο
2208 2039 2382 2109 μένων
2411 2041 2488 2111 τῷ
2517 2041 2681 2112 λόγῳ.

2175 2129 2384 2184 Οὐκοῦν
2415 2149 2505 2201 μοι
2541 2134 2632 2186 καὶ
2671 2134 2749 2196 ὡς
2795 2135 3072 2207 ἐγχωροῦν
3112 2137 3323 2204 διεξίτω
3352 2142 3379 2194 ὁ
3405 2140 3560 2211 λόγος
3607 2143 3680 2197 τὰ

2102 2219 2231 2289 περὶ
2252 2220 2476 2292 ταύτης,
2499 2221 2565 2275 τὰ
2588 2222 2724 2276 ἄλλα
2747 2224 2917 2294 δήπου
2949 2229 3168 2298 παρεὶς,
3188 2223 3262 2283 ὧν
3284 2231 3515 2286 ἕκαστον
3542 2234 3681 2288 ἰδίαν

2103 2310 2234 2380 ἔχει,
2260 2312 2333 2375 ὡς
2362 2314 2497 2390 ἴστε,
2525 2316 2618 2367 καὶ
2640 2314 2736 2388 τὴν
2763 2318 3049 2373 ὑπόθεσιν’
3081 2320 3214 2374 ἀλλά
3244 2322 3353 2394 γὰρ
3379 2324 3679 2393 ἀναγκαῖον

2100 2400 2210 2452 τῶν
2239 2401 2331 2453 τοῦ
2368 2401 2664 2474 θεολήπτου
2701 2407 2892 2477 πρῶτα
2920 2409 3227 2482 μνησθῆναι
3253 2413 3532 2485 πατέρων.
3567 2417 3680 2469 Καὶ

2101 2491 2295 2554 οἵτινες
2316 2485 2485 2557 οὗτοι,
2519 2495 2608 2548 καὶ
2629 2496 2775 2561 ὅπως
2802 2497 2972 2570 δῶρον
2999 2501 3182 2566 αὐτοῖς
3229 2503 3435 2568 θεόθεν,
3487 2505 3583 2559 καὶ
3611 2506 3677 2559 οὐ

2101 2583 2240 2638 κατὰ
2271 2587 2434 2654 φύσιν
2469 2588 2529 2639 τὸ
2581 2589 2744 2642 καλὸν
2789 2590 2948 2644 τοῦτο
2997 2592 3284 2664 βλάστημα
3317 2595 3438 2664 ἔφυ,
3470 2595 3678 2669 κόσμος

2100 2674 2237 2744 ἅμα,
2273 2675 2366 2729 καὶ
2392 2677 2517 2747 ὄρος
2546 2670 2829 2744 εὐπαιδίας
2854 2684 2965 2745 τοῖς
3003 2683 3288 2753 ἐνεγκοῦσι
3320 2687 3618 2758 γινόμενον.

2180 2850 2341 2904 Ἀλλά
2364 2852 2448 2916 τίς
2471 2853 2571 2906 οὐκ
2604 2850 2712 2908 οἶδε
2739 2856 3014 2928 Ζαχαρίαν
3041 2860 3133 2913 καὶ
3177 2861 3456 2916 Ἐλισάϐετ
3480 2905 3496 2930 ,
3546 2866 3674 2931 τοὺς

2096 2939 2420 3028 ὁμοζύγους,
2450 2945 2542 2999 καὶ
2568 2947 2925 3017 ὁμοτρόπους,
2952 2951 3046 3003 καὶ
3077 2952 3175 3023 οὐχ
3195 2948 3358 3026 ἦττον
3385 2956 3526 3010 κατά
3546 2958 3674 3028 ἀρε-

2094 3027 2194 3100 τὴν
2229 3032 2616 3102 συναφθέντας,
2667 3035 2871 3107 ἤκατά
2917 3038 3110 3109 σῶμα;
3155 3044 3283 3106 τοὺς
3335 3046 3522 3116 μηδενὶ
3563 3027 3677 3100 τῶν

2098 3122 2249 3177 κάτω
2279 3126 2669 3210 καταχθέντας,
2704 3129 2818 3182 ἀλλ’
2848 3131 3003 3194 ὅλους
3035 3134 3171 3206 πρὸς
3207 3135 3275 3189 τά
3305 3137 3418 3192 ἀνω
3445 3156 3678 3210 μετατε-

2022 3185 2064 3243 C
2098 3213 2310 3301 θέντας,
2340 3185 2480 3289 divi!)
2505 3185 2790 3291 κάθαρσις,
2818 3223 2911 3276 καὶ
2943 3185 3018 3278 ὧν

2095 3295 2171 3392 ibi)
2201 3306 2234 3375 ἡ
2264 3305 2374 3358 τῶν
2403 3309 2728 3379 κρειττόνων
2755 3311 2975 3384 μελέτη,
3003 3316 3097 3369 καὶ
3185 3316 3280 3371 τοῦ
3319 3319 3412 3374 νοῦ
3450 3295 3674 3392 etum,

2093 3389 2169 3449 ὧν
2194 3397 2331 3468 μετά
2360 3398 2471 3453 τῶν
2499 3400 2696 3463 ἄλλων.
2731 3403 2827 3456 καὶ
2848 3405 2987 3459 κατὰ
3012 3407 3167 3476 γένος
3199 3409 3541 3485 λαμπρότης,
3574 3389 3676 3470 καί

2093 3488 2442 3559 περιφάνεια,
2479 3492 2546 3545 ἵν’
2570 3487 2673 3547 ὦσι
2704 3496 2985 3551 κάνταῦθα
3024 3500 3134 3555 τῶν
3170 3503 3290 3558 κατ’
3327 3506 3526 3572 αὐτοὺς
3553 3507 3676 3562 δια-

2092 3580 2367 3650 φέροντες.

2162 3670 2513 3761 ῌροφητικῆς
2537 3674 2648 3747 γὰρ
2683 3676 2776 3731 καὶ
2808 3678 3090 3751 ἱερατικῆς
3123 3683 3294 3755 φυλῆς
3333 3688 3361 3738 ὁ
3390 3689 3671 3761 Ζαχαρίας

2080 3759 2376 3832 ⁹ἐτύγχανε,
2412 3768 2701 3838 προφήτης
2735 3769 2794 3823 δὲ
2824 3772 3041 3839 πάντως
3067 3774 3160 3828 καὶ
3182 3774 3223 3846 η’
3238 3777 3431 3831 τούτου
3461 3759 3666 3849 specu-

2090 3867 2205 3919 γος,
2260 3855 2353 3907 καὶ
2404 3856 2505 3927 τῆς
2551 3858 2720 3932 αὐτῆς
2746 3861 2835 3915 διὰ
2879 3863 2941 3917 τὸ
2974 3866 3230 3936 συναφὲς,
3266 3869 3363 3923 καὶ⁵
3402 3871 3559 3938 ἀξίας
3584 3873 3669 3945 τῷ

2089 3948 2242 4019 ἀνδρὶ
2265 3951 2616 4016 κοινωνοῦσα,
2640 3954 2735 4007 καὶ
2758 3955 2982 4024 τάξεως,
3003 3954 3083 4023 οἷς
3102 3959 3197 4013 καὶ
3215 3962 3417 4032 ἀμφοῖν
3440 3962 3665 4018 διπλοῦν

2087 4037 2206 4091 ἀνθ’
2236 4040 2409 4094 ἁπλοῦ
2439 4041 2500 4095 τὸ
2529 4045 2824 4115 περιφανὲς
2850 4047 3193 4119 ἐγνωρίζετο.
3226 4050 3450 4115 Τούτοις
3478 4053 3667 4107 πᾶσαν

2086 4127 2162 4191 ὡς
2184 4131 2358 4184 εἰπεῖν
2377 4133 2680 4203 ἀσκήσασιν
2701 4135 2982 4200 εὐσεϐείας
3005 4137 3144 4203 ὁδὸν,
3168 4139 3367 4207 πάντα,
3394 4141 3471 4205 ὡς
3486 4141 3657 4210 εἰκὸς,

2087 4218 2312 4290 ἐπέρρει
2347 4220 2442 4273 καὶ
2470 4222 2537 4274 τά
2574 4222 2725 4294 παρὰ
2753 4227 2853 4295 τῆς
2880 4224 3088 4282 ἄνωθεν
3115 4227 3358 4299 χάριτος.

2164 4309 2258 4363 Ἓν
2286 4309 2446 4381 μόνον
2475 4306 2542 4383 ἦν
2586 4312 2647 4366 τὸ
2678 4313 2753 4385 μὴ
2782 4315 2923 4369 κατὰ
2975 4316 3230 4388 πρόθεσιν
3262 4322 3489 4388 ἐκείνοις
3515 4342 3663 4396 συμ-

2086 4398 2288 4464 ϐαῖνον,
2325 4403 2359 4473 ἡ
2380 4404 2438 4458 ὲν
2467 4404 2646 4476 χρόνῳ
2670 4406 2909 4478 τοσούτῳ
2937 4408 3167 4466 ἀπαιδία
3205 4415 3297 4468 καὶ
3331 4415 3614 4488 στείρωσις
3640 4437 3658 4453 ο

405 4523 463 4568 et
485 4511 721 4577 steriles,
749 4510 897 4581 quod
926 4509 1073 4580 apud
1102 4511 1238 4566 alios
1269 4509 1342 4565 ita
1374 4511 1775 4566 exsecrandum
1808 4511 1982 4567 habe-

2104 4492 2112 4545 ι
2140 4496 2253 4557 τοῖς
2281 4493 2393 4591 μὲν
2411 4495 2590 4560 ἄλλοις
2615 4497 2755 4569 τάχα
2777 4500 2871 4553 καὶ
2897 4501 3170 4559 ἀπευκτόν
3198 4524 3314 4571 πως
3352 4510 3527 4565 ἐδόκει
3560 4515 3662 4569 καὶ

407 4606 569 4659 batur
597 4612 653 4659 et
680 4604 977 4675 abiectum,
1008 4610 1071 4656 ut
1104 4610 1236 4656 tunc
1265 4602 1527 4672 temporis
1559 4602 1764 4672 probro
1797 4611 1980 4659 verte-

406 4705 560 4751 retur
598 4714 611 4750 :
645 4710 959 4766 quanquam
983 4710 1095 4750 non
1124 4694 1318 4751 eratid
1346 4693 1482 4765 ipsis
1503 4693 1798 4750 admodum
1823 4695 1982 4751 triste

404 4803 471 4844 ac
502 4787 827 4853 molestum;
861 4796 1132 4843 noverant
1171 4786 1351 4852 enim,
1393 4785 1440 4840 si
1476 4785 1771 4857 quisquam
1812 4785 1978 4854 alius,

403 4880 571 4935 rebus
600 4879 805 4933 nostris
835 4880 1005 4934 Deum
1030 4895 1288 4950 praeesse,
1313 4885 1369 4934 et
1393 4877 1737 4949 singulorum
1767 4878 1979 4934 utilita-

404 4973 554 5027 tibus
581 4970 868 5042 providere
889 4988 905 5035 ;
923 4986 990 5025 ex
1021 4973 1142 5042 ejus
1169 4971 1400 5027 arbitrio
1422 4978 1659 5041 tempus,
1699 4977 1973 5036 naturam,

401 5063 588 5118 omnia
613 5061 851 5132 denique
870 5060 1135 5131 pendere,
1157 5079 1299 5132 quae,
1339 5071 1403 5117 ut
1431 5061 1610 5117 visum
1639 5059 1826 5127 fuerit,
1866 5060 1978 5117 dis-

402 5160 593 5223 ponat,
616 5159 915 5207 commutet
930 5166 995 5207 ac
1013 5151 1299 5206 subvertat
1337 5170 1350 5204 :
1386 5151 1488 5221 ipsi
1496 5149 1833 5225 facillimum
1854 5165 1977 5206 esse

398 5243 647 5299 caelibem
683 5250 903 5297 uterum
930 5241 1167 5312 aperire,
1205 5248 1261 5295 et
1295 5239 1531 5305 edicere,
1566 5246 1631 5293 ut
1671 5237 1835 5293 ell‘eta
1880 5252 1979 5292 na-

399 5346 546 5402 tura,
583 5343 873 5406 postquam
900 5340 1092 5387 exacta
1124 5340 1209 5387 est
1234 5338 1387 5395 tetas,
1413 5330 1612 5401 pariat.
1646 5329 1788 5397 Quid
1826 5330 1974 5385 enim

396 5438 510 5485 tam
550 5427 790 5493 diﬂicile,
817 5426 963 5497 quod
986 5427 1100 5481 Deo
1133 5440 1241 5479 non
1266 5424 1337 5478 sit
1363 5422 1723 5478 facillimum?

2084 4585 2311 4657 ἄθυμον,
2335 4581 2425 4643 οἷα
2448 4589 2509 4642 τδ
2544 4590 2845 4661 τηνικαῦτα
2870 4594 2963 4647 καὶ
2995 4595 3076 4658 είς
3105 4594 3306 4665 ὄνειδος
3337 4601 3501 4673 φέρον
3526 4622 3537 4634 ·
3592 4607 3658 4660 οὐ

2088 4678 2194 4752 μὴν
2220 4680 2315 4743 καὶ
2339 4681 2523 4746 αὐτοῖς
2560 4682 2803 4755 λυπηρὸν
2843 4683 3097 4741 τοσοῦτον
3132 4690 3225 4743 καὶ
3263 4690 3530 4767 δύσφορον
3562 4692 3656 4769 ἦν·

2082 4768 2280 4841 ¹ᾔδεσαν
2305 4772 2414 4842 γὰρ
2436 4773 2484 4825 εί
2517 4773 2611 4826 καί
2638 4790 2786 4838 τινες
2809 4774 2980 4838 ἀλλοι,
3009 4778 3092 4831 ὅτι
3137 4779 3271 4845 Θεός
3308 4783 3456 4838 ἐστιν
3483 4787 3513 4838 ὁ
3539 4790 3659 4854 τοῖς

2083 4861 2373 4931 ἡμετέροις
2399 4863 2725 4927 ἐπιστατῶν,
2744 4865 2849 4935 imi
2871 4865 2934 4919 τδ
2968 4865 3279 4925 λυσιτελοῦν
3312 4872 3543 4930 ἑκάστου
3572 4880 3656 4931 ot-

2083 4951 2351 5022 κονομῶν,
2379 4952 2475 5005 καὶ
2503 4953 2587 5006 ὅτι
2611 4951 2779 5009 αὐτοῦ
2811 4953 3159 5028 βουλομένου,
3187 4962 3282 5015 καὶ
3301 4965 3510 5035 χρόνος,
3557 4970 3657 5023 καὶ

2083 5044 2264 5115 φύσις,
2294 5043 2389 5098 καὶ
2417 5044 2593 5099 πάντα
2618 5044 2774 5115 ὁμοῦ,
2813 5046 2941 5118 παρ’
2964 5048 2992 5101 ὅ
3031 5047 3166 5119 ἔχει,
3192 5053 3286 5107 καὶ
3319 5055 3654 5125 ἀλλοιοῦται,

2080 5138 2175 5192 καὶ
2194 5138 2452 5209 τρέπεται
2472 5154 2483 5167 ·
2502 5130 2547 5205 ᾧ
2567 5136 2751 5209 ῥᾴδιον
2774 5138 2992 5203 πάντως
3010 5142 3103 5195 καὶ
3123 5144 3288 5214 νηδὺν
3307 5146 3521 5219 ἄγαμον
3537 5151 3656 5224 (42)

2078 5229 2311 5296 ἀνοῖξαι,
2346 5229 2440 5283 καὶ
2473 5226 2675 5300 ἔξωρον
2711 5228 2871 5297 φύσιν
2905 5231 3025 5285 καθ’
3060 5232 3211 5305 ὥραν
3242 5236 3655 5307 βλαστάνουσαν

2075 5320 2244 5385 δεῖξαι
2267 5336 2279 5349 ·
2311 5318 2363 5373 τί
2391 5318 2502 5390 γὰρ
2531 5319 2637 5372 τῶν
2667 5320 2887 5392 ἀπόρων
2910 5323 3075 5390 ἐστὶν,
3096 5325 3124 5378 ὃ
3149 5326 3224 5399 μὴ
3246 5328 3324 5400 τῷ
3342 5330 3461 5402 Θεῷ
3490 5351 3655 5405 πορι..

2079 5415 2324 5487 μώτατον
2346 5431 2364 5480 ;

1699 5557 1925 5617 VARUE
1960 5549 2359 5615 LECTIONES.

479 5684 525 5719 “
551 5684 868 5756 Legendum
897 5683 989 5740 vel
1007 5684 1088 5756 δτι
1107 5682 1296 5756 χωρεῖ.
1328 5695 1476 5756 ιιι-τ...
1492 5675 1550 5756 λ.
1580 5676 1663 5756 vel
1698 5675 1865 5756 χωρεῖ
1892 5673 2095 5756 γάρ-τι,
2128 5689 2183 5725 κ.
2215 5669 2355 5756 τἒ
2801 5665 3135 5756 ΡΞΙΞἈεΔῖχειν
3149 5668 3293 5756 (sic).
3314 5668 3425 5756 Sed
3459 5670 3649 5756 legen-

394 5757 527 5812 dum
551 5735 982 5824 ii'J’e'tBﬁiiaJ.‘
1014 5735 1088 5785 *δ’
1110 5735 1349 5822 ’ἄγαμο-ι.
1382 5746 1524 5803 Edit.
1566 5735 1729 5816 prior‘
1750 5735 1986 5799 habebat
2004 5735 2222 5811 ἀγανον.
2254 5738 2372 5795 Non
2395 5735 2769 5795 dubitavimus
2798 5735 3067 5805 amplecti‘
3093 5735 3408 5809 lectionem,
3437 5735 3559 5811 qui
3586 5743 3645 5800 in

396 5826 642 5898 margine
682 5825 921 5895 ascripta
944 5832 1083 5880 erat.
