3950 6226
256 394 321 461 37
1404 401 1840 462 AUCTARIUM

2006 403 2104 462 AD
2141 402 2298 462 TOM
2362 402 2458 461 IV.
3445 398 3517 461 38

321 507 509 574 οὕτως
538 511 575 583 ἡ
606 511 750 582 καλὴ
785 510 923 583 αὕτη
952 512 1084 575 δυὰς
1117 513 1218 566 κάν
1254 514 1364 577 τοῖς
1421 514 1670 567 δοκοῦσιν
1726 515 1833 566 ἁπ-

2010 512 2083 567 lta
2124 513 2447 583 pratelarum
2487 510 2618 565 illud
2660 526 2758 580 par
2793 512 3113 582 coniugum,
3141 510 3306 565 etiam
3347 510 3401 565 in
3449 513 3517 567 iis

257 604 464 663 ευκτοίς
481 601 607 675 Θεῷ
629 604 732 658 οὐκ
766 604 904 658 ἀνίει
945 604 1360 676 εὐχαριστοῦσα,
1384 598 1428 672 ᾧ
1461 605 1668 667 καὶτὰς
1685 606 1834 659 ἐλπί-

257 694 347 759 δας
395 694 633 767 ἀνήρτα,
689 697 788 750 καὶ
836 692 896 752 οὗ
951 697 1111 768 μόνου
1130 695 1237 767 .τῷ
1272 697 1571 768 βουλήματι
1616 698 1830 751 sinere‘

257 788 419 860 ἐχρῆν
443 789 505 843 δὲ
531 789 775 855 πάντως.
810 789 998 861 ὥσπερ
1032 792 1076 843 τ’
1104 789 1239 846 ἄλλα
1271 786 1418 861 εἶχον
1446 790 1682 861 διαφανῆ
1742 790 1836 844 καὶ

259 877 525 950 ἐπίσημα,
557 879 704 933 οὕτω
751 881 848 934 καὶ
894 881 1060 951 γονὴν
1104 880 1409 951 παράδοξον
1447 884 1621 952 σχεῖν-
1656 882 1731 943 ὡς
1769 881 1835 935 ἂν

258 968 427 1040 ἔχοιεν
456 970 667 1043 ταύτην
700 972 922 1044 χάριτος
949 972 1098 1044 ὃλην,
1126 973 1263 1027 ἀλλά
1292 973 1366 1043 μὴ
1397 972 1612 1043 φύσεως
1641 974 1833 1045 δήπου.

320 1242 402 1299 ’Ἥ
423 1245 514 1301 ἴνα
531 1244 595 1299 τὸ
624 1246 817 1318 μεῖζον
831 1246 988 1314 εἷται),
1004 1248 1086 1301 ὅτι
1112 1247 1233 1299 ἐπεὶ
1257 1246 1483 1317 ἔμελλεν
1503 1248 1626 1301 ὅσον
1657 1247 1834 1315 οὔπω,

260 1340 351 1394 καὶ
397 1339 679 1411 Παρθένος
726 1342 903 1394 τεκεῖν
930 1380 945 1404 ,
985 1341 1078 1394 καὶ⁵
1127 1341 1451 1412 ὲγγάστριον
1498 1339 1591 1393 τοῦ
1638 1342 1836 1403 παντὺς

259 1428 397 1497 ἕξειν
438 1432 554 1502 (45)
582 1432 882 1504 Δεσπότην,
916 1432 983 1486 δι’
1002 1425 1064 1487 οὗ
1088 1432 1150 1486 rb
1179 1433 1446 1505 σωτήριον
1480 1432 1675 1495 ἀπασι,
1703 1450 1836 1504 προ-

260 1520 483 1591 δραμεῖν
518 1519 628 1574 {bet
649 1520 748 1575 καὶ
778 1520 869 1575 τὸν
901 1520 1143 1593 παρόντα
1164 1521 1321 1574 τόκον
1346 1520 1409 1574 ού
1439 1519 1836 1591 παραπλησίως

258 1611 365 1673 τοῖς
389 1609 595 1677 ἄλλοις,
621 1609 831 1665 ἐκεῖνόν
863 1609 975 1681 (ﬂ)
1008 1626 1069 1664 τε
1097 1610 1196 1680 τὴν
1237 1609 1542 1683 παρουσίαν
1587 1608 1833 1681 μηνύειν,

259 1699 351 1754 καὶ
378 1701 587 1769 ἀγαθὸν
613 1701 772 1756 τοῦτο
797 1700 893 1756 τοῦ
915 1700 1124 1770 ἀγαθοῦ
1146 1701 1437 1772 τυγχάνειν
1453 1701 1833 1773 προάγγελμα,

261 1792 346 1848 ἴνα
375 1792 439 1846 rb
480 1793 626 1865 ὑπὲρ
670 1792 832 1863 φύσιν
868 1794 1049 1858 τουτὶ,
1094 1793 1156 1846 rb
1189 1793 1631 1865 ύπερφυέστερον
1659 1794 1837 1848 έκεῖνο

1938 620 2061 675 qua:
2104 604 2364 660 videntur
2406 618 2513 658 non
2554 617 2675 659 esse
2717 602 2977 657 materies
3016 617 3263 673 precum,
3312 604 3517 671 gratias

1938 708 2099 764 agere
2137 709 2245 748 non
2269 694 2519 750 cessabat
2541 694 2674 757 Deo,
2707 708 2773 747 ex
2814 708 2925 763 quo
2957 693 3329 763 suspendebat
3363 709 3516 764 Spem

1938 801 2117 850 suam,
2156 796 2213 843 et
2244 789 2401 858 cujus
2432 789 2599 843 unius
2623 788 2960 841 voluntatem
2997 787 3352 856 sequebatur.
3384 786 3517 841 (lin--

1938 877 2071 932 nino
2105 877 2271 948 igitur
2304 893 2530 933 necesse
2569 885 2709 941 erat,
2766 885 2827 931 ut
2870 878 3072 948 quibus
3107 886 3303 934 caetera
3330 893 3520 935 essent

1938 971 2179 1026 illustria
2208 971 2323 1041 88
2358 980 2415 1025 et
2448 970 2703 1041 insignia,
2739 971 2945 1026 sobolis
2974 979 3130 1027 ortus
3152 980 3299 1027 esset
3328 971 3519 1028 insoli-

1938 1068 2049 1124 tus,
2085 1068 2147 1115 ut
2179 1075 2300 1115 eam
2326 1076 2436 1115 non
2468 1076 2499 1115 a
2542 1070 2736 1115 natura
2757 1101 2771 1124 ,
2805 1062 2900 1116 sed
2934 1063 3160 1117 omnino
3191 1062 3457 1118 baberent
3486 1078 3520 1118 a

1937 1152 2132 1222 gratia.

2009 1238 2181 1309 Majus
2230 1238 2436 1311 aliquid
2488 1241 2688 1302 dicam.
2727 1257 2853 1297 cum
2885 1243 3051 1315 Virgo
3084 1245 3329 1315 paritura
3369 1255 3519 1302 esset

1940 1329 2134 1395 illium,
2166 1341 2407 1401 quantus
2443 1334 2578 1387 alias
2614 1348 2778 1388 nemo
2822 1344 2989 1398 esset,
3032 1335 3291 1405 orbisque
3328 1336 3519 1391 Domi-

1937 1435 2093 1484 num,
2120 1436 2151 1475 a
2187 1436 2298 1491 quo
2324 1423 2473 1478 salus
2497 1423 2773 1485 omnibus.
2805 1433 2999 1479 uterus
3024 1425 3409 1496 complexurus
3437 1426 3520 1482 fo-

1937 1518 2043 1575 ret,
2079 1513 2328 1581 oportuit
2354 1521 2415 1567 ut
2438 1528 2680 1584 praesens
2703 1522 2914 1584 partus,
2942 1515 3035 1586 qui
3067 1531 3176 1570 non
3210 1531 3359 1570 more
3385 1516 3520 1572 alio—

1938 1616 2064 1655 rum
2129 1602 2304 1668 fleret,
2364 1605 2603 1676 przeiret,
2662 1614 2719 1662 et
2776 1605 2944 1661 futuri
3009 1606 3156 1662 illius
3222 1607 3516 1663 adventum

1937 1694 2353 1762 praenuntiaret.
2381 1696 2639 1768 Oportuit
2667 1699 2773 1755 hoc
2792 1700 3000 1754 bonum
3034 1699 3165 1755 boni
3198 1700 3345 1755 illius
3383 1717 3521 1772 prte-

1938 1787 2194 1843 nuntium
2225 1789 2522 1857 exsistere;
2567 1800 2627 1846 ut
2660 1793 2761 1848 hoc
2793 1792 2939 1862 quod
2976 1801 3092 1847 erat
3125 1801 3324 1864 prteter
3355 1802 3518 1849 natu-

262 1884 620 1957 πιστώσηται.
642 1886 756 1940 Καὶ
772 1885 982 1941 ἐκεῖθεν
1009 1887 1122 1950 τοῖς
1147 1885 1487 1957 βουλομένοις
1509 1886 1601 1958 ἐξῇ
1631 1887 1719 1941 διὰ
1739 1887 1835 1942 τοῦ

1945 1892 2080 1942 ram,
2102 1879 2180 1934 illi
2204 1880 2350 1951 quod
2372 1883 2543 1936 multo
2563 1884 2735 1955 magis
2752 1892 3004 1940 naturam
3029 1894 3334 1956 superaret,
3355 1884 3518 1940 (idem

260 1978 571 2052 ἀπορρήτου
618 1977 872 2050 δέχεσθαι
913 1978 976 2034 rb
1020 1980 1478 2052 ἀπορρητότερον.
1525 1979 1690 2033 Ἀλλά
1728 1981 1837 2053 γὰρ

261 2070 575 2138 ἀναγκαῖον,
614 2070 709 2124 καὶ
734 2071 882 2133 ὅπως
912 2072 943 2126 δ
970 2070 1271 2143 παράδοξος
1300 2066 1453 2136 οὗτος
1481 2071 1835 2142 συνετελέσθη

263 2162 411 2226 τόκος
437 2164 638 2226 εἰπεῖν,
671 2162 769 2216 καὶ
804 2163 911 2233 πρὸ
936 2162 1090 2217 τοῦδε
1122 2163 1462 2234 θεοσημεῖαι,
1500 2162 1558 2216 αἳ
1582 2163 1676 2217 καὶ
1704 2164 1840 2234 μᾶλ-

262 2253 346 2308 ὶον
370 2255 729 2326 φρικτότερον
750 2253 961 2319 ἔδειξαν
985 2254 1045 2307 rb
1073 2256 1373 2327 παραγθὲν,
1396 2256 1491 2309 καὶ
1509 2255 1610 2326 τῆς
1633 2256 1838 2311 ἀνωθεν

265 2344 496 2415 ἀτεχνῶς
524 2344 759 2416 δώρημα
789 2343 1029 2417 χάριτος.

340 2521 400 2575 Ὅ
427 2521 712 2594 Ζαχαρίας
760 2522 942 2576 τοίνυν
1000 2522 1271 2597 ἱερωσύνῃ
1325 2523 1713 2595 τετιμημένος,
1765 2524 1841 2587 ὡς

268 2613 491 2684 ιφαμεν,
532 2615 629 2667 καὶ
656 2612 752 2667 τοῦ
783 2613 917 2668 λαοῦ
1003 2614 1165 2688 νόμος
1202 2615 1443 2688 ἱερεῦσιν
1470 2616 1844 2687 ὑπερευχόμε-

265 2723 369 2771 νος,
397 2706 475 2771 ὡς
505 2708 535 2760 ό
560 2708 660 2777 τῆς
697 2705 1082 2777 Σκηνοπηγίας
1118 2709 1422 2774 ἐνειστήκει
1458 2710 1685 2779 καιρὸς,
1722 2708 1841 2761 καθ’

266 2795 433 2850 δνκαὶ
453 2795 534 2866 τῷ
565 2797 815 2867 ἀρχιερεῖ
850 2795 996 2866 μόνῳ
1034 2795 1183 2849 ἔνδον
1220 2796 1446 2850 εἰσιέναι
1487 2795 1594 2850 τῶν
1635 2795 1844 2850 ἀδύτων

269 2890 462 2957 ἱφεῖτο,
497 2887 660 2953 αὐτδς
710 2889 810 2960 μὲν
848 2887 987 2942 κατά
1017 2887 1077 2942 rb
1109 2887 1415 2959 εἰθισμένον
1450 2889 1540 2943 τὸν
1567 2889 1693 2943 ναὸν
1725 2892 1840 2943 είσ-

270 2980 359 3035 ιὼν
393 2980 517 3051 Θεῷ
547 2970 607 3034 τε
641 2980 984 3052 ἐντυγχάνων
1012 2976 1103 3053 ἦν,
1165 2982 1260 3034 καὶ
1298 2982 1392 3035 τοῦ
1456 2981 1694 3051 πλήθους
1746 2982 1844 3050 aq)-

271 3088 374 3127 εσιν
415 3071 803 3143 ἐξαιτούμενος
825 3089 838 3103 ·
870 3064 913 3140 ᾧ
946 3073 1039 3126 καὶ
1065 3073 1132 3126 τὰ
1158 3073 1254 3143 τῆς
1283 3073 1448 3143 εὐχῆς
1495 3074 1840 3144 ἀναφέροντι,

270 3163 492 3232 ἄγγελος
506 3164 773 3228 ἐνωπίως
805 3165 1156 3235 παρίσταται,
1191 3164 1418 3235 φοϐερὸς
1450 3165 1549 3236 μὲν
1579 3166 1726 3231 ίδεῖν,
1755 3186 1844 3236 φο-

1939 1974 2231 2024 astrueret.
2278 1971 2433 2026 Unde
2461 1971 2652 2027 liceret
2674 1974 2781 2039 iis,
2823 1975 2915 2046 qui
2945 1976 3166 2042 vellent,
3200 1990 3266 2029 ex
3300 1976 3519 2031 occulto

1939 2061 2211 2117 occultius
2231 2063 2380 2117 aliud
2409 2065 2425 2083 ⁶
2447 2066 2685 2136 assequi.
2721 2067 2827 2121 Sed
2853 2084 3127 2139 exponere
3153 2084 3377 2126 necesse
3409 2078 3522 2135 est,

1939 2153 2219 2221 quomodo
2273 2170 2331 2210 se
2376 2156 2635 2214 habuerit
2670 2158 3015 2218 admirabilis
3072 2162 3162 2216 ille
3203 2170 3415 2232 partus,
3463 2169 3521 2217 et

1939 2254 2144 2314 quanta
2176 2261 2343 2318 super
2374 2263 2441 2303 eo
2467 2258 2721 2319 portenta
2746 2252 3071 2317 acciderint,
3098 2270 3240 2324 quae,
3265 2256 3413 2325 quod
3436 2256 3518 2309 fa-

1940 2344 2089 2391 ctum
2115 2349 2220 2403 est,
2251 2339 2540 2411 ipsumque
2566 2344 2807 2399 cmlestis
2831 2344 3020 2414 gratiae
3055 2345 3257 2400 donum
3285 2348 3521 2401 adrnira-

1941 2426 2108 2484 bilius
2136 2429 2405 2486 fecerunt.

2012 2520 2305 2579 Zacharias
2333 2524 2500 2597 igitur
2529 2541 2653 2581 eum
2679 2538 2845 2591 esset,
2876 2537 2937 2582 ut
2971 2529 3232 2596 diximus,
3261 2532 3517 2587 sacerdo-

1941 2612 2019 2665 tio
2046 2612 2359 2683 insignitus,
2398 2626 2455 2671 et
2494 2633 2595 2687 pro
2631 2619 2855 2689 populo,
2900 2628 2961 2675 ut
2997 2621 3375 2678 sacerdotibus
3401 2624 3519 2695 lege

1942 2702 2260 2757 mandatum
2290 2714 2430 2770 erat,
2469 2722 2662 2776 preces
2688 2707 2963 2774 funderet,
2994 2726 3118 2765 cum
3159 2718 3373 2783 tempus
3403 2729 3522 2768 sce-

1940 2793 2189 2864 nopegire
2209 2794 2447 2862 adesset,
2480 2812 2592 2867 quo
2623 2798 2725 2853 soli
2749 2815 2966 2855 summo
3001 2801 3270 2857 sacerdoti
3292 2802 3374 2858 fas
3402 2813 3523 2858 erat

1942 2880 1998 2935 in
2020 2882 2271 2937 intimum
2287 2884 2510 2956 adytum
2531 2895 2841 2955 penetrare,
2859 2904 2960 2959 pro
2982 2903 3133 2943 more
3155 2891 3416 2961 templum
3440 2890 3525 2946 in-

1942 2989 2182 3044 gressus,
2217 2984 2273 3031 et
2303 2977 2475 3032 Deum
2517 2980 2895 3050 interpellans,
2939 2996 3042 3051 pro
3078 2983 3281 3052 repqu
3303 2983 3521 3039 veniam

1942 3065 2101 3120 enixe
2155 3068 2501 3136 precabatur.
2552 3069 2691 3125 Huic
2740 3087 2933 3141 preces
2984 3061 3525 3131 offerenti°visibilis

1942 3157 2112 3212 astitit
2146 3159 2392 3229 angelus,
2430 3162 2692 3218 terribilis
2726 3163 2871 3227 visu,
2911 3163 3174 3219 terribilis
3206 3172 3261 3219 et
3285 3180 3524 3235 prasen-

270 3255 416 3326 δερος
439 3255 500 3309 δὲ
529 3256 722 3327 στῆναι
743 3256 834 3309 καὶ
860 3256 1001 3326 ὕψει,
1030 3255 1337 3327 φοϐερὸςδ,
1362 3255 1437 3320 ὡς
1463 3256 1628 3323 είκὸς,
1652 3257 1840 3328 ὁμιλῆ-

1945 3248 2038 3310 tia,
2075 3264 2139 3303 ac
2171 3250 2310 3320 ipso,
2346 3260 2406 3306 ut
2443 3253 2705 3309 credibile
2741 3261 2845 3319 est,
2885 3270 3200 3325 congressu.
3236 3256 3520 3323 Zacbaria,

274 3365 387 3402 σαι·
432 3349 494 3413 ὃς
541 3350 638 3404 καὶ
690 3348 770 3419 τῷ
805 3349 1048 3420 Ζαχαρία
1101 3346 1456 3420 εἰσηκοῦσθαί
1497 3365 1629 3418 φησι
1690 3351 1844 3420 παρὰ

271 3439 379 3510 Θεῷ
400 3437 702 3511 εὐχομένω,
735 3439 830 3494 καὶ
856 3440 955 3507 τῆς
982 3440 1220 3510 δεήσεως
1243 3439 1416 3510 πέρας
1442 3437 1560 3492 υίοῦ
1589 3439 1843 3506 ἀπότεξις

272 3530 411 3585 ἔσται
445 3534 514 3604 τῇ
562 3531 851 3603 ὁμοζύγῳ,
878 3533 972 3585 καὶ
1002 3530 1078 3602 τῷ
1106 3531 1410 3601 τικτομένῳ
1444 3531 1617 3602 δνομα
1658 3532 1844 3586 Ἰωάν-

272 3641 377 3694 νης.
404 3623 503 3678 καὶ
530 3622 602 3677 τὰ
624 3623 759 3679 ἄλλα
807 3624 909 3678 ὅσα
943 3623 1077 3694 πρὸς
1131 3621 1280 3694 ῥῆμα
1317 3621 1378 3674 rb
1410 3621 1552 3676 θεῖον
1588 3622 1843 3688 διέξεισιν

276 3716 594 3785 εὐαγγέλιον
612 3732 626 3745 ·
654 3709 738 3779 οἷς
770 3715 866 3771 καὶ
894 3716 922 3767 ὁ
972 3715 1248 3786 Ζαχαρίας
1292 3713 1506 3786 ἁθρόως
1533 3716 1841 3787 ἐνηχηθεὶς,

273 3808 357 3859 καὶ
380 3806 457 3878 τῷ
496 3806 791 3879 παραδόξῳ
825 3807 1218 3876 καταπλαγεὶς,
1246 3807 1307 3859 οὐ
1328 3806 1420 3859 διὰ
1446 3806 1546 3876 τὴν
1581 3810 1844 3877 φανεῖσαν

272 3897 382 3967 θψιν
405 3899 635 3971 (εἴθιστο
658 3899 766 3971 γὰρ
797 3898 890 3952 καὶ
911 3899 1080 3953 πάλαι
1104 3898 1254 3968 αὐτῷ
1278 3898 1348 3952 τὰ
1378 3898 1633 3968 τηλικάδε
1662 3900 1840 3971 όρᾷν),

274 3989 375 4042 ἀλλ’
424 3992 509 4044 ὅτι
561 3992 692 4061 περὶ
742 3989 879 4044 ἄλλα
936 3990 1037 4061 μὲν
1076 3992 1109 4062 ή
1166 3990 1353 4061 δέησις
1385 3990 1578 4061 τούτῳ,
1628 3991 1763 4045 ἄλλα
1788 3993 1845 4047 δὲ

272 4081 599 4151 ἐπήγγελλεν
630 4082 659 4134 ὁ
686 4081 905 4151 φανείς·
933 4083 1032 4154 οὐχ
1076 4081 1295 4153 ὑπήχθη
1344 4083 1528 4149 εὐθὺς,
1560 4084 1654 4137 καὶ
1708 4084 1843 4155 πρὸς

272 4171 357 4240 τὴν
381 4172 566 4224 πίστιν
606 4172 717 4225 τῶν
745 4171 1118 4243 λαλουμένων.
1152 4174 1239 4227 ἵνα
1276 4174 1350 4245 μὴ
1382 4173 1460 4245 τῷ
1483 4175 1662 4246 ῥᾴδιος
1696 4176 1845 4240 δόξαι

273 4261 391 4333 περὶ
418 4264 521 4333 τὴν
563 4264 906 4334 παραδοχὴν,
948 4265 1095 4336 ῥᾴων
1132 4265 1262 4329 ἴσως
1309 4269 1561 4335 φανεῖται
1588 4268 1680 4320 καὶ
1720 4269 1847 4337 περὶ

272 4353 360 4424 τὴν
391 4354 491 4408 τοῦ
514 4355 842 4425 δεδεγμένου
876 4355 1153 4426 ἀποϐολήν
1174 4374 1186 4387 ·
1222 4358 1344 4411 ἐπεὶ
1378 4360 1472 4413 καὶ
1505 4359 1761 4413 εἰώθασιν
1790 4362 1843 4413 αἱ

271 4444 370 4497 τῶν
398 4445 658 4515 μεγάλων
703 4447 1044 4516 πραγμάτων
1083 4447 1382 4518 ὑπερϐολαὶ
1404 4449 1667 4521 ὀκνηροὺς
1706 4451 1846 4521 τάχα

275 4538 389 4607 περὶ
420 4537 525 4609 τὴν
552 4536 775 4607 ταχεῖαν
799 4539 973 4591 ποιεῖν
998 4539 1419 4606 συγκατάθεσιν.

1944 3338 2142 3408 inquit,
2175 3341 2467 3398 exauditus
2499 3359 2559 3399 es
2585 3360 2615 3398 a
2645 3345 2777 3407 Deo,
2819 3354 2873 3401 et
2906 3348 3129 3417 quidem
3161 3349 3304 3404 ultra
3329 3367 3526 3421 preca-

1944 3430 2185 3498 tionem;
2230 3433 2401 3489 ﬁlium
2437 3437 2613 3506 pariet
2648 3439 2866 3510 eonjux,
2910 3438 3151 3496 Joannes
3184 3457 3382 3497 nomen
3417 3445 3523 3500 erit

1943 3522 2138 3579 infanti
2177 3542 2189 3579 :
2228 3527 2441 3598 aliaque
2491 3528 2758 3601 subjecit,
2799 3546 2922 3600 qua:
2959 3530 3027 3586 ad
3068 3533 3298 3589 verbum
3338 3534 3524 3590 divino

1944 3625 2272 3672 enarrantur
2302 3618 2599 3690 Evangelio
2626 3630 2671 3675 ε.
2711 3618 2805 3675 His
2837 3621 3130 3678 Zacharias
3163 3624 3524 3681 vehementer

1943 3707 2249 3774 perculsus,
2274 3716 2330 3762 et
2353 3724 2413 3763 re
2440 3709 2749 3765 admirabili
2774 3712 2887 3782 89
2912 3714 3197 3779 attonitus,
3220 3730 3328 3770 non
3375 3718 3523 3788 quod

1944 3797 2125 3851 visum
2148 3798 2281 3853 illud
2306 3815 2509 3854 novum
2532 3802 2827 3869 accideret,
2856 3804 3066 3860 solebat
3086 3807 3289 3877 quippe
3311 3818 3365 3863 et
3389 3809 3524 3865 alias

1947 3888 2073 3943 talia
2114 3889 2323 3956 videre,
2380 3892 2474 3947 sed
2520 3895 2665 3964 quod
2705 3911 2830 3949 cum
2886 3897 2993 3951 alia
3040 3907 3381 3967 precaretur,
3419 3900 3525 3956 alia

1945 3981 2252 4038 nuntiasset
2282 3986 2374 4056 qui
2411 3988 2664 4057 apparuit
2697 3991 2941 4060 angelus.
2974 3991 3163 4062 Neque
3198 4009 3329 4048 vero
3365 3994 3526 4051 dictis

1947 4071 2108 4127 fidem
2136 4075 2318 4129 statim
2347 4076 2557 4143 habuit,
2593 4096 2663 4135 ne
2686 4080 2843 4136 facile
2868 4092 3175 4153 susceptam
3207 4086 3523 4156 opinionem

1946 4162 2159 4219 facilius
2185 4165 2449 4236 abjecisse
2474 4168 2672 4226 deinde
2697 4171 2981 4227 videretur
3007 4191 3020 4226 :
3048 4174 3227 4230 solent
3255 4178 3402 4232 enim
3436 4195 3526 4235 res

1947 4269 2110 4324 supra
2134 4258 2358 4312 modum
2382 4260 2714 4319 excellentes
2737 4263 2803 4319 ad
2827 4266 3219 4336 promptiorem
3239 4284 3526 4326 assensum

1948 4346 2215 4404 tardiores
2238 4348 2488 4406 reddere.

335 4606 497 4679 Ὅθεν
525 4606 671 4679 καὶὸ
695 4627 973 4698 Ζαχαρίας
993 4628 1095 4682 οὐκ
1116 4620 1352 4692 ὀκλάσας
1383 4631 1508 4694 τοὺς
1530 4630 1840 4701 λογισμοὺς,

2016 4627 2174 4685 Unde
2208 4630 2502 4689 Zacharias
2542 4634 2628 4691 bis
2664 4637 3011 4692 sermonibus
3049 4637 3271 4691 minime
3302 4636 3523 4702 cedens,

269 4714 397 4769 ἀλλὰ
425 4717 823 4787 στερροτέρους
859 4717 1061 4787 μᾶλλον
1093 4717 1171 4788 τῷ
1220 4719 1434 4790 στερρῷ
1475 4722 1572 4790 τῆς
1611 4722 1847 4793 καταλή-

270 4804 405 4874 ψεως
449 4807 770 4875 ἀποφαίνων
794 4824 807 4838 ·
865 4810 1402 4881 Καταγιγνώσκομαι
1442 4812 1502 4866 τὸ
1538 4815 1688 4884 παρά
1751 4814 1844 4867 σοῦ

272 4898 807 4971 χρησμοδστούμενον
830 4940 845 4962 ,
898 4900 1229 4956 πυνθάνεται
1262 4903 1397 4973 πρὸς
1438 4904 1530 4957 τὸν
1574 4907 1806 4974 ἄγγελον
1828 4924 1843 4938 ⁶

271 4991 578 5062 πρεσϐύτης
611 4990 722 5061 γὰρ
750 4991 882 5059 ἐγὼ,
914 4992 1100 5061 φησὶν,
1134 4993 1210 5057 ὡς
1241 4996 1370 5065 ὁρᾷς
1391 5011 1405 5025 σ
1444 4999 1633 5069 στεῖρα
1664 4998 1719 5051 δὲ
1752 5017 1819 5052 κα

273 5073 558 5152 ᾗσυνοικῶ
598 5082 839 5150 γυναικὶ.
879 5085 971 5137 καὶ
1012 5084 1109 5138 τοῦ
1147 5087 1341 5157 γεννᾷν
1380 5089 1701 5159 πεπαυμένη
1720 5108 1733 5120 ·
1765 5085 1848 5155 οἷς

272 5173 591 5246 ἀμφοτέρως
617 5174 817 5245 ἔξωρον
836 5175 898 5227 rb
919 5177 1184 5239 κυῖσκειν,
1215 5178 1263 5230 εί
1296 5178 1368 5246 μή
1393 5195 1495 5231 που
1516 5178 1650 5233 Θεοῦ
1672 5180 1845 5250 δῶρον

271 5264 328 5318 rb
346 5265 656 5338 ἐπίτευγμα
681 5267 767 5338 εἴη
788 5284 802 5298 ’
828 5260 874 5335 ᾧ
895 5268 991 5322 καὶ
1016 5271 1178 5340 ἡμεῖς
1209 5269 1278 5323 τὰ
1314 5269 1431 5323 κατ’
1481 5271 1676 5334 αὐτοὺς
1718 5273 1847 5325 ἀνα-

274 5355 475 5425 θέντες,
501 5357 660 5412 οὐδὲν
691 5356 721 5411 δ
750 5375 804 5412 τι
832 5358 909 5430 μὴ
943 5358 1138 5429 ἐκείνῳ
1165 5358 1391 5422 δοκοῦν,
1432 5360 1524 5414 καὶ
1563 5363 1692 5431 ἡμῖν
1720 5382 1846 5416 συν-

274 5446 426 5504 δοκεῖ.
458 5449 649 5506 Ταῦτα
678 5450 787 5522 γὰρ
817 5453 1024 5504 ἐκεῖνον
1054 5450 1199 5513 εἰκὸς
1239 5452 1330 5505 καὶ
1351 5454 1542 5518 εἰπεῖν,
1577 5455 1670 5506 καὶ
1702 5457 1843 5509 κατὰ

1951 4719 2062 4774 imo
2104 4719 2552 4791 impenetrabiles
2587 4725 2641 4781 vi
2683 4727 3055 4798 intelligentiae
3107 4727 3469 4797 pronuntians
3509 4747 3522 4781 :

1940 4811 2068 4868 Non
2095 4813 2339 4886 intelligo
2362 4823 2516 4871 tuum
2543 4817 2846 4882 oraculum,
2882 4818 3096 4887 reponit
3117 4818 3332 4890 angelo;
3359 4835 3525 4876 senex

1948 4905 2096 4959 enim
2120 4920 2263 4972 sum,
2305 4913 2368 4961 ut
2394 4908 2547 4964 vides
2574 4925 2587 4961 :
2612 4908 2836 4971 sterilis,
2863 4924 2972 4978 qua
3018 4917 3163 4975 utor,
3200 4911 3399 4982 coniux
3424 4927 3522 4982 pa-

1947 5012 2072 5053 rere
2096 4998 2291 5064 desiit;
2325 5001 2543 5071 utrique
2567 5009 2698 5055 aetas
2721 5001 3054 5072 suscipiendi
3087 5002 3292 5059 liberos
3314 5013 3528 5067 exacta,

1947 5089 2056 5144 nisi
2083 5089 2225 5145 forte
2250 5090 2303 5145 id
2339 5106 2568 5145 munere
2594 5091 2691 5146 Dei
2721 5093 3014 5162 contigerit
3044 5111 3056 5146 :
3083 5094 3171 5149 cui
3195 5110 3320 5149 cum
3344 5097 3530 5150 omnia

1949 5191 2138 5238 nostra
2171 5182 2628 5251 commiserimus,
2669 5184 2819 5241 aliud
2857 5186 2997 5241 nihil
3031 5202 3195 5257 quam
3244 5187 3389 5255 quod
3422 5189 3527 5257 ipsi

1946 5274 2223 5340 videatur,
2270 5276 2431 5332 nobis
2464 5276 2736 5348 expediet.
2774 5276 2889 5333 Hoc
2918 5279 3102 5334 dicere
3145 5287 3200 5333 et
3229 5286 3411 5333 mente
3442 5295 3531 5333 re-

1948 5374 2141 5436 putare
2167 5367 2397 5423 decebat
2418 5386 2566 5435 eum,
2588 5371 2679 5441 qui
2701 5371 2797 5426 Dei
2816 5371 3081 5442 propheta
3106 5379 3269 5437 esset,
3287 5378 3341 5425 et
3362 5369 3531 5426 verba

1948 5456 2131 5512 divina
2163 5461 2521 5516 auscultaret.

277 5535 497 5594 διάνοιαν
530 5542 744 5613 φέρειν,
791 5539 929 5593 Θεοῦ
975 5542 1261 5612 προφήτην
1283 5558 1347 5610 γε
1398 5543 1545 5609 ὄντα,
1582 5545 1677 5598 καὶ
1706 5545 1841 5599 Θεοῦ
1880 5550 1992 5612 τοῖς
2016 5549 2196 5618 λόγοις
2227 5552 2571 5624 πειθόμενον.

342 5664 364 5693 ε
396 5653 528 5712 Luc.
557 5672 601 5722 ι,
636 5656 698 5710 Η
735 5669 856 5724 seq.

1539 5750 1776 5808 VARI/8
1820 5752 2230 5811 LECTIONES.

344 5838 484 5911 “15.
513 5843 839 5916 Legendum
889 5841 1107 5898 videtur
1136 5842 1303 5915 ἔχειν.
1376 5844 1425 5878 ⁸⁸
1449 5845 1532 5900 ἐκ.
1566 5845 1881 5918 Legendum
1907 5857 2040 5918 puto
2067 5850 2299 5904 ἐκείνου.
