3950 6226
392 350 461 414 39
1611 343 1928 404 OPERUM
1966 341 2453 401 THEODORETI
3098 293 3104 299 ’
3573 338 3646 402 ω

463 461 530 514 At
579 473 872 528 quorsum,
927 457 1073 512 dicat
1137 459 1370 528 aliquis,
1430 458 1719 537 Zacharias
1776 455 2050 526 populoA

392 550 610 604 veniam
636 559 929 620 rogaturus
955 565 1078 603 cum
1107 549 1432 621 ingreditur,
1466 549 1560 618 qui
1592 550 1843 619 apparuit
1878 563 1974 602 an-

395 642 568 708 gelus,
594 625 863 696 e’xaudita:
889 642 1226 713 precationis
1259 641 1476 710 pignus,
1510 641 1712 695 sterilis
1735 650 1971 710 partum,

396 733 684 801 pradicit?
736 735 926 788 Annon
961 733 1071 787 illis
1101 732 1425 803 conjugibus
1464 732 1813 788 manifestum
1854 741 1974 786 erat

397 841 508 878 non
540 825 697 879 aliter
719 824 891 879 veniae
914 825 1095 878 locum
1126 838 1245 878 esse
1279 822 1547 887 futurum,
1575 828 1591 846 '
1617 840 1780 894 quam
1811 825 1857 880 si
1881 841 1978 878 na-

397 926 644 971 sceretur
675 917 766 987 qui
803 918 994 972 salutis
1022 923 1304 972 auctorem
1337 918 1681 982 ostenderet,
1709 926 1766 971 et
1797 917 1975 971 omni-

399 1010 503 1063 bus
531 1011 708 1078 palam
732 1008 1107 1073 annuntiaret,
1129 1008 1304 1078 ipsius
1324 1017 1378 1062 et
1397 1010 1627 1072 amicus,
1650 1017 1705 1063 et
1729 1009 1974 1071 nuntius,

399 1111 456 1157 et
493 1118 619 1164 vox,
651 1109 706 1155 et
739 1116 1047 1170 praecursor
1070 1101 1811 1171 appellatus?Quamobrem
1843 1100 1976 1154 illud

399 1194 534 1247 mihi
561 1192 803 1257 videtur,
835 1199 891 1247 et
917 1194 1164 1263 apposite
1194 1193 1405 1248 dictum
1439 1194 1508 1248 ab
1533 1195 1746 1263 angelo,
1775 1201 1977 1246 etcum

401 1283 672 1353 pontiﬁcis
706 1283 996 1354 postulatis
1028 1284 1305 1347 aptissime
1338 1301 1662 1355 congruere.

469 1458 580 1528 90
607 1459 810 1514 Verum
845 1459 975 1515 huic
999 1461 1239 1516 sermoni
1271 1477 1408 1532 opus
1432 1472 1516 1516 est
1545 1478 1608 1517 ea
1640 1464 1821 1517 omnia
1852 1464 1981 1518 sub-

397 1550 651 1620 iungere,
687 1566 809 1620 quae
834 1551 1031 1606 deinde
1068 1550 1345 1607 Zachariae
1380 1553 1517 1607 dixit
1567 1555 1810 1624 angelus.
1843 1552 1980 1608 Cum

399 1640 572 1705 enim,
603 1650 662 1695 ut
685 1641 946 1708 diximus,
977 1643 1097 1714 ejus
1120 1642 1284 1698 dictis
1306 1658 1416 1697 non
1445 1644 1627 1698 statim
1662 1643 1979 1708 assenserit,

401 1729 495 1782 sed
517 1729 700 1783 arcani
727 1730 889 1801 hujus
911 1731 1300 1801 perfectiorem
1321 1733 1598 1803 quaesierit
1618 1733 1979 1803 comprehen-

2166 454 2303 507 Ἀλλ’
2334 455 2456 507 ὅτου
2498 454 2676 526 χάριν,
2701 457 2815 527 ἐρεῖ
2841 473 2943 520 τις,
2975 457 3002 508 6
3039 457 3136 527 μέν
3156 453 3428 525 Ζαχαρίας
3449 452 3646 522 ἄφεσιν

2078 544 2250 616 εἰσῄει
2281 543 2374 597 τοῦ
2409 544 2644 615 πλήθους
2674 546 2930 616 αἰτήσων,
2956 547 2984 598 ὁ
3012 546 3067 599 δέ
3100 545 3285 616 φανεὶς
3319 543 3548 612 ἄγγελος
3578 543 3649 594 τὰ

2075 636 2183 687 τῶν
2209 637 2477 707 αἰτήσεών
2502 655 2561 690 τε
2585 637 2733 708 αὐτῷ
2756 639 2918 707 φάναι
2939 636 3224 708 ήκοῦσθαι,
3244 636 3503 706 ἐχέγγυον
3526 634 3649 688 τού-

2075 745 2168 780 του
2213 729 2370 783 τόκον
2425 725 2564 782 εἶναι
2621 730 2710 784 τὸν
2741 732 2807 784 ἐκ
2834 730 2931 800 τῆς
2958 729 3208 799 στείραςς
3235 724 3312 780 Ἦ
3353 727 3509 796 δῆλον
3535 727 3650 789 τοῖς

2078 819 2347 883 συνοῦσιν,
2379 820 2461 874 ὅτι
2493 823 2592 874 οὑκ
2618 823 2682 875 ἂν
2714 821 2887 886 ἄλλως
2909 821 3137 885 ἐκείνοις
3179 821 3278 890 τῆς
3320 819 3650 890 συγγνώμης

2077 914 2315 982 ἀπήντα,
2357 915 2403 966 εἰ
2449 915 2524 985 μὴ
2559 916 2586 968 6
2622 914 2940 985 τικτόμενος
2963 905 3118 976 οὗτος
3165 913 3255 966 τὸν
3287 912 3380 965 ἐπὶ
3407 911 3651 982 σωτηρίᾳ

2077 1005 2280 1074 ἥκοντα
2303 1004 2601 1069 ἐπεδείκνυ,
2627 1005 2720 1057 καὶ
2751 1005 2910 1059 αὐτὸν
2939 1004 3209 1074 ὰριδήλως
3229 1004 3340 1065 τοῖς
3363 1003 3495 1055 πᾶσι
3519 1018 3651 1054 κατ-

2079 1095 2362 1164 ήγγελλεν,
2386 1091 2473 1148 οἷα
2497 1095 2559 1164 δὴ
2582 1095 2676 1149 καὶ
2709 1096 2864 1165 φίλος
2884 1097 3114 1161 ἐκείνου,
3155 1096 3247 1149 καὶ
3271 1094 3520 1165 ἄγγελος,
3557 1096 3652 1147 καὶ

2081 1187 2230 1256 φωνὴ
2260 1187 2643 1258 χρηματίζων,
2673 1189 2767 1240 καὶ
2796 1188 3127 1258 πρόδρομος;
3160 1190 3228 1242 δι’
3266 1189 3302 1242 ἃ
3345 1206 3436 1259 μοι
3483 1187 3648 1250 δοκεῖ,

2079 1277 2174 1328 καὶ
2200 1278 2268 1330 τὰ
2295 1277 2445 1349 παρὰ
2472 1276 2566 1330 τοῦ
2617 1277 2849 1346 ἀγγέλου
2893 1278 3195 1349 ἐπικαίρως
3245 1278 3519 1353 εἰρῆσθαι.
3555 1279 3651 1330 καὶ

2079 1367 2192 1427 τοῖς
2220 1365 2313 1418 τοῦ
2345 1365 2644 1437 ἀρχιερέως
2683 1366 2929 1436 συνᾴδειν
2962 1367 3043 1419 ὅτι
3076 1365 3330 1436 μάλιστα.

2164 1454 2322 1508 Ἀλλὰ
2343 1455 2452 1525 γὰρ
2471 1455 2588 1509 δέον
2617 1453 2700 1525 τῷ
2725 1457 2869 1527 λόγῳ
2908 1455 3241 1526 προσθεῖναι,
3266 1456 3360 1508 καὶ
3391 1456 3490 1508 ὅσα
3525 1453 3653 1525 ἑξῆς

2082 1546 2219 1618 πρὸς
2265 1546 2354 1600 τὸν
2388 1547 2665 1618 Ζαχαρίαν
2690 1545 2910 1619 εἴρηκεν
2947 1550 2975 1600 6
3019 1547 3228 1615 φανείς.
3267 1547 3484 1618 Ἐπειδὴ
3518 1549 3650 1618 γὰρ,

2081 1639 2158 1701 ὡς
2210 1637 2438 1708 ἔφαμεν,
2491 1640 2566 1709 μὴ
2614 1641 3011 1710 παραχρῆμαὸ
3065 1639 3323 1710 λογισμὸς
3361 1639 3508 1710 αὐτῷ
3541 1641 3653 1701 τοῖς

2086 1729 2327 1801 ῥηθεῖσιν
2350 1730 2626 1796 ἐπένευεν,
2647 1731 2759 1784 ἀλλ’
2791 1731 3170 1800 ἐντελεστέραν
3194 1729 3333 1800 τάχα
3361 1729 3537 1801 ἐξῄτει
3558 1731 3653 1784 τοῦ

402 1817 644 1883 sionem,
689 1829 749 1874 ut
785 1820 842 1873 in
879 1821 1246 1877 reconditiore
1280 1822 1519 1892 pectoris
1553 1822 1678 1876 sinu
1717 1839 1977 1894 magnum

2088 1799 2395 1895 ἀπορρήτου
2424 1822 2488 1893 δὴ
2507 1822 2606 1893 τὴν
2639 1823 2941 1893 κατάληψιν
2962 1865 2975 1888 ,
3009 1799 3084 1887 ὡς
3119 1823 3185 1876 ἂν
3224 1799 3318 1876 καὶ
3354 1799 3464 1886 τοῖς
3505 1823 3655 1876 ἐνδο-

402 1908 536 1963 illud
578 1910 908 1966 miraculum
951 1914 1275 1968 conclusum
1317 1913 1641 1983 deponeret,
1681 1922 1798 1969 tum
1829 1914 1979 1971 aliud

399 2002 539 2056 nihil
574 2005 799 2074 angelus
828 2005 930 2060 nisi
967 2005 1249 2061 silentium
1285 2006 1615 2077 praescribit,
1647 2014 1704 2061 et
1739 2007 1981 2078 linguam

398 2094 551 2148 vocis
598 2103 881 2164 expertem
939 2095 1138 2161 reddit,
1193 2095 1575 2152 demonstrans
1622 2096 1869 2162 omnino,
1923 2108 1983 2152 ut

399 2186 618 2256 Opinor,
677 2203 791 2242 rem
819 2203 941 2242 esse
996 2189 1259 2260 mysterio
1312 2190 1549 2260 plenam,
1597 2198 1653 2244 et
1694 2191 1979 2260 majorem,

400 2291 564 2345 quam
595 2285 657 2330 ut
693 2285 826 2331 tunc
852 2292 1105 2332 sermone
1138 2287 1196 2332 et
1231 2278 1419 2348 lingua
1446 2277 1734 2348 praedicari
1774 2287 1977 2348 posset.

472 2466 768 2522 Zacharias
795 2465 962 2539 igitur
1003 2483 1072 2522 ex
1104 2481 1171 2523 eo
1200 2475 1448 2539 tempore
1487 2467 1792 2539 permansit
1829 2484 1981 2524 com-

404 2559 610 2628 pressis
643 2557 823 2623 labiis,
859 2575 984 2614 cum
1017 2561 1238 2615 nemine
1271 2560 1612 2630 colloquens,
1659 2575 1760 2615 nec
1790 2575 1982 2615 vocem

405 2650 684 2714 emittens,
716 2651 820 2705 etsi
854 2651 1122 2706 voluisset
1161 2669 1174 2704 :
1212 2651 1348 2722 quid
1379 2651 1526 2706 enim
1561 2651 1663 2721 ipsi
1691 2667 1983 2706 commune

404 2756 530 2796 cum
563 2741 811 2811 p0pulo?
850 2742 976 2812 ipsi,
1022 2742 1266 2812 inquam,
1301 2741 1396 2812 qui
1424 2757 1539 2796 ausu
1578 2757 1838 2796 sensuum
1878 2741 1983 2798 sibi

404 2833 781 2898 interdixerat,
813 2834 908 2905 qui
939 2835 1182 2889 animum
1203 2835 1542 2890 abstraxerat
1576 2850 1607 2890 a
1629 2835 1984 2891 terrestribus

404 2933 462 2978 et
485 2924 707 2979 caducis
732 2925 917 2990 rebus,
945 2927 1149 2996 quique
1184 2925 1509 2981 versabatur
1545 2940 1671 2980 cum
1704 2940 1985 2996 corporea:

404 3013 747 3084 contagionis
786 3014 1147 3084 expertibus?
1183 3013 1323 3082 Quid
1371 3030 1495 3069 cum
1537 3015 1666 3079 illis,
1715 3016 1809 3085 qui
1856 3022 1986 3070 sunt

2081 1917 2262 1986 τέροις
2298 1917 2400 1986 τῆς
2428 1914 2665 1977 διανοίας
2693 1915 2938 1985 ταμείοις
2970 1914 3114 1967 ἐνδον
3137 1915 3399 1984 κατάσχοι
3425 1913 3485 1968 τὸ
3511 1914 3658 1984 μέγα

2080 2003 2257 2069 τοῦτο,
2285 2003 2381 2057 καὶ
2411 2005 2724 2058 ἐναπόθοιτο
2749 2004 2883 2075 (45),
2903 2003 3030 2059 ἄλλο
3061 2002 3160 2074 μέν
3190 2003 3340 2057 οὐδὲν
3359 2002 3494 2075 πρὸς
3509 2005 3655 2056 ἐκεῖ-

2081 2114 2170 2150 νον
2210 2097 2238 2149 6
2289 2095 2521 2166 ἄγγελος
2547 2115 2560 2127 ο
2613 2098 2822 2168 σιωπὴν
2871 2097 2916 2150 δ’
2967 2097 3244 2151 ἐπιτάττει
3316 2096 3506 2167 μόνην,
3563 2095 3657 2149 καὶ

2081 2189 2382 2258 ἀφθεγξίαν
2419 2187 2521 2258 τῆς
2553 2187 2821 2259 γλώττης,
2851 2187 3046 2259 δηλῶν,
3093 2183 3270 2258 οἶμαι,
3308 2188 3522 2252 πάντως
3571 2189 3656 2242 ὅτι

2086 2281 2460 2352 μυστηριῶδες
2507 2284 2568 2334 τδ
2619 2283 2874 2351 πρᾶγμα,
2926 2281 3020 2334 καὶ
3072 2281 3155 2334 ὅτι
3205 2282 3449 2352 κρεῖττον
3492 2279 3654 2348 λόγου

2082 2373 2238 2436 τέως,
2265 2371 2360 2426 καὶ
2390 2373 2489 2443 τῆς
2525 2372 2614 2426 διὰ
2644 2371 2891 2442 γλώττης
2929 2371 3244 2442 ἐκφάνσεως
3269 2370 3482 2442 ἀμέλει.

2153 2463 2264 2517 Καὶ
2301 2464 2330 2516 6
2377 2465 2654 2536 Ζαχαρίας
2699 2463 2861 2535 ἔμενε
2911 2464 2974 2518 τὸ
3024 2464 3120 2517 ἀπ’
3151 2463 3361 2517 ἐκείνου
3405 2465 3474 2517 τὰ
3501 2463 3654 2535 χείλη

2083 2555 2452 2626 συμπτύσσων
2474 2595 2489 2619 ,
2538 2556 2632 2610 καὶ
2664 2556 2856 2627 μηδενὶ
2884 2556 3011 2628 μήθ’
3044 2555 3268 2627 ὁμιλῶν,
3304 2557 3442 2628 μήτε
3472 2556 3657 2626 φωνὴν

2082 2647 2429 2718 προϊέμενος,
2451 2648 2582 2711 ἴσως
2607 2647 2664 2702 δὲ
2699 2647 2792 2701 καὶ
2817 2648 3134 2718 βουλόμενος
3153 2663 3166 2676 ’
3199 2645 3251 2701 τί
3276 2646 3385 2719 γὰρ
3416 2642 3483 2719 ἦν
3507 2646 3658 2718 αὐτῷ

2083 2740 2260 2793 κοινὸν
2298 2740 2617 2810 τηνικαῦτα,
2647 2740 2742 2792 καὶ
2764 2738 2842 2810 τῷ
2859 2737 2993 2810 λαῷ,
3019 2739 3098 2810 τῷ
3127 2739 3225 2810 μὲν
3251 2739 3351 2803 τὰς
3374 2739 3658 2810 αἰσθήσεις

2085 2831 2318 2903 μύσαντι
2347 2832 2469 2904 ήδη,
2504 2832 2598 2886 καὶ
2629 2833 2720 2888 τὸν
2752 2832 2878 2887 νοῦν
2906 2831 3016 2885 τῶν
3056 2833 3205 2887 κάτω
3249 2834 3343 2887 καὶ
3381 2832 3658 2904 αἰσθητῶν

2082 2924 2386 2990 ἐκϐαλόντι,
2412 2925 2508 2978 καὶ
2533 2925 2714 2997 μόνοις
2733 2928 2844 2990 τοῖς
2867 2925 2995 2980 ἄνευ
3013 2926 3321 2998 παχύτητος
3341 2924 3617 2998 ὁμιλοῦντι
3637 2943 3655 2992 ;

2083 3016 2211 3080 Τοῖς
2259 3016 2316 3069 δὲ
2370 3017 2510 3087 μετὰ
2557 3016 2806 3087 σώματος
2854 3018 3263 3088 στρεφομένοις,
3311 3017 3406 3071 καὶ
3447 3017 3660 3087 πάχους

405 3105 474 3159 ad
502 3120 704 3175 corpus
732 3117 789 3160 et
812 3106 1111 3161 crassiores
1139 3121 1335 3161 sensus
1361 3107 1635 3172 conversi,
1663 3107 1865 3177 quibus
1890 3116 1982 3163 aut

2088 3106 2273 3162 ὑλικοῦ
2309 3109 2403 3162 καὶ
2453 3107 2780 3179 αἰσθήσεως,
2833 3102 2914 3173 οἷς
2961 3109 3053 3161 καὶ
3083 3108 3334 3179 περιττόν
3366 3125 3482 3170 πως
3526 3103 3593 3178 ἦν
3617 3108 3655 3178 ἢ

405 3195 744 3265 superﬂuum
793 3195 1217 3265 qubdammodo,
1265 3205 1359 3252 aut
1411 3196 1577 3251 etiam
1623 3197 1980 3267 impossibile,

407 3284 650 3339 divinam
685 3300 879 3340 vocem
917 3286 1171 3342 humanis
1216 3302 1325 3341 non
1370 3296 1782 3355 consonantem,
1829 3289 1981 3346 inso-

405 3390 560 3440 nare,
599 3375 877 3445 verbaque
909 3392 1104 3430 arcana
1145 3393 1210 3432 ac
1244 3378 1539 3433 incﬂ'abilia
1565 3380 1834 3449 proferre,
1863 3397 1984 3452 quae

406 3481 589 3537 neque
611 3481 874 3537 percusso
890 3483 1014 3522 aere
1039 3468 1196 3534 ﬁunt,
1213 3485 1392 3540 neque
1412 3472 1632 3542 organis
1656 3473 1724 3527 ad
1747 3472 1985 3528 forman-

408 3557 534 3612 dam
565 3573 756 3613 vocem
789 3559 1072 3623 institutis,
1108 3559 1204 3615 sed
1241 3561 1457 3617 silentio
1488 3563 1750 3620 interiore
1785 3571 1840 3620 et
1865 3581 1982 3621 me-

406 3649 547 3704 liore
593 3649 699 3704 alia
742 3650 979 3721 loquela,
1030 3652 1139 3706 illis
1177 3653 1308 3707 solis
1350 3662 1499 3721 nota,
1539 3657 1635 3726 qui
1667 3673 1698 3711 a
1733 3659 1986 3715 sensibus

410 3742 694 3806 recedunt,
717 3752 772 3797 et
802 3758 940 3812 pura
967 3751 1150 3799 mente
1177 3761 1358 3800 rerum
1389 3746 1701 3803 divinarum
1728 3751 1984 3806 similitu-

409 3832 568 3889 dines
597 3834 948 3904 percipiunt?
981 3833 1114 3901 Quae
1146 3837 1230 3890 vel
1263 3837 1368 3907 ipsi
1397 3838 1676 3895 Zachariae
1697 3880 1710 3906 ,
1742 3840 1847 3896 sibi
1878 3841 1986 3896 uti-

408 3943 517 3997 que
556 3927 798 3992 conscio,
834 3929 992 3998 cujus
1031 3929 1248 3984 tandem
1285 3932 1676 3988 muniﬁcentiae
1711 3935 1984 4006 particeps

409 4013 586 4071 factus
606 4026 773 4082 esset,
799 4018 1120 4074 inconsueta
1143 4031 1321 4086 erant,
1350 4037 1476 4076 cum
1503 4023 1620 4094 ipse
1646 4025 1714 4079 ad
1741 4026 1876 4081 alios
1897 4028 1982 4082 lo-

409 4119 674 4178 queretur
702 4127 714 4163 :
740 4125 851 4164 non
883 4110 1034 4175 item,
1066 4127 1190 4166 cum
1221 4113 1438 4168 audiret
1461 4115 1656 4182 Deum,
1684 4117 1772 4172 cui
1797 4118 1982 4174 omnia

409 4210 537 4255 nota
572 4211 720 4266 sunt,
752 4203 916 4258 etiam
946 4219 1067 4275 qua:
1098 4205 1293 4260 latent.

481 4291 585 4361 91
619 4293 745 4347 Mihi
782 4311 916 4348 vero
960 4295 1105 4350 aliud
1142 4296 1422 4367 quidpiam
1460 4297 1517 4354 in
1552 4308 1790 4356 mentem
1825 4318 1984 4358 revo—

412 4395 501 4440 cat
544 4385 875 4454 stupendum
915 4387 1190 4444 Zacharia:
1216 4389 1496 4446 silentium
1532 4411 1546 4447 :
1580 4408 1758 4464 neque
1795 4395 1847 4449 id
1880 4412 1982 4467 ego

2087 3200 2181 3254 καὶ
2207 3197 2466 3255 ἀδύνατον
2497 3199 2639 3270 τάχα
2671 3198 2818 3253 θείαν
2860 3201 3136 3270 ἀπήχησιν
3175 3200 3412 3270 ἐνηχεῖν,
3439 3199 3534 3253 καὶ
3564 3198 3657 3251 λό-

2083 3309 2215 3362 γους
2235 3293 2561 3365 ἀρῤήτουςῆ
2597 3293 2690 3345 καὶ
2721 3290 3022 3363 άλαλήτους
3052 3293 3365 3360 ἐπιφωνεῖν,
3397 3291 3433 3345 ἃ.
3467 3290 3541 3362 μὴ
3560 3289 3658 3344 τοῦ

2084 3386 2460 3457 κτυπουμένου
2485 3386 2663 3454 ἀέρος,
2709 3383 2832 3454 μηδ’
2861 3383 3108 3453 ὀργάνων
3140 3383 3234 3436 ἐπὶ
3267 3382 3383 3442 ,τῶν
3416 3384 3658 3450 φωνούν-

2083 3497 2192 3533 των
2211 3494 2224 3507 ·
2253 3477 2367 3531 ἀλλ’
2395 3475 2693 3546 ἀφθεγξίας
2714 3476 2812 3545 τῆς
2831 3475 3000 3539 ἔνδον,
3018 3476 3112 3530 καὶ
3137 3475 3326 3538 λαλιᾶς
3349 3475 3661 3546 κρείττονος

2084 3571 2270 3642 ἄλλης,
2296 3565 2363 3642 ἧς
2401 3569 2494 3623 καὶ
2535 3569 2684 3638 μόνοι
2733 3563 2836 3620 οἷοί
2885 3567 2946 3620 τέ
2974 3565 3084 3637 (46)
3130 3568 3267 3620 εἰσιν
3294 3565 3658 3638 ἐπῃσθῆσθαι,

2085 3661 2134 3714 οἱ
2164 3661 2264 3724 τὰς
2295 3660 2574 3728 αἰσθήσεις
2623 3656 2900 3719 λείποντες
2928 3695 2942 3720 ,
2988 3657 3084 3708 καλ⁸
3110 3655 3303 3726 γυμνῷ
3333 3654 3410 3725 τῷ
3443 3654 3518 3726 νῷ
3549 3655 3659 3708 τῶν

2087 3751 2375 3822 θειοτέρων
2403 3748 2713 3819 δεδεγμένοι
2738 3746 2836 3818 τὴν
2865 3746 3094 3818 μίμησιν
3112 3763 3126 3812 ;
3145 3746 3182 3800 ἃ
3200 3747 3292 3800 καὶ
3318 3746 3396 3817 τῷ
3417 3745 3660 3816 Ζαχαρία

2085 3845 2144 3898 ἐν
2176 3841 2356 3912 ἐαυτῷ
2382 3840 2554 3912 δήπου
2597 3838 3038 3909 συναισθομένῳ,
3081 3838 3176 3891 καὶ
3212 3836 3329 3897 οἵας
3359 3835 3661 3907 τηνικαῦτα

2083 3937 2182 4005 τῆς
2207 3931 2619 4004 μεγαλοδωρεᾶς
2651 3929 2848 4001 ἠξίωτο
2873 3971 2888 3996 ,
2941 3927 3244 4000 ἀνομίλητα
3286 3924 3355 4000 ἦν
3402 3928 3540 3992 τέως
3590 3928 3661 3982 τὰ

2086 4025 2224 4096 πρὸς
2264 4022 2509 4084 ἐκείνους
2561 4019 2742 4091 ἐαυτῷ
2799 4016 3224 4091 προσλαλοῦντι,
3256 4018 3352 4070 καὶ
3385 4017 3464 4088 μὶ)
3493 4017 3660 4072 ἀκού.

2088 4119 2238 4171 σαντί
2265 4113 2426 4178 Θεοῦ,
2460 4107 2505 4182 ᾧ
2532 4111 2986 4182 πάνταλγνωστὰ,
3032 4111 3128 4165 καὶ
3159 4111 3228 4166 τὰ
3251 4110 3446 4181 ἄδηλα.

2167 4287 2322 4358 Ἐμοὶ
2359 4287 2416 4341 δέ
2441 4286 2537 4340 καὶ
2561 4285 2690 4339 ἄλλο
2714 4283 2929 4337 δίδωσιν
2954 4285 3153 4336 ἐννοεῖν
3184 4284 3217 4353 ἡ
3262 4280 3355 4335 τοῦ
3387 4282 3661 4354 Ζαχαρίου

2087 4379 2385 4451 παράδοξος
2417 4379 2592 4448 σιωπή
2617 4395 2630 4408 ο
2667 4376 2774 4430 οὐδ’
2797 4375 2927 4429 αὐτὸ
2960 4370 3114 4445 οἶμαι
3141 4374 3357 4427 ἔλαττον
3379 4373 3472 4426 τοῦ
3520 4391 3658 4445 προ-

413 4476 595 4546 priore
615 4475 874 4546 mysterio
898 4476 1099 4542 minus,
1136 4494 1315 4549 neque
1335 4479 1628 4536 mediocris
1655 4463 1840 4553 gratia:
1871 4463 1982 4554 ple-

2088 4471 2264 4541 τέρου,
2294 4470 2400 4522 οὐδ’
2432 4467 2618 4537 ὀλίγης
2646 4466 2910 4537 τυγχάνον
2932 4465 3032 4535 τῆς
3059 4465 3278 4536 χάριτος
3304 4482 3318 4495 ·
3365 4463 3478 4517 ἐστι
3503 4464 3548 4517 δ’
3582 4466 3658 4528 ὡς

413 4583 545 4622 num
581 4567 852 4622 existimo.
879 4567 955 4622 Ita
991 4583 1155 4637 porro
1182 4611 1196 4633 ,
1234 4579 1296 4624 ut
1337 4571 1527 4640 paucis
1565 4571 1765 4636 dicam,
1802 4591 1860 4629 se
1892 4590 1981 4630 res

416 4659 614 4725 habet;
640 4675 763 4714 cum
801 4661 893 4714 ille
925 4660 1180 4715 sacerdos
1209 4661 1433 4716 vixisset
1464 4663 1519 4717 in
1548 4665 1718 4720 veteri
1751 4665 1894 4736 lege.
1925 4678 1982 4724 et

416 4750 646 4804 Aarouis
681 4751 985 4806 sacerdotio
1021 4753 1036 4770 ⁶
1069 4750 1260 4804 fuisset
1310 4760 1554 4826 ornatus,
1598 4764 1652 4808 et
1690 4765 1983 4827 utrumque

420 4843 524 4916 (lex
557 4857 752 4910 nempe
782 4853 836 4897 et
867 4842 1256 4914 sacerdotium)
1301 4859 1412 4899 non
1444 4845 1672 4900 deberet
1698 4863 1805 4902 non
1835 4848 1984 4904 desi-

419 4920 569 4998 nere,
595 4932 895 5001 futuraeque
913 4935 1098 5003 gratia:
1124 4934 1319 4989 cedere
1346 4952 1359 5000 ;
1406 4936 1690 5007 utriusque
1717 4943 1981 4998 cessatio-

419 5040 563 5086 nem,
613 5031 824 5076 mutum
866 5023 1164 5086 silentium,
1205 5041 1308 5078 vox
1347 5028 1666 5095 tempestive
1703 5031 1980 5095 restituta,

420 5120 823 5171 illucescentem
861 5115 1118 5184 gratiam,
1168 5125 1221 5170 et
1268 5133 1392 5171 cum
1428 5118 1652 5173 Joannis
1697 5121 1982 5176 nativitate

419 5202 798 5258 advenientem
830 5212 1186 5273 repraesentat
1213 5222 1224 5256 :
1251 5220 1354 5273 qua
1380 5207 1554 5275 gratia
1580 5223 1772 5264 verum
1803 5225 1984 5264 sacer-

419 5297 650 5355 dotium.
686 5310 794 5349 non
827 5311 926 5366 per
959 5294 1184 5348 umbras
1219 5311 1282 5348 ac
1316 5296 1534 5365 ﬁguras,
1587 5301 1680 5354 sed
1713 5311 1901 5371 aperte
1931 5309 1988 5354 et

421 5387 618 5456 palam,
653 5400 777 5438 cum
818 5385 884 5440 iis
911 5400 1032 5454 quae
1055 5391 1210 5438 erant
1241 5385 1486 5439 involuta
1509 5387 1729 5442 silentio
1757 5389 1986 5443 demon‘

420 5487 652 5545 stratur;
691 5477 888 5532 horum
934 5477 1098 5532 ﬁnem
1137 5493 1262 5533 cum
1296 5478 1623 5548 praevideret
1663 5478 1960 5535 Zacharias

2089 4566 2144 4618 ἐν
2173 4563 2339 4632 ὀλίγῳ
2366 4561 2521 4616 τοῦτο
2553 4563 2726 4614 εἰπεῖν
2749 4578 2761 4592 ·
2784 4560 2972 4630 ἐπειδὴ
3001 4562 3109 4628 γάρ
3135 4562 3160 4612 6
3187 4559 3328 4628 ἱερὸς
3349 4550 3501 4622 οὗτος
3519 4558 3618 4627 ἁνὴ
3629 4574 3660 4628 ρ

2089 4657 2238 4726 νόμῳ
2270 4653 2580 4706 συνεδιοῦτο
2620 4651 2852 4722 παλαιῷ,
2893 4651 2986 4704 καὶ
3011 4650 3275 4721 ἱερωσύνῃ
3306 4648 3563 4720 τετίμητο
3589 4652 3656 4717 τῇ

2091 4747 2232 4802 κατὰ
2259 4747 2350 4799 τὸν
2387 4744 2618 4816 Ἀαρὼν,
2653 4743 2875 4814 ἔμελλον
2911 4742 2956 4796 δ’
2983 4743 3105 4796 ὅσον
3131 4741 3284 4794 οῦπω
3327 4743 3422 4794 καὶ
3451 4742 3660 4793 πεπαῦ-

2093 4840 2216 4894 σθαι
2252 4838 2559 4910 ἀμφότερα,
2582 4838 2678 4889 καὶ
2706 4839 2772 4907 τῇ
2813 4835 3080 4906 μελλούσῃ
3122 4836 3284 4900 εἴξειν
3318 4835 3522 4905 χάριτι,
3558 4834 3659 4902 τὴν

2093 4930 2301 4985 παῦλαν
2352 4929 2625 5000 ἑκατέρων
2675 4931 2709 5000 ή
2745 4928 2893 4981 τοῦδε
2924 4929 3249 4997 παρίστησιν
3297 4927 3584 4996 άφθεγξία,
3623 4929 3658 4998 ἢ

2091 5027 2184 5079 καὶ
2221 5024 2364 5078 κατὰ
2397 5025 2586 5094 καιρὸν
2617 5024 2801 5077 λέλυτο
2828 5022 2986 5076 πάλιν
3017 5022 3114 5091 τῆς
3143 5021 3382 5090 χάριτος,
3405 5021 3503 5090 ήδη
3529 5022 3660 5073 ιΞινσ.⁴

2091 5117 2373 5186 φανείσης,
2403 5117 2495 5168 καὶ
2530 5117 2596 5186 τῇ
2630 5115 2723 5168 τοῦ
2780 5114 3023 5168 Ἰωάννου
3069 5113 3317 5182 γεννήσει
3365 5113 3661 5183 συνεκδρα-

2093 5209 2319 5278 μούσης,
2357 5206 2472 5276 μεθ’
2496 5206 2610 5276 ἅμα
2638 5206 2732 5259 καὶ
2758 5208 2854 5276 τῆς
2881 5203 3110 5274 ἀληθοῦς
3138 5205 3180 5256 ἰε
3192 5204 3456 5275 ρωσύνης,
3475 5204 3660 5256 οὐκέτι

2088 5299 2162 5362 ὼς
2200 5299 2262 5350 τὺ
2301 5298 2429 5368 πρὶν
2481 5295 2722 5360 σκιωδῶς
2755 5296 2788 5366 ἢ
2835 5294 3100 5359 τυπικῶς,
3147 5295 3261 5348 ἀλλ’
3287 5295 3535 5363 ἐκφανῶς
3566 5299 3663 5348 καὶ

2089 5389 2298 5460 τρανῶς
2325 5389 2393 5442 τὰ
2425 5386 2758 5458 σεσιγημένα
2785 5385 3047 5456 δηλούσης
3065 5402 3076 5414 ·
3110 5379 3183 5438 ὧν
3207 5386 3299 5439 καὶ
3326 5387 3353 5437 6
3385 5385 3662 5456 Ζαχαρίας

2088 5480 2186 5550 τὴν
2220 5479 2439 5534 ἔκϐασιν
2473 5481 2641 5552 δήπου
2673 5478 3013 5550 αἰσθόμενος,
3044 5477 3103 5531 οὐ
3154 5476 3540 5548 μυστηριωδῶς
3566 5476 3662 5529 οὐ-

1691 5631 1922 5686 νΑΒΙΑΞ
1967 5631 2373 5688 LECTIONES.

490 5765 867 5838 “Legendum
900 5766 1120 5822 videtur
1157 5767 1486 5822 ἐναποθείτο.
1563 5767 1608 5799 ⁸⁵
1631 5767 1776 5821 Edit.
1822 5767 1995 5837 prior,
2029 5769 2076 5820 οἱ
2112 5768 2246 5823 οἵτε.
