3950 6226
289 395 346 459 ῃ
1412 384 1857 445 AUCTARIUM

1962 408 1985 419 -
2019 385 2120 444 ΑΙ)
2157 384 2333 445 TOM.
2376 387 2471 446 IV.
3481 387 3551 452 42

288 495 367 547 ὁὲν
403 493 603 564 ἐαυτῷ,
633 495 753 548 ἀλλ’
788 496 1061 567 ἀριδήλως
1096 497 1189 549 καὶ
1218 497 1435 570 γλώσσῃ
1469 499 1618 570 ξένῃ,
1649 498 1744 551 καὶ
1766 497 1857 551 λα-

1965 513 2075 553 non
2123 498 2362 554 obscure
2410 513 2619 564 secum,
2656 498 2752 554 sed
2803 499 2949 555 clare
2987 516 3127 556 nova
3168 510 3226 557 et
3265 501 3548 573 eloquenti

288 586 524 656 λιστέρᾳ,
546 587 715 641 ὁπότε
745 588 844 641 καὶ
874 589 1039 659 ἐχρῆν
1059 594 1127 643 τὰ
1160 590 1437 660 παράδοξα
1472 590 1862 660 ἀνεφθέγξατο,

287 676 451 749 δηλῶν
470 679 728 733 ἐντεῦθεν
753 682 839 735 ὅτι
868 682 931 734 ού
954 684 1111 754 σιγᾷν
1135 684 1233 746 δεῖ,
1257 683 1368 737 οὐδ’
1391 684 1448 736 ἐν
1474 682 1712 745 διανοίας
1731 681 1864 754 κρύ-

287 786 431 825 πτειν
465 774 663 842 μυχοῖς
685 772 826 826 Θεοῦ
850 776 1173 845 παρουσίαν,
1201 776 1297 829 καὶ
1312 775 1412 848 τὴν
1434 777 1514 839 είς
1540 774 1865 845 ἀνθρώπους

285 862 441 916 αὐτοῦ
481 864 787 935 ἐπιδημίαν
815 866 909 924 καὶ
934 867 1157 922 κάθοδον
1177 885 1192 901 ⁸
1224 868 1363 923 ἀλλὰ
1385 866 1556 922 ταῦτα
1585 867 1682 938 μὲν
1706 866 1864 921 ὓστε-

287 973 401 1027 ρον·
432 958 523 1010 ὅτε
543 958 640 1010 καὶ
663 958 765 1029 τὴν
793 959 1038 1028 ἀφωνίαν
1059 960 1447 1025 ἀποϐάλλεται,
1474 960 1659 1015 καὶτὰ
1691 960 1864 1032 ὑπερ·-

284 1048 386 1118 φυῆ
422 1048 582 1103 ταυτὶ
614 1049 918 1119 φθέγγεται
940 1091 955 1117 ,
989 1051 1142 1115 τέλος
1172 1053 1216 1084 ⁸⁷
1240 1052 1298 1106 δὲ
1337 1052 1436 1130 τῇς
1466 1055 1676 1124 σιωπῆς
1711 1052 1863 1122 γίνε-

281 1156 365 1192 ται
392 1180 407 1203 ,
444 1141 513 1211 ἢν
537 1140 972 1215 ὲπικαιροτάτην
1001 1142 1180 1213 ἑαυτῷ
1220 1143 1336 1215 1ᾔδει
1357 1160 1371 1175 ο
1413 1145 1508 1197 καὶ
1542 1145 1653 1207 τοῖς
1686 1143 1865 1215 πράγ-

283 1246 411 1300 μασι
464 1230 669 1303 δηλαδὴ
729 1233 1042 1305 πρόσφορον
1092 1229 1199 1287 εἶδε
1237 1233 1306 1287 ⁸³.
1356 1234 1464 1287 Καὶ
1514 1230 1675 1288 ἄλλοι
1718 1233 1864 1297 τινὲς

281 1318 388 1376 εἷεν
426 1325 480 1376 οί
514 1324 778 1395 περὶτῆς
809 1325 977 1379 αὐτοῦ
1024 1328 1067 1360 ⁸⁸
1107 1326 1318 1397 σιωπῆς
1361 1325 1531 1395 λόγοι,
1582 1325 1744 1379 ῐδοιεν
1796 1326 1864 1379 ἂν

281 1415 327 1467 οἱ
353 1414 463 1467 τῶν
500 1415 768 1485 μειζόνων
805 1418 1040 1472 ἐπόπται
1071 1419 1164 1472 καὶ
1188 1417 1409 1487 μύσται,
1438 1417 1533 1471 καὶ
1562 1413 1646 1482 οἷς
1678 1418 1707 1471 ὁ
1735 1414 1862 1482 νοῦς

279 1504 758 1576 διαδατικώτερος,
799 1507 924 1579 ἐμοὶ
944 1509 986 1560 δ’
1013 1509 1043 1561 ὁ
1075 1507 1233 1577 λόγος
1255 1505 1462 1578 ὲχέσθω
1501 1504 1750 1581 ὕστερον.

340 1597 416 1649 Τὸ
438 1597 536 1649 ἀπ’
556 1598 770 1652 ἐκείνου
799 1597 981 1654 τοίνυν
1013 1599 1229 1672 καιρος,
1261 1599 1356 1653 καὶ
1388 1600 1420 1669 ἡ
1460 1597 1763 1661 Ἐλισάϐετ,
1783 1597 1860 1660 ὡς

278 1687 447 1741 ἅπασι
477 1688 662 1759 δῆλον,
696 1690 1035 1746 συλλαϐοῦσα
1072 1692 1166 1746 τὸν
1220 1692 1474 1763 Ἰωάννην
1494 1733 1509 1757 ,
1544 1691 1647 1761 τήν
1674 1706 1735 1743 τε
1759 1706 1861 1759 γαο

277 1779 438 1849 στέρα
470 1778 614 1849 πρὸς
639 1778 805 1847 ύγκον
844 1779 991 1851 ἐώρα
1013 1779 1477 1853 ὲξαιρο[υ]μένην,
1517 1783 1612 1837 καὶ
1642 1784 1701 1835 ἐν
1729 1779 1861 1837 θαύ-

1966 590 2173 661 lingua,
2219 604 2348 644 cum
2382 605 2522 661 opus
2546 600 2728 657 esset,
2780 591 3127 648 incredibilia
3163 594 3382 649 locutus
3412 602 3497 650 est
3532 612 3545 649 :

1966 683 2099 738 hinc
2131 683 2419 739 declarans
2452 699 2563 738 non
2598 684 2908 751 tacendam,
2944 700 3125 756 neque
3164 686 3220 741 in
3256 688 3422 741 animi
3454 703 3549 758 pc-

1965 774 2273 830 netralibus
2302 776 2695 831 recludendam
2727 792 2852 832 esse
2872 777 2969 833 Dei
3001 780 3373 849 praesentiam,
3403 783 3550 852 ejus-

1964 879 2074 935 que
2106 865 2176 920 ad
2212 866 2463 922 homines
2508 883 2789 923 accessum
2837 876 2894 923 et
2927 870 3247 925 adventum.
3283 871 3391 927 Sed
3434 873 3549 927 haec

1965 954 2187 1025 quidem
2223 963 2434 1026 postea,
2476 972 2601 1012 cum
2640 958 2856 1028 abiecta
2886 960 3267 1015 taciturnitate
3309 962 3547 1016 admira-

1964 1047 2098 1103 bilia
2131 1048 2222 1103 ille
2257 1049 2525 1118 loquitur,
2555 1049 2682 1104 linis
2715 1059 2899 1105 autem
2943 1051 3237 1121 impositus
3270 1063 3357 1109 est
3379 1055 3545 1110 silen-

1963 1142 2064 1206 tio,
2089 1141 2237 1212 quod
2262 1142 2369 1197 sibi
2404 1141 2640 1197 maxime
2665 1145 3074 1213 tempestivum,
3103 1160 3166 1200 ac
3200 1146 3365 1202 rebus
3394 1162 3549 1202 com-

1963 1231 2191 1286 modum
2221 1240 2469 1287 noverat.
2492 1232 2613 1286 Alia
2637 1246 2858 1303 quoque
2884 1232 2952 1288 de
2978 1233 3085 1289 hoc
3110 1234 3334 1290 silentio
3360 1248 3550 1293 essent

1964 1324 2219 1388 dicenda,
2251 1324 2347 1380 sed
2370 1322 2613 1379 viderint
2647 1325 2726 1379 illi
2752 1324 3023 1396 majorum
3050 1328 3440 1398 mysteriorum
3465 1329 3549 1383 in-

1963 1426 2267 1488 spectores,
2310 1424 2367 1472 et
2398 1417 2602 1487 quibus
2625 1425 2710 1473 est
2747 1433 2906 1473 mens
2938 1420 3362 1489 penetrantior;
3408 1421 3547 1476 mihi

1960 1526 2096 1566 vero
2129 1525 2311 1566 sermo
2338 1510 2575 1566 ulterius
2598 1511 2884 1581 procedat.

2035 1603 2115 1658 Ex
2135 1618 2202 1659 eo
2232 1611 2483 1674 tempore
2516 1601 2834 1658 Elisabetlia
2860 1602 3126 1659 Joannem
3149 1644 3164 1670 ,
3199 1611 3260 1659 ut
3288 1604 3549 1659 omnibus

1960 1691 2157 1763 liquet,
2187 1692 2460 1763 concepit,
2496 1693 2682 1747 alvum
2718 1691 2943 1747 videbat
2976 1692 3458 1761 intumescentem,
3490 1705 3548 1751 et

1962 1780 2020 1837 in
2043 1797 2110 1837 eo
2134 1781 2403 1836 miraculo
2431 1797 2714 1853 nunquam
2740 1797 2853 1837 non
2882 1784 3245 1853 expcndeliat,
3266 1785 3379 1855 92
3404 1801 3546 1856 quo-

278 1886 402 1937 ματι
421 1869 484 1922 τὸ
506 1869 631 1922 κατ’
652 1871 821 1942 αὐτὴν
842 1872 943 1925 οὐκ
964 1870 1125 1944 ἔληγε
1155 1873 1451 1944 ποιουμένη
1472 1872 1588 1937 πῶς
1611 1873 1644 1945 ἠ
1669 1872 1857 1942 ἄγονος

1962 1873 2126 1929 modo
2152 1874 2457 1929 liberorum
2498 1889 2698 1944 expers
2725 1889 2791 1930 ac
2825 1891 2955 1930 vere
2993 1876 3198 1931 sterilis
3230 1877 3297 1930 ad
3319 1886 3547 1947 partum

275 1962 365 2013 καὶ
389 1961 638 2031 ἀτεχνῶς
662 1965 852 2034 στεῖρα
881 1963 1019 2033 πρὸς
1049 1964 1211 2036 γονὴν
1258 1964 1533 2036 ἀνηϐησεν
1573 1966 1677 2036 ήδη
1700 1982 1713 1996 ’
1762 1964 1857 2018 καὶ

1962 1965 2318 2036 iuvenescere
2362 1965 2645 2036 coepisset,
2690 1972 2748 2020 et
2780 1966 2956 2020 ubera
3000 1982 3228 2036 prorsus
3263 1969 3418 2024 arida
3462 1970 3549 2025 lac

275 2052 470 2121 μαστοὶ
496 2052 548 2105 οἱ
572 2051 883 2124 κατᾶξηροι
913 2056 1107 2126 κομιδῇ
1141 2055 1284 2124 γάλα
1303 2056 1563 2110 ἀνέδοσαν
1597 2056 1734 2128 πρὸς
1758 2056 1856 2126 θη-

213 2177 218 2180 -
273 2142 390 2216 λὴν,
455 2145 559 2197 οὐκ
613 2145 953 2217 ἐπιχαρίτως
1003 2146 1184 2216 μόνον,
1216 2145 1353 2201 ἀλλὰ
1385 2146 1482 2201 καὶ
1521 2147 1758 2219 ήδίστως
1789 2149 1857 2219 τῇ

273 2236 540 2308 παρήλικι
568 2238 975 2310 ἐμφαινόμενα,
999 2233 1081 2303 οἷς
1105 2239 1198 2293 καὶ
1236 2239 1370 2293 Θεὸν
1404 2238 1731 2311 ὲμεγάλυνε,
1768 2236 1858 2291 τὸν

277 2330 435 2400 μόνον
462 2329 692 2384 δυνατὸν
721 2330 791 2384 τὰ
814 2329 957 2384 οὕτω
993 2331 1208 2401 μεγάλα
1234 2334 1643 2405 τερατουργεῖν.

353 2420 510 2475 Ἐπεὶ
540 2422 599 2475 δὲ
639 2422 845 2493 ταύτην
873 2422 967 2476 καὶ
994 2422 1150 2488 ἕκτος
1185 2423 1370 2494 μηνῶν
1395 2425 1497 2494 τῆς
1541 2422 1860 2496 συλλήψεως

275 2507 450 2584 εἶχεν,
488 2515 525 2583 ἡ
568 2512 665 2567 τοῦ
719 2513 926 2586 Κυρίου
972 2515 1156 2586 μήτηρ
1199 2515 1343 2569 οὕτω
1380 2515 1580 2586 δεῆσαν
1626 2498 1691 2549 ⁸⁶“
1721 2517 1857 2587 πρὸς

274 2605 371 2674 τὴν
399 2605 618 2675 ἐκείνης
660 2604 970 2673 ἀφικνεῖται
1013 2604 1226 2659 οὶκίαν·
1271 2599 1361 2660 οἷα
1401 2606 1639 2675 ὑπόγυιον
1673 2607 1719 2640 ⁸⁸
1762 2607 1858 2660 καὶ

276 2695 409 2767 αὐτὴ
448 2697 544 2749 τὸν
583 2694 724 2766 πρὸς
764 2693 860 2749 τοῦ
899 2694 1132 2763 ἀγγέλου
1178 2695 1469 2766 ἀσπασμὸν
1519 2695 1719 2767 ἔχουσα
1761 2696 1858 2749 καὶ

276 2786 407 2840 Θεοῦ
432 2788 529 2840 τοῦ
551 2788 839 2858 ἀχωρήτου
867 2788 925 2840 ὲν
956 2786 1111 2858 νηδύϊ
1147 2787 1449 2857 είσοίκησιν
1473 2826 1489 2851 ,
1533 2784 1603 2860 ἧς
1634 2789 1729 2841 καὶ¹
1756 2787 1856 2858 τὴν

280 2879 577 2951 παρουσίαν
624 2882 682 2932 ἐν
749 2878 926 2951 κοιλίᾳ
983 2879 1188 2951 ταύτης
1245 2878 1567 2951 αἰσθόμενος
1624 2879 1781 2947 γόνος
1807 2878 1857 2910 ⁸⁸

279 2972 471 3042 σκιρτᾷ
496 2970 648 3024 ἔνδον
680 2971 790 3024 τῶν
825 2971 1094 3044 μητρῴων
1130 2970 1412 3042 θαλάμων,
1441 2969 1539 3041 ἡδύ
1561 2987 1614 3024 τι
1649 2969 1857 3025 ἐκεῖθεν

277 3067 366 3119 καὶ
385 3065 700 3136 ἀπόρρητον
733 3062 1071 3136 προμηνύει,
1115 3062 1300 3116 δίδωσι
1329 3062 1644 3134 παραυτίκα
1686 3061 1854 3132 φθέγ-

279 3156 464 3222 ξασθαι
511 3158 613 3228 τὴν
665 3156 879 3228 μητέρα
912 3156 972 3210 οὐ
1018 3156 1205 3227 κοινήν
1237 3173 1360 3211 τινα
1401 3155 1496 3209 καὶ
1535 3156 1653 3209 οἵαν
1691 3155 1856 3225 φθέγ-

278 3248 419 3314 ξαιτο
445 3249 511 3303 ἄν
530 3267 614 3313 τις
644 3248 911 3319 φθογγήν.
934 3247 1124 3302 Καίτοι
1150 3248 1346 3321 μικρὸν
1371 3248 1493 3302 οὐδὲ
1520 3248 1696 3315 τοῦτο,
1719 3249 1855 3303 ἀλλὰ

279 3344 466 3414 καινὴν
492 3342 767 3408 ἐκτόπως,
802 3343 899 3395 καὶ
924 3341 1206 3412 θειοτέραν
1225 3381 1237 3404 ,
1284 3342 1379 3395 καὶ
1405 3341 1473 3412 ἢν
1512 3339 1662 3405 ἄξιος
1695 3341 1856 3411 μόνος

278 3438 474 3501 ἐκεῖνος
501 3436 731 3507 ὴχῆσαι,
760 3434 789 3487 ὁ
817 3435 914 3488 καὶ
955 3435 1116 3506 μόνος
1145 3435 1406 3506 χωρήσας
1440 3435 1547 3507 πρὸ
1589 3433 1697 3488 τῶν
1732 3433 1857 3488 ὠδί-

278 3546 377 3583 νων
404 3528 472 3582 τὰ
502 3527 764 3600 ὑπερφυῆ
801 3527 896 3582 καὶ
927 3526 1427 3603 θεοληπτικώτατα,

342 3622 572 3693 Μητέρα
633 3621 744 3693 γὰρ
796 3619 1004 3692 Κυρίου
1060 3622 1095 3692 ἡ
1145 3620 1427 3674 Ἐλισὰϐετ
1484 3620 1582 3692 τὴν
1644 3622 1778 3691 πρὸς
1808 3620 1856 3655 ⁸³

279 3714 438 3784 αὐτὴν
463 3715 710 3785 ἤκουσαν
731 3712 944 3777 λευκῶς
979 3713 1371 3785 προαγγέλλειο
1396 3712 1549 3767 οὔπω
1587 3714 1648 3767 τὸ
1678 3714 1857 3786 παρά-

278 3805 417 3872 δοξόν
458 3821 607 3858 τισιν
651 3803 1032 3875 ἐγνωσμένονο
1074 3806 1168 3859 καὶ
1209 3805 1509 3878 εὐφημίαις
1558 3806 1855 3877 μακαρίζει

278 3898 368 3969 τῂν
392 3898 467 3962 ὡς
494 3896 717 3966 ἀληθῶς
741 3897 1043 3969 μακαρίαν,
1063 3896 1159 3951 καὶ
1177 3896 1366 3961 ἄλλαις
1385 3899 1609 3969 ρήσεσιν
1634 3898 1858 3968 ἐξυμνεί

278 3988 598 4059 κρείττοσιν,
638 3982 704 4059 ἦε,
759 3987 856 4040 καὶ
881 3986 979 4056 τὴν
1011 3984 1195 4055 ἄφιξιν
1247 3986 1387 4057 ὑπὲρ
1418 3987 1617 4057 ἑαυτὴν
1653 3986 1854 4058 δηλαδὴ

277 4080 502 4151 τίθησιν,
532 4079 706 4145 οὕτως
730 4078 962 4151 ἐχούσης
984 4078 1052 4133 τὰ
1075 4080 1366 4151 νικητήρια
1388 4078 1529 4132 κατὰ
1551 4078 1755 4150 πάσης,
1779 4078 1856 4142 ὼς

278 4174 464 4237 εἰπεῖν,
497 4172 736 4241 φύσεως.
794 4170 958 4224 Ἀλλὰ
988 4170 1209 4240 γλῶσσα
1267 4170 1367 4242 μὲν
1405 4172 1507 4242 τῆς
1567 4169 1852 4224 Ἐλισάύετ

277 4265 453 4334 ἐκείνη
494 4263 764 4334 ἐτύγχανε
786 4306 802 4331 ,
842 4264 939 4317 τοῦ
969 4263 1014 4317 δ’
1040 4266 1099 4319 ὲν
1126 4265 1327 4337 γαστρὶ
1366 4263 1668 4334 φερομένου
1695 4264 1790 4317 καὶ
1818 4265 1850 4335 ὴ

277 4355 501 4429 δήλωσις
531 4357 791 4427 μάλιστα,
819 4355 916 4411 καὶ
947 4357 984 4426 ἡ
1024 4356 1364 4427 πρόρρησις,
1418 4356 1514 4409 καὶ
1552 4356 1586 4426 τ)
1626 4353 1763 4424 ἄλλη
1796 4355 1855 4407 ὲν

276 4451 474 4513 τούτοις
495 4451 640 4521 ὑπὲρ
669 4448 977 4519 κατάληψιν
1010 4447 1295 4517 έκφανσις.

1960 2055 2275 2114 sufficerent
2311 2057 2368 2112 in
2397 2057 2633 2129 papillis.
2682 2057 2808 2113 Haec
2833 2072 2946 2113 non
2978 2059 3046 2113 ad
3075 2061 3303 2131 gratiam
3344 2064 3545 2130 solum,

1959 2149 2056 2205 sed
2079 2147 2246 2211 etiam
2270 2148 2340 2204 ad
2363 2164 2631 2204 summam
2648 2148 3050 2220 iucunditatem
3066 2150 3124 2205 in
3146 2152 3379 2208 muliere
3393 2153 3547 2208 senio

1960 2242 2208 2298 confecta
2248 2248 2661 2313 apparuerunt,
2698 2241 2855 2297 unde
2897 2249 2953 2298 et
2995 2243 3171 2300 Deum
3222 2245 3545 2310 extollebat,

1960 2334 2055 2404 qui
2077 2342 2263 2403 posset
2301 2349 2445 2388 unus
2469 2341 2620 2388 tanta
2652 2332 2902 2405 prodigia
2925 2333 3162 2391 efﬁcere.

1946 2474 1947 2477 η
2028 2423 2166 2481 Cum
2184 2434 2367 2480 autem
2393 2434 2610 2480 sextum
2634 2442 2663 2481 a
2688 2434 2956 2495 conceptu
2974 2440 3229 2481 mensem
3246 2426 3545 2497 attigisset,

1959 2529 2083 2569 eam
2112 2513 2333 2570 Domini
2361 2523 2560 2580 mater,
2593 2520 2654 2568 ut
2691 2516 3002 2584 (cognatam
3040 2510 3120 2583 et)
3152 2512 3313 2567 enixe
3348 2512 3548 2583 deprc-

1960 2616 2201 2672 cantem,
2228 2607 2377 2663 domi
2415 2624 2529 2664 suae
2567 2608 2777 2673 invisit,
2812 2622 3013 2678 nempe
3044 2608 3219 2677 paulo
3246 2615 3545 2677 postquam

1960 2698 2032 2755 ab
2064 2699 2261 2770 angelo
2292 2699 2528 2753 salutata
2555 2699 2729 2752 Deum
2772 2698 3104 2753 immensum
3145 2706 3307 2768 utero
3332 2712 3547 2753 conce-

1959 2790 2155 2860 pisset,
2185 2790 2347 2861 cujus
2378 2790 2727 2859 praesentiam
2757 2789 2939 2844 infans
2972 2804 3107 2844 cum
3133 2789 3190 2842 in
3218 2798 3411 2843 ventre
3435 2790 3548 2844 Eli-

1960 2882 2207 2938 sabetha:
2229 2883 2568 2954 perciperet,
2599 2883 2657 2937 in
2694 2881 2961 2937 maternis
2991 2881 3302 2936 visceribus
3341 2883 3543 2948 exsilit,

1957 2982 2016 3032 et
2050 2976 2187 3032 hinc
2216 2976 2526 3048 jucundum
2558 2975 2818 3045 quiddam
2859 2990 2925 3029 ac
2970 2973 3250 3029 ineﬂ‘abilc
3288 2990 3548 3044 praenun-

1959 3070 2107 3126 tians
2131 3068 2225 3124 dat
2251 3069 2415 3124 matri
2449 3068 2714 3124 continuo
2748 3082 2871 3137 qua:
2900 3067 3182 3137 loquatur,
3214 3083 3331 3121 non
3362 3074 3546 3124 tamen

1965 3161 2246 3217 communi
2264 3176 2418 3227 voce,
2453 3160 2632 3230 qualis
2658 3158 2797 3213 solet
2819 3157 3097 3227 usurpari.
3122 3157 3312 3228 Neque
3331 3173 3463 3212 vero
3489 3159 3546 3213 id

1965 3254 2084 3308 leve
2114 3260 2218 3318 est,
2244 3268 2373 3307 cum
2399 3252 2602 3305 mirum
2633 3250 2687 3304 in
2721 3248 2948 3304 modum
2976 3263 3169 3304 vocem
3197 3249 3405 3304 tribuat
3429 3264 3549 3305 om-

1956 3344 2091 3400 nino
2114 3359 2334 3409 novam,
2367 3343 2668 3409 cmlestem,
2699 3349 2756 3397 et
2776 3356 2940 3411 quam
2970 3355 3117 3396 unus
3146 3340 3261 3411 ipse
3293 3340 3543 3412 proferre

1957 3443 2261 3500 mereatur,
2298 3434 2391 3506 qui
2435 3441 2563 3491 ante
2592 3433 2786 3489 matris
2824 3440 3040 3503 partum
3083 3431 3340 3488 sublimia
3374 3441 3431 3487 et
3463 3431 3547 3487 di-

1955 3529 2085 3584 vina
2110 3528 2417 3600 intelligere
2440 3526 2631 3581 valuit.

2027 3622 2256 3677 Matrem
2291 3622 2443 3676 enim
2476 3618 2697 3673 Domini
2739 3617 3060 3675 Elisabetha
3098 3616 3173 3672 ad
3227 3633 3284 3673 se
3318 3617 3548 3672 venien-

1958 3725 2069 3771 tem
2094 3718 2111 3735 ⁴
2138 3721 2329 3784 aperte
2354 3711 2702 3783 pronuntiat,
2724 3728 2857 3767 cum
2882 3710 3093 3766 nemini
3118 3709 3307 3765 adhuc
3330 3725 3417 3764 res
3439 3709 3547 3765 mi-

1956 3806 2147 3862 rabilis
2192 3812 2339 3861 esset
2392 3804 2634 3875 cognita,
2692 3803 2956 3857 laudibus
2996 3802 3216 3857 beatam
3259 3801 3545 3871 praedicat,

1957 3913 2080 3969 quae
2103 3912 2234 3952 vere
2255 3897 2417 3952 beata
2445 3904 2586 3960 erat,
2619 3894 2848 3965 aliisque
2865 3893 3164 3964 praeconiis
3190 3891 3547 3947 excellentio-

1956 3991 2113 4045 ribus
2136 4005 2259 4045 eam
2282 3989 2516 4053 extollit,
2543 3988 2702 4059 cujus
2728 3987 3038 4041 adventum
3068 3983 3285 4039 meritis
3312 3982 3428 4038 suis
3454 3998 3549 4037 su-

1956 4081 2233 4153 periorem
2248 4087 2434 4151 putat,
2463 4078 2670 4149 quippe
2708 4092 2831 4147 quae
2861 4076 2930 4131 de
2962 4083 3094 4139 tota,
3133 4082 3195 4129 ut
3221 4074 3296 4131 ita
3328 4075 3545 4145 loquar,

1957 4183 2155 4230 natura
2201 4173 2658 4242 triumphaverat.
2704 4169 2918 4241 Lingua
2964 4170 3191 4240 quidem
3230 4168 3336 4222 fuit
3368 4167 3550 4222 Elisa-

1958 4267 2160 4333 bethaa,
2188 4265 2417 4323 Joannis
2440 4279 2572 4319 vero
2600 4273 2758 4319 utero
2787 4262 3031 4321 conclusi
3058 4261 3293 4317 maxime
3319 4260 3551 4316 demon-

1957 4356 2149 4411 stratio
2172 4355 2589 4426 praedictioque,
2628 4362 2683 4408 et
2713 4352 3352 4424 incomprehensibilium
3394 4366 3549 4405 arca-

1957 4463 2156 4503 norum
2181 4446 2496 4518 patefactio.

344 4535 494 4612 Ἐγὼ
547 4542 607 4595 δὲ
634 4541 772 4602 τέως
811 4539 911 4611 τὴν
948 4539 1209 4610 σύλληψιν
1256 4539 1395 4609 ὑπὲρ
1435 4538 1641 4591 ἔννοιαν
1690 4537 1850 4609 ἔχων,

2024 4542 2131 4612 93
2143 4540 2280 4596 Cum
2296 4556 2426 4611 ergo
2439 4540 2706 4596 hactenus
2718 4539 2861 4595 hanc
2876 4540 3292 4610 conceptionem
3314 4551 3550 4593 censue-

276 4637 363 4689 καὶ
387 4637 486 4706 οὐχ
518 4630 630 4698 οἶος
663 4631 739 4686 ὢν
765 4633 826 4686 τὸ
862 4631 1063 4703 ταύτης
1110 4633 1355 4703 ἀνευρεῖν
1387 4630 1591 4701 μεῖζον,
1618 4630 1713 4683 νῦν
1740 4629 1849 4682 ὦσ-

274 4747 373 4802 περ
402 4727 697 4797 ὕφειμένον
736 4743 791 4779 τι
833 4725 893 4778 τὸ
924 4726 1042 4778 κατ’
1073 4723 1308 4795 ἐκείνην,
1362 4723 1458 4776 καὶ
1500 4723 1561 4775 ού
1599 4720 1853 4776 τοσοῦτον

275 4819 387 4891 ἔχον
427 4820 700 4893 μεγέθους
728 4817 819 4872 διὰ
857 4817 917 4869 τὸ
951 4816 1127 4886 παρόν
1171 4832 1262 4886 μοι
1308 4815 1474 4881 δοκεῖ,
1506 4813 1534 4867 ὃ
1578 4814 1718 4884 τάχα
1758 4813 1854 4867 καὶ

273 4913 419 4977 ἄλλος
442 4931 527 4976 τις
553 4911 742 4974 πάθοι,
777 4908 854 4981 τῷ
884 4906 1184 4979 τηλικούτῳ
1210 4906 1590 4970 κατασεισθεὶς
1619 4908 1714 4977 τὴν
1740 4905 1855 4959 διά-

274 5023 432 5061 νοιαν.
463 5005 530 5059 Τί
568 5004 679 5075 γὰρ
707 5002 773 5056 ἂν
808 5002 905 5057 καὶ
933 5003 1010 5066 είς
1054 5000 1355 5074 ὑπερϐολὴν
1397 5000 1474 5070 τῷ
1502 5000 1724 5070 τοιούτῳ
1766 5001 1853 5068 ὲξ-

279 5097 485 5169 ισωθείη
506 5116 522 5165 ;
545 5096 756 5168 Βρέφος
783 5094 1132 5165 ὲγγάστριον,
1162 5091 1363 5163 βρέφος
1394 5090 1848 5163 ἀτελεσιρόρητον,

279 5189 463 5262 βρέφος
491 5190 902 5259 ἀκατέργαστον
923 5186 1139 5257 κομιδῇ,
1172 5186 1336 5256 μήπω
1356 5183 1567 5238 τελείαν
1589 5184 1686 5254 τὴν
1712 5184 1851 5255 σύμ-

278 5284 429 5357 πηξιν
474 5283 700 5352 είληφὺς
742 5283 810 5348 ⁸⁸,
862 5282 1030 5354 μήπω
1071 5281 1172 5344 τὰς
1220 5280 1504 5350 αἰσθήσεις
1547 5279 1668 5350 ἔχον
1716 5279 1851 5350 πρός

278 5391 327 5432 τι
366 5378 534 5447 σαφὲς
588 5376 944 5448 ὲγνωσμένας
977 5414 991 5440 ,
1048 5374 1126 5428 ἔτι
1173 5373 1561 5443 διακεχυμένον
1629 5373 1687 5427 ἐν
1738 5373 1851 5435 τοῖς

1960 4633 2064 4687 rim
2097 4631 2426 4703 cogitatione
2461 4632 2827 4703 superiorem,
2856 4648 2960 4686 nec
2995 4631 3269 4699 potuerim
3296 4630 3548 4686 invenire

1961 4725 2262 4797 quidquam
2294 4725 2408 4794 ipsa
2457 4725 2656 4795 majus,
2697 4737 2846 4778 nunc
2870 4721 3014 4791 quod
3051 4721 3116 4774 de
3165 4720 3282 4790 ipsa
3338 4720 3544 4776 dictum

1961 4825 2066 4881 est,
2094 4815 2395 4885 demissum
2425 4823 2480 4869 et
2514 4816 2691 4886 impar
2736 4813 3012 4877 existimo,
3042 4821 3270 4883 propter
3310 4812 3363 4867 id
3398 4813 3546 4882 quod

1966 4924 2210 4980 praesens
2240 4915 2344 4972 est,
2378 4908 2525 4977 quod
2559 4908 2791 4962 fortasse
2824 4907 2989 4962 etiam
3034 4906 3218 4977 quivis
3243 4906 3386 4960 alius
3429 4905 3547 4959 ani-

1960 5015 2109 5054 mum
2143 4999 2247 5053 sibi
2285 4999 2530 5053 inducat.
2556 4998 2698 5065 Quid
2731 5000 2879 5053 enim
2914 5014 3040 5053 cum
3089 4999 3255 5070 hujus
3293 4999 3544 5054 miraculi

1957 5076 2277 5162 praestantia
2306 5090 2695 5158 comparetur?
2718 5090 2898 5145 infans
2925 5091 2980 5145 in
3011 5100 3189 5155 utero,
3228 5091 3406 5145 infans
3443 5089 3544 5145 adv-

1956 5183 2066 5239 buc
2099 5181 2473 5252 imperfectus,
2507 5180 2687 5237 infans
2725 5182 2960 5237 necdum
2988 5184 3214 5238 omnino
3253 5182 3542 5247 formatus,

1954 5278 2201 5332 nondum
2239 5276 2543 5330 absolutam
2581 5275 3021 5345 compactionem
3068 5283 3375 5339 assecutus,
3400 5289 3546 5328 non«

1956 5371 2084 5424 dum
2116 5368 2371 5424 sensibus
2405 5367 2473 5422 ad
2513 5368 2885 5438 cognitionem
2921 5367 3244 5433 instructus,
3277 5366 3459 5420 adhuc
3489 5365 3547 5419 in

1553 5550 1790 5607 V'ARUE
1830 5547 2122 5605 LECTlON
2132 5547 2235 5603 ES.

341 5676 574 5754 t’w-os-
606 5675 759 5754 Edit-
812 5669 1164 5754 ρῐίοτ.ξέει>ξν
1199 5669 1432 5754 quasi!)
1478 5667 1629 5754 ῖέλρς
1670 5676 2053 5754 omnem".
2088 5664 2488 5754 S‘Bllila"‘:‘.“.‘§;
2561 5657 3030 5754 tida-.312“???
3073 5655 3323 5754 οὶξεικῗ
3351 5656 3541 5754 39:39-

284 5744 415 5804 Edit.
457 5764 493 5819 ρ

496 5734 644 5813 ποί-ον,
686 5734 908 5813 ἑαυτοῦ.
988 5734 1273 5813 "deﬂuam
1321 5738 1802 5813 Rutodegcndunr
1851 5751 1973 5813 esse
2025 5734 2297 5813 δεηθεῖσα.
2334 5737 2375 5767 δι
2410 5735 2508 5813 Ed.

2562 5735 2714 5804 prior
2761 5732 3038 5800 ὑπόγυιον.
3088 5728 3540 5804 _"Edit._prior,

286 5800 570 5887 γένόξῖῖί
789 5812 939 5870 Edit.
967 5800 1268 5882 prior,'tb;.
1343 5810 1387 5842 ⁵³
1414 5800 1743 5883 Εόὶινρτίοι·
1770 5806 2027 5890 ,Ιιιώθὶκιι
2060 5800 2319 5878 είληφώς,
2350 5812 2405 5863 et
2440 5800 2640 5862 deinde
2663 5804 2803 5877 ἔχων
2833 5832 2900 5844 —-
2929 5800 3214 5875 τυγχάνων
3239 5828 3308 5839 -
3328 5800 3412 5857 ὃν.

588 5934 875 6009 ΡΑτιιοι.
908 5928 1027 5994 Gn.
1066 5927 1387 5994 LXXXIV.

3172 5917 3211 5977 2
