3950 6226
390 391 459 454 43
1615 377 1930 437 OPERUM
1967 378 1972 399 ‘

2084 376 2422 436 EODORET
2432 377 2455 433 Ι
2762 418 2765 421 η
3571 373 3643 438 44

392 503 654 559 maternis
683 500 984 555 visceribus
1011 498 1248 552 molliter
1296 495 1464 557 situs,
1502 494 1681 547 adhuc
1712 493 1855 546 fetus
1884 493 1966 546 in-

2084 493 2398 562 τπλάγχνοις
2439 494 2723 561 τυγχάνον,
2772 491 2850 543 ἔτι
2884 490 3272 561 ἀδιάρθρωτον,
3313 490 3340 542 ὃ
3383 492 3475 545 καὶ
3517 492 3642 563 μηδ’

394 593 601 657 formis,
634 592 725 662 qui
753 598 975 660 propter
1002 590 1256 644 fortuitos
1287 595 1496 640 natum
1524 585 1750 639 abortus
1782 585 1966 639 nullus

394 694 671 749 censetur,
704 684 796 752 qui
844 683 1085 737 nondum
1118 679 1415 750 quidquam
1464 687 1568 742 est,
1603 693 1706 732 nec
1754 685 1967 733 certum

393 774 539 844 quod
595 773 816 828 futurus
874 772 962 827 sit.
1015 770 1129 825 Hoc
1184 783 1349 838 porro
1406 766 1732 820 miraculum
1793 767 1970 836 majus

395 882 557 937 quam
605 873 665 920 ut
699 864 931 928 ratione,
961 862 1165 925 animo,
1204 874 1268 914 ac
1314 859 1568 913 sensibus
1607 858 1965 927 percipiatur,

394 959 633 1029 quodam
664 956 827 1011 modo
865 970 935 1008 ex
962 955 1243 1021 insperato
1262 951 1441 1005 visum
1468 957 1573 1003 est.

465 1048 607 1115 Quid
639 1047 815 1102 dicam
844 1045 911 1099 de
940 1050 1088 1097 tanta
1115 1042 1319 1113 gratia,
1353 1056 1515 1111 quam
1550 1037 1786 1108 accepit,
1818 1053 1968 1107 quaa-

396 1156 503 1210 que
533 1139 636 1194 fuit
662 1139 887 1193 insuetae
911 1135 1059 1190 illius
1086 1133 1470 1189 exsultationis
1504 1147 1691 1198 causa,
1720 1142 1776 1185 et
1800 1131 1968 1185 mira-

395 1230 647 1285 culorum
693 1224 1037 1297 praenuntia?
1065 1223 1432 1290 Quamobrem
1474 1221 1659 1276 omnia
1707 1220 1971 1275 miracula

396 1335 655 1391 superare
686 1319 821 1374 mibi
848 1317 1067 1373 videtur
1092 1316 1197 1371 hoc
1229 1315 1583 1380 miraculum,
1613 1320 1669 1368 et
1703 1328 1823 1367 esse
1854 1327 1972 1365 om-

395 1412 569 1476 nium,
620 1424 742 1481 quae
782 1408 925 1463 facta
970 1406 1195 1470 fuerint,
1242 1405 1478 1459 maxime
1519 1403 1902 1459 admirandum
1954 1419 1966 1454 :

395 1516 615 1557 omnem
647 1501 794 1555 enim
818 1509 1150 1565 creaturam,
1181 1497 1294 1552 sive
1322 1496 1685 1561 materialem,
1715 1496 1829 1551 sive
1857 1495 1971 1566 spi-

398 1592 676 1656 ritualem,
702 1590 816 1645 sive
870 1589 1170 1654 emlestem,
1207 1588 1321 1642 sive
1354 1595 1652 1651 terrenam,
1695 1584 1877 1656 rapuit
1915 1585 1972 1638 in

397 1692 698 1753 stuporem,
734 1691 794 1737 ut
839 1682 973 1736 nihil
1026 1681 1096 1736 sit
1145 1680 1497 1750 quantumvis
1533 1679 1743 1734 illustre
1768 1685 1824 1733 et
1855 1677 1972 1733 exi-

399 1775 590 1840 mium,
625 1775 772 1843 quod
799 1774 927 1828 huic
952 1772 1190 1828 conferri
1229 1779 1416 1842 queat.

2069 578 2207 636 εἷναί
2239 601 2323 635 πω
2342 583 2486 635 δοκεῖ
2512 583 2599 634 διὰ
2625 584 2686 636 τὰ
2714 584 2811 651 τῆς
2842 582 3058 650 φύσεως
3090 582 3229 652 τάχα
3258 582 3598 654 ἀμϐλώματα
3623 601 3637 616 ’

2067 675 2221 728 τοῦτο
2272 674 2332 726 τὸ
2381 674 2544 744 μηδὲν
2583 674 2753 743 δήπου
2787 673 2867 739 ὃν,
2925 673 3046 744 μηδ’
3084 676 3365 743 ἐμφαῖνον,
3399 675 3428 727 ὅ
3465 692 3518 728 τι
3546 675 3643 729 καὶ

2068 764 2220 817 ἔσται
2258 765 2394 834 ἄρα.
2443 764 2599 816 τοῦτο
2636 763 2821 834 θαῦμά
2867 781 2985 827 πως
3028 765 3201 834 ἄφνω,
3243 765 3336 819 καὶ
3377 764 3640 839 λογισμοῦ

2070 859 2336 927 κρεῖττον,
2368 856 2461 910 καὶ
2485 856 2597 920 νοῦ,
2631 857 2723 909 καὶ
2748 858 3050 926 αἰσθήσεων
3075 857 3252 929 ὤφθη.

2141 1034 2252 1086 Καὶ
2276 1032 2411 1104 πρός
2446 1050 2507 1102 γε
2542 1033 2752 1099 τούτοις
2786 1036 2880 1090 καὶ
2910 1037 3071 1109 χάριν
3106 1039 3424 1113 δεδεγμένον
3451 1045 3647 1099 τοσαύσ

2069 1140 2186 1194 την,
2220 1126 2341 1195 ἥτις
2369 1126 2519 1196 αὐτῷ
2549 1127 2762 1195 γέγονε,
2807 1130 2903 1182 καὶ
2938 1130 3034 1183 τοῦ
3076 1134 3380 1203 παραδόξου
3423 1138 3647 1208 σκιρτή-

2074 1233 2241 1286 ματος
2268 1219 2555 1289 Ἰπρόξενος,
2589 1220 2682 1273 καὶ
2710 1218 2817 1274 τῶν
2848 1221 3139 1292 ὑπερφυῶν
3175 1225 3399 1280 ἐκείνων
3433 1230 3646 1298 προάγ-

2071 1306 2249 1374 γελος.
2282 1309 2380 1362 Διὰ
2416 1310 2589 1363 ταῦτά
2621 1313 2834 1380 μοικαὶ
2866 1312 2926 1366 τὸ
2963 1312 3145 1384 θαῦμα
3174 1315 3314 1386 ὑπὲρ
3345 1316 3527 1387 θαῦμα
3557 1319 3646 1372 δο-

2073 1399 2177 1463 κεῖ,
2215 1400 2310 1452 καὶ
2343 1400 2454 1453 τῶν
2500 1401 2718 1454 πώποτε
2759 1404 3140 1483 γεγενημένων
3172 1407 3231 1459 τὸ
3264 1408 3646 1478 θαυμαστότα-

2074 1505 2193 1542 τονο
2229 1490 2386 1543 τοῦτο
2418 1494 2526 1563 γάρ
2567 1494 2711 1547 ἐστιν
2740 1496 2768 1549 ὃ
2796 1498 2890 1550 καὶ
2913 1497 3105 1568 ὑλικὴν
3134 1497 3315 1566 φύσιν,
3345 1500 3440 1552 καὶ
3462 1500 3646 1567 ἄῦλον,

2074 1579 2169 1632 καὶ
2208 1581 2383 1634 κτίσιν
2433 1583 2529 1650 τήν
2568 1600 2625 1636 τε
2667 1584 2779 1639 ἄνω
2810 1588 2988 1640 πᾶσαν
3030 1587 3125 1641 καὶ
3176 1588 3276 1658 τὴν
3322 1591 3473 1643 κάτω
3514 1593 3647 1662 πρὸς

2075 1671 2339 1741 ἔκπληξιν
2367 1675 2711 1746 ἀνεκίνησεν,
2744 1677 2819 1741 ὡς
2856 1678 2978 1748 μηδ’
3014 1678 3160 1749 ἔχειν
3196 1681 3361 1746 οὕτω,
3411 1685 3504 1736 καὶ
3544 1699 3649 1735 πα-

2078 1760 2362 1830 ραϐάλοιεν
2398 1762 2460 1815 τὸ
2488 1762 2629 1817 οὕτω
2658 1766 2802 1836 μέγα
2828 1769 2922 1820 καὶ
2953 1768 3301 1839 ἐξοχώτατον.

474 1866 746 1921 Caeterum
802 1882 928 1921 eum
989 1865 1369 1935 prmscriptum
1421 1864 1650 1935 hujusce
1697 1862 1972 1918 natalibus

2159 1852 2317 1908 Ἀλλὰ
2347 1854 2454 1925 γὰρ
2476 1856 2596 1909 ἐπεὶ
2619 1857 2802 1910 λοιπὸν
2833 1860 2926 1911 καὶ
2953 1861 2981 1913 ό
2999 1862 3436 1931 ἀποτεταγμένος
3461 1863 3650 1935 καιρὸς

400 1968 614 2027 tempus
649 1956 891 2020 advenit,
920 1964 976 2010 et
1006 1971 1174 2011 suave
1229 1955 1364 2011 illud
1393 1970 1536 2010 onus
1574 1953 1975 2009 admirabiliter

395 2048 558 2102 solvit
583 2057 773 2117 partus
795 2048 1032 2112 dolores,
1053 2046 1147 2116 qui
1180 2062 1292 2101 non
1324 2047 1595 2101 minorem
1615 2045 1818 2101 mentis
1846 2060 1973 2115 per-

398 2137 802 2203 turbationem,
858 2151 1021 2207 quam
1079 2136 1327 2191 dolorem
1385 2136 1658 2198 eﬂ‘erunt,
1715 2142 1772 2215 et
1819 2135 1975 2188 volu-

395 2229 562 2299 ptatis
604 2245 828 2284 usuram
863 2229 1114 2294 solvunt;
1152 2242 1346 2282 omnes
1387 2228 1590 2282 licebat
1625 2226 1844 2291 videre,
1878 2225 1973 2295 qui

350 2368 365 2379 ι
398 2335 568 2389 puero
606 2335 800 2375 recens
825 2327 955 2374 nato
985 2320 1392 2389 gratularentur
1414 2358 1428 2384 ,
1451 2318 1562 2390 94,
1580 2328 1635 2373 et
1674 2319 1729 2372 in
1757 2317 1973 2373 laudem

397 2410 620 2467 infantis
665 2410 986 2481 prodeuntis
1021 2410 1076 2465 in
1122 2410 1322 2476 lucem,
1365 2411 1604 2481 linguam
1673 2410 1972 2466 solverent.

466 2524 736 2591 Quocirca
770 2525 976 2595 majore
1013 2526 1213 2596 gaudio
1251 2527 1519 2596 perfusus
1541 2524 1856 2589 Zacharias,
1892 2524 1975 2578 di-

397 2616 526 2671 vino
563 2617 791 2673 numine
831 2617 1003 2688 magis
1044 2617 1280 2683 atllatur,
1309 2626 1366 2672 et
1404 2618 1584 2672 soluto
1622 2618 1819 2687 linguae
1855 2617 1975 2669 vin-

396 2705 544 2770 culo,
581 2707 739 2773 pueri
773 2721 1123 2777 progressum
1161 2706 1306 2760 clara
1336 2715 1391 2761 et
1420 2708 1708 2776 plusquam
1735 2706 1972 2759 humana

396 2800 415 2817 ‘
441 2812 577 2852 voce
611 2798 935 2867 praedicans,
974 2800 1136 2872 hujus
1167 2802 1396 2872 gratiam
1439 2800 1700 2854 omnibus
1745 2799 1974 2854 manife-

396 2895 536 2958 stam
562 2887 733 2943 facit:
762 2904 889 2943 eum
930 2890 1077 2943 enim
1118 2900 1174 2946 et
1213 2891 1477 2945 Altissimi
1527 2890 1873 2960 prophetam,
1918 2897 1975 2943 et

397 2994 791 3050 praecursorem
821 2980 1060 3046 Domini,
1094 2989 1150 3036 et
1194 2981 1359 3037 Verbi
1392 2996 1603 3044 vocem,
1631 2988 1687 3033 et
1729 2980 1852 3034 aliis
1902 2980 1973 3033 ti-

398 3072 526 3127 tulis
554 3072 993 3143 gratulabundus
1015 3075 1336 3143 compellat;
1359 3073 1588 3128 Joannis
1610 3088 1740 3126 vero
1772 3088 1973 3127 nomen

2076 1949 2175 2017 τῆς
2227 1947 2320 2001 τοῦ
2354 1949 2673 2019 τηλικούτου
2725 1955 3031 2024 γεννήσεως
3075 1950 3201 2026 ἧκε,
3239 1955 3336 2008 καὶ
3385 1958 3414 2009 6
3447 1955 3652 2024 γλυκὺς

2076 2034 2228 2103 οὗτος
2254 2041 2450 2112 φόρτος
2477 2042 2576 2109 τὰς
2604 2045 2800 2109 ὠδῖνας
2830 2045 2949 2098 ἔλυε
2978 2047 3319 2118 παραδόξως,
3356 2048 3417 2101 οὐ
3448 2049 3651 2102 λυπού-

2079 2148 2176 2194 σας
2226 2133 2426 2202 μᾶλλον
2471 2134 2504 2206 ἢ
2552 2136 2918 2207 ἀφραινούσας
2948 2137 3014 2200 ⁸⁵,
3052 2137 3146 2190 καὶ
3175 2138 3368 2209 ἡδονὴν
3414 2140 3650 2211 ἄρρητον

2077 2224 2461 2293 προξενούσας,
2492 2221 2560 2297 ἦν
2594 2228 2720 2280 ἰδεῖν
2749 2227 2957 2291 πάντας
2988 2229 3080 2280 καὶ
3107 2228 3184 2299 τῷ
3210 2229 3455 2300 τεχθέντι
3490 2231 3650 2285 εὐθυ-

2080 2315 2401 2382 μουμένους,
2428 2316 2521 2367 καὶ
2548 2315 2797 2383 γλῶσσαν
2828 2316 3073 2388 εὔφημον
3104 2317 3182 2388 τῷ
3210 2319 3291 2382 είς
3320 2319 3433 2389 φῶς
3464 2320 3652 2391 ἥκοντι

2078 2404 2275 2474 παιδίῳ
2313 2406 2662 2475 ὲπαφιέντας.

2147 2520 2297 2590 Παρὸ
2325 2520 2388 2592 δὴ
2435 2522 2530 2575 καὶ
2562 2524 2588 2575 6
2620 2524 2895 2594 Ζαχαρίας
2936 2526 3196 2597 μειζόνως
3239 2528 3336 2598 τῆς
3388 2526 3651 2597 εὐθυμίας

2077 2611 2465 2682 ὑποπλησθεὶς,
2504 2612 2688 2677 ἔνθους
2720 2632 2778 2667 τε
2811 2618 3017 2684 γίνεται
3057 2618 3257 2688 μᾶλλον
3280 2659 3293 2684 ,
3324 2617 3420 2671 καὶ
3449 2619 3538 2672 τὸν
3568 2619 3653 2672 δε-

2078 2704 2212 2772 σμὸν
2244 2703 2359 2771 λύει
2396 2704 2495 2774 τῆς
2521 2704 2791 2775 γλώττης,
2825 2707 3053 2781 λαμπρᾷ
3093 2710 3295 2783 δηλαδὴ
3339 2712 3431 2765 καὶ
3464 2712 3652 2768 ἐνθεα-

2078 2797 2233 2865 στικῇ
2264 2798 2412 2867 φωνῇ
2444 2795 2536 2849 τοῦ
2572 2798 2762 2862 παιδὸς
2808 2799 3092 2871 κηρύττων
3122 2801 3218 2873 τὴν
3250 2803 3507 2874 πρόοδον,
3555 2805 3653 2860 καὶ

2076 2886 2211 2938 πᾶσι
2258 2890 2541 2958 καταφανῆ
2574 2887 2671 2959 τὴν
2717 2890 2870 2943 τοῦδε
2913 2892 3071 2962 χάριν
3119 2894 3329 2947 ποιῶν·
3365 2896 3653 2968 προφήτην

2076 2976 2184 3047 γὰρ
2210 2976 2303 3030 τοῦ
2355 2979 2633 3047 Ὑψίστου,
2661 2980 2752 3032 καὶ
2778 2982 3084 3053 πρόδρομον
3109 2983 3203 3036 τοῦ
3235 2986 3526 3052 Δεσπότου,
3562 2986 3652 3040 καὶ

2075 3069 2168 3122 τοῦ
2199 3071 2372 3138 Λόγου
2405 3071 2608 3142 φωνὴν,
2640 3073 2735 3126 καὶ
2768 3073 2945 3127 πάντα
2975 3075 3042 3127 τὰ
3073 3075 3208 3129 ἄλλα
3235 3076 3424 3130 τοῦτον
3454 3080 3650 3148 ἐπιχα-

395 3163 560 3218 modo
608 3163 767 3233 plane
828 3164 1033 3218 eximio
1080 3165 1157 3218 illi
1221 3165 1479 3219 distincte
1542 3163 1796 3232 imponit,
1852 3180 1972 3232 quae

2084 3160 2241 3232 ρίτως
2295 3163 2577 3230 ἀποκαλεῖ,
2640 3164 2830 3235 κλῆσίν
2889 3183 2947 3219 τε
2992 3162 3059 3220 αὖ
3119 3169 3653 3239 τούτου-ὑπερφυῶς

396 3256 743 3325 compellatio
793 3256 1014 3325 populis
1058 3257 1309 3321 salutem,
1341 3266 1393 3310 et
1452 3256 1768 3310 futurorum
1804 3256 1976 3310 bono-

399 3361 518 3401 rum
545 3346 961 3415 praedictionem
1002 3346 1291 3417 significat.

469 3559 586 3614 Hoc
611 3559 863 3628 praedixit
895 3568 952 3612 et
979 3559 1268 3628 przeeinuit
1302 3559 1615 3625 Zacharias,
1645 3562 1793 3615 hunc
1819 3563 1975 3631 quasi

401 3656 615 3720 partum
649 3648 787 3703 sacri
833 3649 981 3701 illius
1013 3648 1214 3702 silentii
1252 3648 1576 3719 mysterium
1614 3651 1808 3704 edidit.
1840 3653 1977 3707 llinc

398 3739 597 3795 silendi
621 3739 689 3794 ad
718 3748 936 3809 tempus
957 3740 1340 3794 necessitatem
1363 3741 1652 3810 oportebat
1691 3743 1747 3795 in
1784 3758 1976 3798 vocem

399 3840 765 3902 opportunam
809 3832 1152 3897 commutari,
1180 3833 1546 3903 omnibusque
1588 3842 1779 3888 notum
1832 3836 1974 3901 fieri,

397 3922 533 3991 legis
578 3923 800 3991 quidem
848 3921 1172 3987 sacerdotii,
1227 3930 1665 3993 caeterarumque
1711 3940 1976 3980 caeremo-

398 4013 612 4066 niarum
662 4023 909 4068 veterum
948 4015 1429 4068 commutationem
1475 4032 1539 4071 ac
1577 4018 1760 4084 linem,
1789 4019 1978 4089 gratia:

401 4119 530 4161 vero
567 4104 862 4160 adventum
896 4112 951 4159 et
979 4103 1402 4160 declarationem
1438 4105 1747 4162 advenisse.

467 4301 594 4356 Haec
618 4300 910 4356 Zacharias
941 4302 1088 4356 clara
1128 4318 1285 4369 voce,
1315 4320 1425 4374 quo
1455 4313 1699 4377 tempore
1725 4322 1976 4363 necessa-

400 4392 541 4446 rium
599 4402 749 4457 erat,
798 4393 1083 4461 praedixit;
1121 4395 1237 4450 haec
1280 4395 1518 4452 Joannes
1571 4398 1690 4468 ejus
1732 4398 1874 4453 ﬁlius
1922 4407 1978 4453 et

2078 3254 2406 3323 διεμφαίνει,
2442 3255 2536 3307 καὶ
2580 3256 2832 3326 Ἰωάννην
2863 3258 3132 3329 ἁριδήλως
3162 3260 3586 3331 προσονομάζει,
3623 3262 3652 3314 6

2080 3344 2354 3415 σωτηρίαν
2400 3350 2513 3410 τοῖς
2561 3347 2709 3411 λαοῖς
2742 3351 3082 3420 ἐνσημαίνει,
3110 3353 3205 3405 καὶ
3239 3355 3349 3406 τῶν
3381 3355 3654 3423 ἐσομένων

2077 3435 2298 3503 ἀγαθῶν
2329 3437 2578 3508 μήνυσιν.

2149 3547 2367 3602 Τούτων
2398 3551 2425 3602 6
2451 3551 2722 3623 Ζαχαρίας
2754 3553 2849 3605 καὶ
2887 3555 3296 3627 προαγορευτὴς
3323 3556 3415 3610 καὶ
3444 3559 3654 3628 προκή-

2080 3637 2196 3709 ρυξ,
2227 3643 2321 3693 κοιλ⁹
2349 3642 2505 3696 τοῦτο
2524 3645 2621 3714 τῆς
2654 3646 3061 3716 μυστηριώδους
3086 3647 3251 3701 αὑτοῦ
3283 3651 3490 3721 σιωπῆς
3515 3650 3654 3719 ἀγα-

2079 3730 2189 3797 θὸν,
2223 3731 2297 3796 ὡς
2323 3734 2488 3801 είκὺς,
2525 3738 2798 3807 μαίευμα·
2851 3738 2956 3792 ἔδει
3011 3738 3119 3810 γὰρ
3172 3740 3336 3794 αὑτοῦ
3371 3741 3470 3813 τὴν
3514 3743 3656 3795 κατὰ

2079 3824 2269 3893 καιρὸν
2314 3825 2633 3896 ἀφθεγξίαν,
2687 3830 2766 3894 είς
2812 3831 3032 3902 φθέγμα
3074 3833 3456 3904 εὐκαιρότερον
3492 3836 3656 3904 ἀμει-

2079 3914 2296 3984 φθῆναι,
2324 3918 2419 3970 καὶ
2453 3919 2720 3991 γνωρίσαι
2770 3923 2954 3988 πᾶσιν,
2986 3924 3068 3977 ὅτι
3100 3923 3194 3976 καὶ
3222 3924 3407 3993 νόμου,
3442 3927 3535 3979 καὶ
3580 3928 3657 3979 ίε-

2080 4006 2349 4077 ρωσύνης,
2388 4010 2481 4062 καὶ
2517 4011 2735 4064 πάντων
2773 4012 2882 4065 τῶν
2912 4012 3156 4066 παλαιῶν
3185 4014 3476 4085 μετάθεσις
3501 4016 3655 4071 ἔσται

2078 4099 2171 4152 καὶ
2228 4099 2429 4167 παῦλα,
2485 4102 2585 4172 τῆς
2640 4102 2696 4155 δὲ
2742 4103 2961 4175 χάριτος
3003 4104 3287 4167 ἐπέλευσις
3340 4104 3433 4157 καὶ
3486 4107 3654 4175 φανέ-

2082 4208 2265 4261 ρωσις.

2149 4305 2332 4359 Ταῦτα
2378 4309 2404 4361 6
2434 4308 2707 4379 Ζαχαρίας
2754 4308 2935 4380 τρανῴ
2966 4309 3045 4381 τῷ
3098 4310 3412 4381 φθέγματι,
3446 4311 3565 4364 καθ’
3596 4312 3656 4365 ὃν

2079 4394 2185 4447 ἔδει
2215 4397 2402 4467 καιρὸν
2427 4398 2854 4469 προηγόρευσεν,
2898 4399 3069 4454 ταῦτα
3115 4401 3367 4473 Ἰωάννης
3406 4404 3433 4456 6
3459 4402 3654 4456 τούτου

399 4484 533 4539 vidit
553 4492 609 4538 et
632 4484 885 4538 manibus
912 4486 1163 4540 tractavit
1179 4487 1335 4557 juxta
1365 4489 1706 4557 cognominis
1724 4489 1971 4553 effatum,

2084 4489 2228 4550 παῖς,
2256 4489 2351 4541 καὶ
2378 4489 2623 4560 ἑώρακεν
2652 4490 2773 4561 ἤδη,
2809 4493 2905 4545 καὶ
2938 4494 3123 4563 χερσὶν
3152 4493 3470 4565 ὲψηλάφησε
3510 4496 3655 4547 κατὰ

396 4573 656 4627 Omnibus
680 4572 920 4626 divinam
959 4576 1306 4643 praesentiam
1350 4577 1704 4642 annuntians,
1728 4586 1783 4631 et
1807 4595 1973 4634 verus

401 4664 561 4719 Verbi
606 4663 857 4719 minister
901 4663 1098 4720 factus.
1125 4666 1313 4734 Neque
1361 4667 1509 4722 enim
1545 4669 1691 4723 ullus
1728 4685 1969 4740 unquam

397 4754 549 4810 visus
579 4765 683 4819 est,
719 4756 814 4824 qui
845 4757 931 4811 vel
963 4756 1158 4811 salutis
1187 4758 1295 4811 iter
1329 4769 1678 4825 monstraret,
1708 4762 1794 4815 vel
1826 4761 1970 4815 viam

397 4857 649 4914 asperam
696 4844 749 4897 in
794 4846 1011 4914 planam
1042 4854 1301 4913 verteret,
1335 4848 1565 4917 perinde
1605 4866 1669 4903 ae
1701 4851 1970 4906 maximus

400 4937 490 4990 ille
520 4945 575 4991 et
612 4934 950 4989 admirabilis
984 4951 1321 5003 praecursor,
1354 4939 1510 5009 cujus
1551 4940 1663 4994 vita
1693 4948 1747 4995 et
1789 4956 1969 4996 sermo

399 5036 562 5083 tantae
605 5028 707 5081 fuit
746 5026 1005 5081 omnibus
1054 5028 1416 5093 venerationi,
1466 5038 1527 5083 ut
1578 5046 1836 5100 magnum
1874 5032 1975 5085 ali-

398 5119 529 5188 quid
574 5117 870 5187 unicuique
918 5118 1221 5185 videretur,
1251 5121 1296 5174 si
1333 5122 1400 5175 ad
1434 5138 1561 5176 eum
1604 5123 1832 5193 propius
1876 5138 1970 5176 ae-

399 5210 637 5271 eederet,
663 5217 717 5262 et
756 5210 1072 5279 loquentem
1102 5209 1293 5267 audire
1337 5214 1648 5282 sineretur;
1686 5215 1793 5284 95
1826 5214 1972 5267 unde

399 5301 453 5355 in
481 5301 725 5353 animum
752 5301 1235 5367 indueebant,eum
1262 5320 1383 5359 esse
1407 5304 1637 5360 fortasse
1666 5306 1971 5372 Christum,

399 5406 559 5461 quem
582 5391 648 5445 ad
686 5391 936 5447 homines
954 5394 1168 5448 venisse
1192 5396 1595 5450 existimabant.

468 5498 835 5566 Quamobrem
883 5510 963 5558 tot
1009 5519 1073 5559 ac
1118 5513 1266 5560 tanta
1304 5508 1554 5579 prodigia
1599 5480 1726 5564 ante
1761 5519 1817 5565 et
1850 5520 1973 5580 pust

2077 4579 2168 4632 τὸν
2197 4580 2531 4652 συνώνυμον,
2558 4583 2694 4635 πᾶσί
2724 4600 2782 4636 τε
2813 4583 2911 4654 τὴν
2952 4584 3098 4637 θείαν
3134 4585 3520 4654 καταγγέλλων
3550 4587 3654 4655 ὲμ-

2080 4671 2325 4738 φάνειαν,
2353 4673 2448 4726 καὶ
2469 4673 2750 4745 ὑπηρέτης
2774 4674 2869 4728 τοῦ
2891 4675 3066 4745 Λόγου
3096 4677 3387 4746 γενόμενος
3410 4677 3651 4746 γνήσιος.

2079 4763 2213 4816 Οὐδὲ
2252 4761 2361 4834 γὰρ
2393 4764 2564 4835 ἐφάνη
2592 4782 2676 4828 τις
2700 4764 2872 4827 οὕτως
2903 4767 2935 4839 ἢ
2964 4766 3062 4838 τὴν
3101 4766 3379 4833 σώζουσαν
3411 4768 3659 4837 ὑφηγούν

2081 4870 2262 4923 μενος,
2294 4853 2327 4925 ἢ
2366 4854 2483 4907 ὁδὸν
2514 4854 2609 4926 τὴν
2641 4859 2898 4927 τραχεῖαν
2946 4858 3218 4910 καθιστῶν
3246 4856 3485 4923 εὔθετον,
3522 4858 3597 4920 ὡς
3628 4861 3657 4910 6

2077 4943 2377 5014 πάμμεγας
2417 4933 2593 5009 οὗτος,
2621 4947 2715 5000 καὶ
2747 4947 3180 5018 ἁξιοθαύμαστος
3204 4941 3264 5001 οὗ
3292 4946 3386 5001 καὶ
3417 4948 3531 5017 βίος
3561 4951 3656 5003 καὶ

2073 5034 2230 5104 λόγος
2261 5038 2351 5089 ἐπὶ
2371 5038 2621 5090 τοσοῦτον
2650 5040 2816 5093 πᾶσιν
2845 5040 3140 5110 αἰδέσιμος,
3169 5040 3244 5102 ὡς
3275 5039 3415 5110 μέγα
3441 5041 3657 5110 ἑκάστῳ

2074 5129 2333 5197 νομίζειν,
2364 5129 2459 5181 καί¹
2480 5128 2540 5182 τὸ
2573 5132 2731 5200 μόνον
2759 5131 3012 5200 γενέσθαι
3040 5133 3228 5185 τούτου
3256 5136 3314 5185 ἐν
3344 5132 3458 5205 χρῷ
3474 5133 3541 5196 ⁸⁸,
3561 5135 3658 5187 καὶ

2075 5217 2364 5283 πυθέσθαι,
2412 5219 2467 5272 εί
2503 5237 2555 5272 τι
2591 5221 2683 5273 καὶ
2724 5221 2982 5290 βούλοιτο,
3031 5222 3172 5291 παρὸ
3211 5223 3305 5274 καὶ
3354 5224 3411 5274 ἐν
3446 5221 3658 5289 ἑαυτοῖς

2076 5309 2246 5375 δόξαι,
2284 5310 2442 5364 αὑτὸν
2473 5307 2613 5365 εἶναι
2656 5312 2920 5383 δήπουθεν
2950 5312 3040 5365 τὸν
3088 5312 3322 5384 Χριστὸν
3365 5313 3423 5365 ὃν
3446 5313 3527 5377 είς
3556 5315 3653 5365 ἀν-

2084 5400 2335 5471 θρώπους
2361 5402 2645 5469 ἀφίξεσθαι
2676 5402 2859 5473 ᾠοντο.

2152 5515 2250 5567 Διά
2279 5515 2449 5570 ταῦτα
2470 5520 2607 5572 τοῖαι
2643 5518 2738 5573 καὶ
2770 5518 3027 5574 τοσαῦται
3063 5520 3401 5591 θεοσημεῖαι,
3425 5519 3517 5573 καὶ
3550 5522 3654 5593 πρὸ

1683 5669 1915 5724 VARI/ﬂ
1955 5670 2357 5728 LECTIONES.

471 5796 515 5828 "
538 5799 850 5869 Legendum
888 5804 1105 5860 Videtur
1132 5804 1494 5874 ἁφρενούσας.
1573 5805 1618 5836 ⁸⁸
1648 5801 1963 5875 Legendum
2007 5804 2225 5861 videtur
2261 5803 2424 5880 χορῷ.
