3950 6226
351 363 418 426 l5
1436 362 1907 422 AUCTARIUM.

2052 362 2152 422 AD
2189 363 2364 423 TOM.
2408 365 2503 426 IV.
3365 410 3378 420 .
3538 359 3608 422 46

349 481 443 546 τῆς
468 477 804 547 γεννήσεως,
833 478 928 531 καὶ
971 477 1107 548 μετᾶ
1137 477 1236 548 τὴν
1282 477 1543 547 γέννησιν.
1563 475 1657 529 ἐπὶ
1695 473 1776 544 τῷ
1806 473 1924 527 θεο-

2036 472 2206 542 ipsius
2238 476 2584 532 nativitatem
2619 477 2891 532 divinitus
2915 486 3135 531 ostensa
3167 481 3316 539 sunt,
3349 482 3410 528 ut
3425 475 3609 528 omnia

349 568 747 638 ληπτςκωτάτῳ
795 565 1143 637 προέϐησαν·
1185 566 1262 628 ὡς
1308 563 1375 618 ἂν
1405 563 1518 635 ἔχοι
1550 555 1707 626 οὗτος
1750 559 1927 615 πάντα

349 657 504 712 καινὰ
533 657 629 712 καὶ
657 656 1038 728 ἐξηλλαγμένα
1061 673 1074 686 ·
1099 657 1156 718 ὃς
1177 671 1240 723 γε
1275 653 1561 726 περιουσίᾳ
1589 653 1924 722 Πνεύματος,

351 752 512 821 μήπω
543 750 671 821 μηδ’
699 749 880 804 αὐτῶν
909 747 1134 818 ἀφεθεὶς
1164 743 1238 802 ὧν
1270 747 1526 801 ἐνειλεῖτο
1573 744 1923 816 σπαργάνων,

347 841 444 913 τὴν
465 841 673 912 ἔρημον
702 841 866 905 εὐθὺς
892 839 1110 912 ᾤκησεν
1142 839 1410 910 ἀσκεπὴς,
1447 839 1697 900 ἀνέστιος
1716 877 1732 902 ,
1763 835 1928 905 ἄτρομ-

349 923 465 1002 φος,
494 932 590 985 καὶ
618 931 730 986 τῶν
753 931 1106 1003 ἀνθρωπίνων
1133 932 1271 995 ὅλως
1296 929 1578 1000 τυγχάνων
1609 927 1937 1000 ἁπρόσψαυο.

348 1041 492 1087 στος.
545 1023 632 1087 Ὡς
665 1022 778 1094 γὰρ
805 1023 858 1076 ει
904 1039 998 1086 τις,
1017 1021 1280 1092 ἄσαρκος,
1317 1021 1350 1092 ἢ
1393 1019 1590 1092 μᾶλλον
1631 1019 1706 1082 ὡς
1751 1016 1806 1070 εἴ
1845 1034 1924 1082 τις

347 1114 406 1179 ἐξ
431 1113 664 1185 οὐρανοῦ
688 1115 842 1183 ἥκων
870 1112 1124 1182 ἄγγελος,
1152 1111 1295 1166 οὕτω
1323 1113 1417 1166 καὶ
1439 1111 1650 1182 διαίτης
1673 1106 1812 1182 εἶχε,
1835 1109 1928 1164 καὶ⁵

347 1204 628 1276 βίουάὐτὸ
660 1206 822 1276 μόνον
850 1205 1016 1260 ὰΰλου
1036 1247 1051 1270 ,
1093 1205 1181 1258 ἵνα
1224 1204 1299 1275 μὴ
1326 1204 1454 1277 δόξῃ
1505 1204 1648 1274 τάχα
1674 1203 1806 1275 ὕλης
1835 1205 1930 1257 καὶ

347 1297 550 1368 φθορᾶς
564 1297 666 1351 ἄνθ
673 1314 874 1368 ρωπος,
890 1288 951 1350 οὗ
970 1297 1146 1351 πάντα
1158 1299 1405 1368 κρεῖττον
1421 1295 1455 1366 ἢ
1468 1295 1608 1350 κατὰ
1621 1295 1924 1366 ἄνθρωπον.

417 1389 528 1443 Καὶ
576 1388 766 1460 ἔμοιγε
819 1387 956 1460 πρὸς
1001 1390 1222 1460 μνήμην
1267 1388 1472 1442 τούτων
1521 1389 1552 1441 ό
1605 1387 1762 1456 λόγος
1813 1385 1926 1450 ἰὼν,

347 1480 600 1534 amomo
627 1479 739 1552 ἄρα
769 1479 866 1533 καὶ
887 1481 1180 1551 ἀναμέρος,
1207 1479 1286 1542 ὡς
1314 1479 1544 1532 ἕκαστον
1573 1477 1686 1548 ἔχει
1711 1477 1924 1543 διιέναι,

347 1569 460 1634 πῶς
487 1566 644 1635 οὗτος
677 1570 874 1641 κομιδῇ
911 1571 1102 1640 νήπιος
1125 1567 1223 1634 ὢν,
1255 1569 1351 1624 καὶ
1384 1568 1639 1638 ἀγκαλῶν
1675 1569 1928 1638 δεόμενος

343 1662 654 1731 μητρικῶν,
697 1661 796 1732 τὴν
828 1661 1023 1731 ἄφιλον
1069 1659 1286 1730 ἐκείνην
1315 1661 1410 1716 καὶ
1456 1662 1714 1732 τραχεῖαν
1756 1658 1928 1712 είλετο

345 1753 589 1821 ἀγωγὴν,
603 1753 694 1805 τὸν
717 1753 947 1824 ἄμικτον
970 1750 1104 1822 βίον,
1125 1750 1216 1808 τὸν
1233 1750 1618 1822 ἀκοινώνητον,
1641 1749 1735 1805 καὶ
1761 1749 1927 1818 ἐσχά-

2031 577 2172 618 nova
2215 573 2273 620 et
2300 566 2564 621 inusitata
2605 568 2835 623 haberet
2863 567 2975 630 ille,
3013 566 3372 637 quiSpiritus
3401 565 3606 628 aﬂlatu,

2026 655 2277 710 nondum
2305 672 2376 712 ex
2401 657 2489 723 iis,
2526 659 2736 727 quibus
2767 659 3048 714 involutus
3068 665 3208 722 erat,
3249 656 3434 712 fasciis
3457 671 3610 711 exso-

2029 746 2200 812 lutus,
2222 763 2470 804 arentum
2503 753 2687 806 statim
2717 751 2948 807 incoluit
2977 753 3095 805 sine
3120 757 3287 814 tecto,
3313 749 3433 803 sine
3461 748 3605 812 foco,

2030 841 2150 893 sine
2193 840 2345 906 cibo,
2397 841 2520 896 sino
2563 843 2677 897 ullo
2721 857 2848 898 eum
2893 843 3214 897 hominibus
3249 843 3606 897 commercio.

2029 932 2166 986 Nam
2192 933 2345 988 velut
2368 935 2553 988 carnis
2579 951 2794 1004 expers,
2820 943 2916 990 aut
2939 935 3123 1004 potius
3161 935 3390 1008 angelus
3412 951 3443 990 e
3467 934 3608 990 coelo

2031 1021 2322 1094 delapsus,
2355 1023 2564 1080 victum
2599 1033 2656 1080 et
2696 1027 2861 1080 vitam
2893 1026 3157 1082 duntaxat
3188 1025 3608 1081 immaterialem

2031 1112 2244 1179 habuit,
2291 1124 2356 1170 ut
2414 1131 2524 1170 non
2562 1115 2845 1171 videretur
2889 1117 3054 1171 homo
3089 1117 3332 1172 materia:
3382 1127 3440 1173 et
3481 1133 3608 1172 cor-

2031 1207 2275 1272 ruptioni
2327 1207 2616 1277 obnoxius,
2646 1210 2804 1281 cujus
2859 1211 3044 1266 omnia
3109 1225 3272 1280 supra
3329 1209 3608 1264 hominem

2029 1297 2233 1354 forent.
3336 1351 3343 1359 .

2105 1389 2236 1445 Mihi
2275 1393 2496 1462 quidem
2524 1393 2643 1448 hate
2678 1393 2944 1448 memoria
2985 1394 3252 1463 repetenti
3295 1392 3461 1448 subiit
3495 1391 3611 1446 sin-

2030 1479 2154 1546 gula
2179 1495 2280 1550 per
2295 1491 2494 1554 .partes
2520 1483 2754 1538 dicendo
2780 1483 3063 1553 persequi,
3084 1483 3361 1553 quomodo
3385 1482 3475 1536 ille
3491 1497 3609 1535 om-

2030 1571 2164 1626 nino
2202 1571 2403 1638 infans,
2429 1583 2486 1628 et
2527 1575 2792 1630 maternis
2817 1575 2965 1630 ulnis
3013 1573 3284 1645 indigens,
3333 1573 3609 1643 ingratum

2029 1673 2088 1718 et
2115 1679 2373 1734 asperum
2397 1665 2734 1730 institutum,
2763 1682 2828 1722 ac
2853 1667 3020 1721 vitam
3045 1665 3269 1720 humani
3299 1667 3312 1685 ‘
3343 1663 3611 1720 consortii

2031 1755 2425 1826 societatisque
2454 1760 2736 1827 expertem
2756 1766 2811 1813 et
2844 1758 3069 1812 omnino
3095 1755 3394 1813 solitariam
3427 1756 3609 1826 elege-

345 1860 452 1907 τως
495 1823 828 1914 μονότροττον
860 1861 874 1876 ·
912 1844 1076 1898 πόσον
1108 1861 1168 1898 τε
1199 1844 1292 1897 τὸν
1338 1845 1532 1915 χρόνον
1559 1841 1703 1895 οὕτω
1751 1839 1924 1909 διῆξε,

2036 1847 2136 1911 rit;
2173 1823 2442 1916 quantum
2490 1823 2756 1919 temporis
2789 1849 2862 1904 ita
2899 1849 3068 1905 fuerit
3097 1857 3367 1912 versatus,
3405 1849 3474 1903 ab
3495 1823 3612 1902 om-

347 1935 516 2004 μηδὲν
547 1937 674 2006 μήτ’
697 1937 756 1989 ἐν
790 1935 964 2008 ἀώρῳ
995 1939 1061 2007 τῇ
1087 1935 1290 2008 ἡλικίᾳ,
1327 1935 1452 2006 μήτ’
1477 1937 1560 1998 εἰς
1595 1934 1738 2004 ἥϐην
1753 1934 1923 2004 ἥκων,

347 2026 482 2096 πρός
513 2043 564 2079 τι
609 2026 717 2080 τῶν
747 2027 1108 2098 ἀνθρωπίνων
1154 2027 1512 2091 ἐπικλισθεὶς,
1548 2025 1666 2089 πῶς
1697 2043 1754 2079 τε
1785 2026 1930 2080 κατὰ

348 2119 484 2171 θετον
509 2119 894 2191 χρηματισμὸν
914 2120 992 2190 τῷ
1029 2120 1267 2192 Ἰορδάνῃ
1295 2118 1653 2189 ὲπεφοίτησεν
1681 2120 1738 2172 ὲν
1767 2117 1928 2172 ὑστέ-

348 2229 446 2282 ρῳ,
474 2213 642 2282 ήνίκα
663 2213 759 2266 καὶ
783 2211 1002 2283 πρῶτον
1029 2215 1144 2276 τοῖς
1170 2209 1478 2282 ἀνθρώποις
1501 2211 1696 2280 ἐφάνη,
1721 2210 1844 2264 τίνα
1866 2226 1927 2262 τε

349 2299 412 2374 ἦν
435 2303 474 2357 ἃ
507 2305 616 2367 τοῖς
640 2303 790 2368 λαοῖς
821 2303 1100 2375 βαπτίζων
1129 2305 1521 2375 παρηγγυᾶτο·
1566 2303 1662 2356 καὶ
1697 2301 1758 2356 τὸ
1785 2302 1927 2355 πάν-

348 2413 454 2448 των
486 2395 942 2466 παραδοξότατον,
979 2396 1096 2458 πῶς
1139 2397 1235 2450 καὶ
1281 2395 1443 2449 αὑτὸν
1489 2397 1548 2448 ἐν
1579 2397 1703 2458 τοῖς
1732 2393 1924 2448 ὕδασιν

350 2489 610 2542 ὲίὰπτισε
643 2489 736 2542 τὸν
765 2490 1063 2559 Δεσπότην,
1092 2491 1336 2558 κορυφῆς
1363 2487 1464 2557 τῆς
1492 2487 1684 2541 τούτου
1706 2487 1926 2557 ἁψάμε-

350 2597 455 2644 νος,
488 2580 797 2634 τελευταῖον
831 2581 948 2644 πῶς
975 2581 1063 2634 διὰ
1084 2581 1174 2634 τὸν
1196 2581 1474 2650 Δεσπότην
1505 2581 1602 2632 καὶ
1625 2579 1724 2650 τὴν
1751 2579 1928 2633 οἰκίαν

351 2675 654 2745 ἐπετέτμητο
693 2673 954 2744 κεφαλὴν,
983 2668 1050 2746 ἧς
1089 2673 1184 2728 καὶ
1219 2673 1282 2726 τὺ
1321 2673 1552 2741 ἀσελγὲς
1582 2673 1759 2727 ἐκεῖνο
1793 2688 1926 2726 κατ·

347 2765 634 2834 ωρχήσατο
657 2764 860 2834 κόριον.

415 2855 602 2908 Ταῦτα
633 2852 726 2909 οὖν
755 2855 934 2911 καὶτὰ
958 2854 1037 2910 ἔτι
1059 2855 1249 2910 τούτου
1282 2855 1451 2926 μείζω
1477 2855 1570 2910 καὶ
1597 2854 1924 2924 ὑψηλότερα,

349 2948 483 3014 εἴγε
521 2947 614 3000 καὶ
641 2945 922 3018 ἐνεχώρει,
967 2945 1180 3013 ἐξεῖπεν
1206 2949 1234 3000 ό
1274 2946 1427 3014 λόγος
1458 2946 1554 2999 καὶ
1585 2947 1928 3017 παρεστήσα-

349 3057 427 3104 το,
463 3041 626 3104 αὐτός
652 3057 713 3093 τε
745 3039 908 3110 ήδίων
937 3041 1004 3110 τῇ
1034 3037 1238 3092 τούτων
1276 3038 1557 3106 γινόμενος
1593 3038 1804 3109 μνήμῃ,
1833 3037 1926 3089 καὶ

2031 1937 2196 1992 nibus
2217 1939 2384 1994 rebus
2405 1939 2684 2005 humanis,
2711 1955 2835 1993 cum
2863 1939 3119 2010 inprima
3151 1942 3391 2005 aetatula,
3419 1939 3610 1994 tumin

2025 2029 2319 2100 juventute
2354 2039 2676 2100 separatus;
2715 2031 2992 2100 quomodo
3015 2031 3171 2102 juxta
3211 2030 3462 2084 divinum
3489 2044 3612 2083 ora-

2030 2123 2216 2178 culum
2255 2124 2324 2177 ad
2372 2123 2669 2178 Jordanem
2717 2125 2919 2180 deinde
2949 2123 3186 2188 venerit,
3223 2122 3316 2177 ubi
3371 2123 3612 2193 primum

2030 2214 2350 2270 hominibus
2391 2215 2542 2269 visus
2575 2225 2690 2281 est;
2719 2232 2840 2284 quae
2871 2215 3077 2270 fuerint
3117 2215 3230 2279 illa,
3272 2230 3392 2285 qua:
3434 2213 3614 2286 bapti-

2030 2321 2162 2368 zans
2185 2305 2406 2376 populis
2437 2306 2822 2374 denuntiaret;
2857 2314 2934 2372 et,
2989 2307 3137 2377 quod
3185 2307 3346 2362 fidem
3388 2322 3606 2362 omnem

2030 2405 2275 2467 superat,
2298 2397 2579 2466 quomodo
2619 2398 2676 2452 in
2703 2399 2862 2469 aquis
2894 2399 3073 2469 ipsum
3107 2398 3398 2453 Dominum
3426 2397 3609 2467 bapti-

2037 2489 2265 2554 zaverit,
2300 2490 2532 2561 ejusque
2559 2501 2724 2561 caput
2758 2490 3028 2561 tetigerit;
3065 2489 3302 2560 denique
3333 2489 3611 2560 quomodo

2030 2589 2258 2651 propter
2281 2571 2580 2636 hominum
2618 2597 2720 2637 suo
2754 2581 2872 2652 ipse
2911 2581 3175 2636 multatus
3203 2580 3372 2636 fuerit
3404 2579 3607 2650 capite,

2029 2674 2188 2744 cujus
2217 2688 2382 2728 causa
2414 2689 2616 2744 procax
2637 2674 2818 2744 puella
2839 2675 3150 2730 saltaverat.
3517 2661 3536 2680 ⁸

2098 2846 2225 2902 llaec
2256 2857 2314 2902 et
2348 2845 2458 2902 alia
2489 2849 2696 2920 majora
2743 2847 3211 2918 sublimioraque,
3252 2847 3300 2902 si
3329 2846 3412 2902 fas
3439 2853 3608 2908 esset.

2029 2939 2268 2994 dicendo
2301 2939 2415 3012 96
2442 2949 2871 3010 persequeretur
2901 2941 3019 2998 hate
3046 2939 3222 2996 oratio
3253 2954 3398 3003 mea,
3433 2946 3611 2992 tanta-

2031 3047 2264 3101 rumque
2299 3047 2484 3086 rerum
2516 3032 3036 3088 commemoratione
3069 3031 3289 3086 suavior
3312 3029 3486 3093 ﬁeret,
3509 3043 3612 3084 nec

349 3131 571 3202 ἀκροαίς
592 3128 859 3198 φιλοθέοις
887 3129 986 3198 οὐχ
1003 3129 1201 3199 ἥκιστα
1223 3128 1602 3198 χαριζόμενος.
1638 3127 1779 3180 Ἀλλ’
1807 3127 1926 3179 ἐπεὶ

2036 3123 2307 3193 religiosis
2355 3124 2584 3178 auribus
2633 3140 2828 3192 parum
2869 3123 3302 3193 gratificaretur;
3362 3121 3457 3176 sed
3505 3120 3610 3174 ista

351 3223 537 3292 ἑτέρου
565 3223 662 3276 καὶ
689 3222 850 3292 λόγου
880 3222 995 3274 ἐστὶ
1029 3221 1120 3274 καὶ
1142 3221 1334 3290 καιροῦ
1367 3221 1434 3273 τὰ
1461 3219 1706 3282 τοιαῦτα,
1738 3219 1928 3273 καθότι

351 3315 442 3368 καὶ
482 3315 786 3385 ἀρχόμενος
825 3315 925 3385 ήδη
958 3313 986 3366 ὁ
1023 3311 1178 3380 λόγος
1219 3315 1462 3384 εἰρήκει,
1513 3311 1667 3364 οὐδὲν
1697 3310 1837 3374 τέως
1871 3313 1928 3364 ὲν

352 3407 426 3478 τῷ
461 3408 692 3477 παρόντι
743 3410 876 3476 περὶ
917 3411 1142 3464 ἐκείνων
1191 3411 1326 3480 ἐρεῖ,
1381 3409 1542 3479 μόνον
1585 3405 1783 3478 δηλαδὴ
1819 3403 1930 3458 τῶν

355 3499 490 3554 κατὰ
521 3499 622 3570 τὴν
657 3499 915 3571 γέννησιν
949 3501 1319 3572 μεμνημένος,
1355 3500 1450 3553 καὶ
1478 3497 1586 3552 τῶν
1629 3497 1770 3550 κατὰ
1798 3497 1936 3550 ταύ-

356 3605 449 3658 την
487 3591 733 3660 τεράτων
771 3590 866 3644 καὶ
915 3590 1260 3662 θαυμασίων,
1315 3591 1412 3660 οὐχ
1450 3589 1592 3641 ὥστε
1629 3588 1724 3640 καὶ
1755 3588 1930 3640 εἰπεῖν

355 3699 402 3734 τι
426 3681 706 3736 κάνταῦθα
737 3681 914 3752 (τοῦτο
937 3683 1064 3753 γὰρ,
1087 3682 1158 3745 ὡς
1178 3683 1314 3748 ἴστε,
1345 3682 1439 3734 καὶ
1471 3681 1682 3750 φθάσας
1711 3677 1928 3750 πρῶτος

353 3773 657 3843 ἐδήλωσεν),
704 3774 814 3828 ἀλλ’
839 3773 979 3826 ὥστε
1018 3774 1110 3826 τὸν
1139 3773 1300 3828 πόθον
1336 3771 1694 3838 ἐνδείξασθαι,
1736 3773 1832 3825 καὶ
1861 3774 1930 3824 τὰ.

355 3861 449 3932 τῆς
487 3863 698 3934 ἡμέρας
730 3865 1030 3934 ὲνσημᾶναι
1059 3865 1396 3936 χαρμόσυνα.

419 3955 538 4010 Νῦν
573 3957 686 4027 γᾶρ
716 3955 791 4021 ὡς
819 3956 1036 4028 ἀληθῶς
1064 3959 1215 4012 πᾶσα
1243 3957 1426 4011 θάλλει
1451 3957 1668 4028 καρδία,
1701 3957 1794 4011 καὶ
1817 3959 1929 4020 τοῖς

353 4047 441 4101 τοῦ
485 4047 784 4118 θἐολήπτου
844 4050 1131 4120 συνήδεται
1179 4050 1441 4118 γενεσίοις
1465 4067 1478 4080 ·
1527 4049 1623 4104 νῦν
1668 4049 1928 4120 μειδίαμα

353 4139 447 4208 τὴν
475 4140 708 4193 ἑκάστου
747 4140 944 4212 ψυχὴν,
990 4140 1087 4196 καὶ
1123 4143 1429 4212 εὐφροσύνη
1467 4143 1792 4213 κατείληφεν
1832 4141 1929 4213 ἄρ-

355 4231 512 4300 ρητος
536 4248 551 4262 ·
579 4229 676 4284 νῦν
702 4233 884 4304 χαίρει
918 4233 1015 4288 καὶ
1035 4233 1135 4301 ὅση
1171 4234 1280 4286 τῶν
1309 4234 1485 4288 ἁΰλων
1508 4233 1689 4303 φύσις,
1713 4235 1806 4287 καὶ
1829 4235 1927 4304 ὃση

352 4321 440 4374 τδν
470 4321 588 4376 ἂνω
620 4322 798 4394 χῶρον
823 4327 982 4391 οίκεῑ,
1010 4325 1106 4378 καὶ
1125 4326 1225 4396 ὅση
1256 4325 1346 4379 τὸν
1371 4325 1520 4380 κάτω
1544 4327 1650 4397 ἄρα
1677 4325 1770 4379 καὶ
1801 4327 1931 4378 ὑπο-

354 4413 583 4484 χθόνιον,
621 4414 710 4472 aut
747 4417 844 4488 τὴν
893 4417 1192 4488 μέλλουσαν
1223 4418 1440 4472 ἔσεσθαι
1479 4419 1753 4490 σωτηρίαν
1788 4418 1928 4472 ᾶπα-

2029 3229 2341 3269 sermonem
2389 3215 2581 3278 alium,
2628 3214 2798 3278 aliud,
2844 3223 2902 3268 ut
2945 3214 3108 3284 hujus
3155 3213 3419 3268 orationis
3449 3211 3610 3266 initio

2031 3304 2280 3359 dicebam
2301 3345 2316 3369 ,
2345 3312 2562 3372 tempus
2605 3305 2851 3382 exigunt.
2881 3305 3029 3360 Nihil
3061 3322 3127 3360 ex
3170 3305 3280 3359 illis
3317 3303 3605 3374 attingam,

2028 3411 2220 3453 eorum
2249 3397 2515 3452 duntaxat
2552 3411 2674 3466 quae
2717 3397 2786 3452 ad
2820 3397 3162 3453 nativitatem
3209 3395 3508 3467 pertinent,
3553 3402 3610 3449 et

2030 3493 2407 3564 prodigiorum
2459 3494 2624 3559 atque
2658 3491 3049 3547 miraculorum
3084 3505 3206 3562 quae
3245 3498 3358 3543 tum
3394 3487 3612 3543 accide-

2031 3593 2179 3650 runt,
2217 3601 2459 3652 memor;
2489 3601 2600 3641 non
2631 3583 2777 3656 quod
2815 3583 2916 3638 ista
2939 3592 3236 3639 retractare
3261 3581 3605 3652 velim,quae,

2032 3683 2092 3729 ut
2133 3675 2306 3739 scitis,
2341 3691 2469 3746 pars
2514 3675 2780 3732 orationis
2814 3675 2968 3744 prior
3025 3672 3334 3744 occupavit,
3383 3671 3479 3727 sed
3530 3671 3610 3725 sic

2029 3767 2315 3822 ostendam
2351 3783 2593 3823 amorem
2615 3808 2630 3833 ,
2671 3776 2728 3822 et
2756 3782 2940 3821 meum
2974 3766 3043 3821 de
3081 3765 3186 3820 hoc
3219 3765 3308 3820 die
3347 3763 3608 3836 gaudium

2027 3859 2365 3930 signiﬁcabo.

2099 3952 2258 4007 Nunc
2277 3965 2440 4022 quam
2455 3950 2742 4006 verissime
2764 3947 3399 4004 exhilaranturomnium
3419 3945 3606 4010 corda,

2029 4055 2087 4100 et
2137 4045 2364 4101 Joannis
2399 4043 2682 4100 natalibus
2729 4042 3100 4114 gratulantur;
3148 4057 3294 4096 nunc
3348 4040 3612 4095 uniuscu-

2025 4137 2228 4207 jusque
2281 4136 2464 4190 sinum
2509 4135 2761 4189 hilaritas
2809 4141 2865 4188 et
2929 4133 3186 4204 gaudium
3241 4131 3608 4188 inenarrabile

2030 4226 2328 4296 complevit
2364 4243 2377 4279 :
2421 4240 2571 4280 nunc
2597 4224 2824 4295 singula:
2845 4234 3057 4278 naturte
3086 4223 3422 4293 spirituales,
3448 4230 3609 4292 quot-

2029 4325 2166 4387 quot
2187 4317 2466 4372 cmlestem
2499 4316 2778 4386 regionem
2810 4314 3077 4381 incolunt,
3115 4323 3170 4370 et
3195 4323 3464 4385 quotquot
3491 4313 3606 4369 sive

2032 4415 2228 4472 terras,
2287 4407 2402 4462 sive
2453 4406 2660 4462 inferos
2697 4406 3040 4470 inhabitant,
3073 4415 3298 4476 propter
3352 4405 3602 4469 salutem,

354 4521 470 4560 σιν·
507 4507 634 4578 ἄρτι
671 4507 734 4561 τὸ
769 4509 864 4562 ἀπ’
893 4510 1087 4574 αἰῶνος
1125 4510 1482 4581 σεσιγημένον
1521 4511 1813 4582 μυστήριον
1841 4512 1925 4562 ὲκ-

2036 4513 2155 4568 [μιιτε
2193 4497 2321 4553 inde
2371 4498 2429 4552 in
2463 4513 2655 4552 omnes
2708 4499 2872 4553 debet
2921 4497 3252 4561 redundare,
3287 4496 3540 4550 lretantur
3587 4513 3603 4550 :

352 4596 683 4683 καλύπτεται
711 4615 725 4629 ·
770 4599 898 4671 ἄρτι
936 4603 966 4654 ό
1016 4601 1310 4672 μονογενὴς
1351 4601 1446 4656 τοῦ
1484 4600 1618 4655 Θεοῦ
1651 4602 1798 4669 Υἱὸς,
1833 4601 1926 4655 καὶ

353 4689 474 4755 Yth;
505 4693 796 4765 ἀνθρώπου
828 4693 1036 4762 γίνεται
1061 4695 1409 4766 ἁποῤῥήτως.

419 4849 580 4918 Ἀρτι
605 4849 828 4918 ἄγγελοι
856 4852 969 4914 τοῖς
990 4849 1295 4922 ἀνθρώποις
1327 4851 1706 4918 συνάπτονται,
1738 4853 1832 4906 καὶ
1857 4851 1926 4904 τὰ

353 4941 475 5012 πρὶν
495 4940 760 4996 διεστῶτα
791 4944 871 5006 είς
919 4941 976 4996 ἓν
1015 4943 1458 5014 συνεισέρχεται·
1497 4945 1672 4998 πάντα
1704 4944 1812 5014 γὰρ
1855 4944 1926 4998 τὰ

354 5033 578 5106 κρείττω
617 5037 684 5108 τῇ
721 5034 818 5088 τοῦ
849 5035 1168 5106 Προδρόμου
1213 5037 1493 5108 συντρέχει
1530 5038 1799 5105 γεννήσει,
1832 5037 1924 5090 καὶ

353 5125 510 5180 αὐτοῦ
563 5129 634 5200 τῇ
676 5127 926 5200 προσόδῳ
977 5129 1086 5180 πᾶν
1121 5126 1174 5181 εί
1209 5144 1262 5182 τι
1303 5127 1607 5194 κάλλιστον,
1643 5129 1745 5200 ἤδη
1785 5146 1925 5199 συμ-

354 5217 619 5289 πρόεισιψ
669 5220 901 5282 είκότως
945 5219 1074 5290 ἄρα,
1126 5221 1220 5273 καὶ
1265 5219 1335 5272 τὰ
1378 5222 1498 5274 κατ’
1537 5222 1698 5274 αὐτὸν
1744 5224 1922 5274 πάντα

353 5309 525 5376 καινὰ,
555 5313 650 5366 καὶ
681 5311 950 5380 σύλληψις
978 5309 1115 5380 ἅμα,
1146 5312 1240 5366 καὶ
1270 5311 1544 5382 γέννησις,
1583 5314 1674 5365 καὶ
1706 5313 1918 5384 ἀγωγὴ,

354 5401 439 5452 καὶ
466 5401 594 5472 βίος,
619 5404 715 5458 καὶ
735 5405 838 5457 ὅσα
870 5401 1004 5456 ἄλλα
1036 5403 1128 5456 ἐπὶ
1154 5403 1330 5474 τούτῳ
1361 5403 1677 5475 παραδόξως
1705 5420 1920 5456 συνετε-

354 5487 522 5565 λὲσθη.

413 5584 609 5639 Οὐκοῦν
652 5585 851 5658 μηδεὶς
896 5581 1144 5652 στυγνὸς,
1179 5584 1366 5656 μηδεὶς
1417 5587 1688 5658 κατηφὴς,
1733 5587 1923 5658 μηδεὶς

347 5671 475 5748 λύπῃ
528 5679 812 5742 κατωπὸς,
855 5673 953 5728 τοῦ
1001 5677 1266 5747 παρόντος
1324 5678 1598 5749 μετεχέτω
1639 5679 1918 5748 συλλόγου.

356 5765 498 5826 Ἀλλὰ
543 5774 636 5829 καὶ
683 5770 877 5845 ψυχῆς
935 5768 1093 5823 ἀνίαν
1144 5771 1239 5824 καὶ
1288 5769 1534 5842 σώματος
1592 5773 1919 5839 ἀποτιναξὰ-

2031 4605 2179 4645 nunc
2202 4589 2584 4644 absconditum
2628 4605 2660 4644 a
2705 4591 2905 4645 smeulo
2947 4588 3266 4661 mysterium
3299 4586 3602 4652 revelatur;

2032 4697 2180 4736 nunc
2205 4682 2526 4752 unigenitus
2551 4681 2649 4738 Dei
2690 4681 2860 4737 Filius
2908 4683 2966 4736 fit
3003 4679 3266 4734 inetlabili
3313 4679 3476 4734 modo
3518 4680 3607 4736 Fi-

2031 4773 2139 4828 lius
2169 4775 2428 4830 hominis.

2101 4867 2218 4922 Jam
2261 4869 2439 4938 angeli
2473 4885 2597 4924 cum
2629 4866 2948 4922 hominibus
2979 4867 3420 4940 conjunguntur,
3457 4875 3514 4922 et
3548 4867 3603 4922 in

2030 4971 2201 5010 unum
2223 4957 2580 5021 conveniunt,
2601 4971 2722 5026 quae
2753 4955 2906 5026 prius
2925 4967 3084 5012 erant
3101 4957 3443 5012 dissitaznam
3464 4957 3606 5028 opti-

2029 5062 2118 5100 ma
2147 5062 2376 5116 quaeque
2406 5062 2530 5100 cum
2555 5048 2915 5103 Prmcursoris
2939 5049 3215 5105 natalibus
3235 5059 3594 5113 concurrunt,

2027 5148 2085 5193 et
2117 5153 2240 5192 cum
2265 5139 2384 5208 ejus
2409 5138 2648 5194 adventu
2685 5139 3150 5196 excellentissima
3178 5157 3408 5210 quaeque
3439 5140 3601 5195 simul

2031 5229 2347 5296 conﬂuunt;
2378 5247 2480 5286 nec
2507 5231 2784 5286 immerito
2809 5247 2938 5287 sane
2960 5233 3162 5298 omnia,
3189 5249 3308 5302 qua:
3335 5234 3400 5287 ad
3426 5235 3600 5304 ipsum

2030 5321 2327 5390 pertinent,
2357 5337 2494 5377 nova
2526 5331 2676 5387 sunt,
2709 5334 3029 5392 conceptus,
3051 5323 3358 5389 ~nativitas,
3385 5323 3601 5378 institu-

2029 5421 2168 5477 tum,
2205 5413 2329 5468 vitae
2375 5431 2582 5484 genus,
2617 5423 2672 5468 et
2725 5414 2828 5469 alia
2861 5430 2981 5484 quae
3035 5415 3090 5469 in
3135 5416 3252 5485 ipso
3297 5416 3490 5472 mirum
3547 5417 3600 5470 in

2031 5504 2256 5559 modum
2283 5506 2524 5576 perfecta
2553 5514 2700 5562 sunt.

2098 5595 2294 5650 Nullus
2321 5596 2488 5666 igitur
2514 5596 2812 5662 austerior,
2839 5597 3022 5652 nullus
3044 5595 3228 5666 pusilli
3262 5595 3448 5660 animi,
3475 5596 3600 5650 nul-

2028 5684 2114 5739 lus
2143 5687 2352 5741 tristior
2374 5686 2445 5742 sit
2473 5687 2638 5759 hujus
2667 5689 2935 5742 orationis
2956 5687 3260 5756 particeps:
3293 5687 3386 5740 sed
3423 5687 3516 5756 qui
3545 5696 3600 5739 et

2029 5777 2193 5832 animi
2235 5787 2288 5832 et
2345 5779 2592 5848 corporis
2613 5781 2629 5798 ⁶
2660 5795 2952 5834 mari-orem
2991 5779 3100 5850 97
3131 5778 3352 5852 abjecit,
3379 5776 3602 5835 accedat
