3950 6226
275 370 344 434 47
1480 353 1795 417 OPERUM
1869 349 1882 407 '.

1997 347 2360 409 EODORETI
3480 336 3548 399 48

274 484 386 547 ille,
414 480 654 536 celebret
679 476 944 549 praeconis
964 473 1188 539 natalia,
1217 481 1271 528 et
1298 472 1610 527 diemhunc
1642 468 1862 523 faustis-

1997 478 2148 528 ιενος,
2177 462 2349 525 οὕτως
2377 460 2564 515 εἰσίτω
2597 457 2870 531 ἐορτάσων
2897 457 2993 511 τοῦ
3030 458 3270 529 κήρυκος
3299 455 3369 509 τὰ
3388 458 3547 524 γενέ-

277 575 479 630 simum
534 572 811 643 praedicet.
870 567 1014 635 Quid
1065 567 1212 621 enim
1270 567 1448 637 majus
1498 564 1564 618 ad
1628 562 1864 618 delicias

278 668 506 732 aﬂ‘erat,
560 682 686 721 cum
745 662 1115 735 pulcherrima
1147 674 1398 729 quaeque,
1451 667 1508 713 et
1540 655 1863 712 suavissima

278 773 508 829 quaeque
550 753 1058 827 perfectissimaque
1102 749 1159 802 in
1207 763 1377 802 unum
1433 755 1624 802 coacta
1656 746 1862 811 videat,

278 851 481 921 quibus
513 849 733 905 divinus
756 848 848 903 ille
883 846 1225 918 praenuntius
1262 845 1568 898 instructus
1598 840 1723 897 est?

351 1005 489 1062 Cum
515 1005 680 1076 igitur
717 1012 788 1070 te,
812 1003 1129 1059 beatissime
1155 1002 1492 1070 Praecursor,
1523 1000 1601 1057 sic
1631 1000 1735 1056 via:
1767 999 1868 1055 du-

281 1111 402 1153 cem
447 1111 512 1151 ae
542 1094 847 1166 principem
897 1091 1313 1158 ornaverimus,
1350 1092 1449 1147 abs
1482 1100 1535 1147 te
1582 1090 1655 1148 sit
1708 1091 1868 1145 nobis

282 1187 495 1253 laetitia,
522 1188 700 1243 omnis
732 1202 859 1257 spes
883 1194 939 1240 et
969 1186 1257 1251 auxilium,
1281 1192 1478 1256 praesto
1503 1184 1598 1250 sis,
1621 1190 1870 1238 amantes

281 1295 336 1337 te
390 1282 632 1345 redama,
673 1288 729 1335 et
784 1280 995 1335 intimis
1052 1279 1219 1335 animi
1268 1278 1526 1335 sensibus
1584 1293 1711 1348 erga
1769 1292 1871 1332 nos

281 1384 617 1438 commotus,
638 1390 751 1429 non
779 1383 966 1428 nostra
994 1381 1210 1443 reputa,
1238 1386 1340 1427 nec
1364 1386 1478 1436 eas,
1503 1370 1704 1440 quibus
1728 1384 1869 1439 quo-

282 1469 415 1524 tidie
442 1467 813 1539 implicamur,
849 1465 1190 1536 iniquitates,
1217 1463 1313 1520 sed
1330 1461 1871 1518 commiserationem

280 1561 602 1616 errantibus
627 1561 849 1616 exhibe.
886 1558 969 1614 Ad
995 1558 1289 1613 arbitrium
1311 1556 1484 1612 habes
1511 1555 1613 1612 tibi
1639 1570 1874 1612 consen—

285 1655 514 1709 tientem
544 1654 859 1718 Dominum,
897 1651 990 1722 qui
1017 1650 1177 1706 nobis
1198 1650 1493 1715 condonet,
1518 1649 1562 1711 si
1586 1648 1718 1719 quid
1749 1663 1876 1718 per-

284 1761 473 1815 peram
496 1744 675 1816 egisse
700 1744 1017 1809 videamur;
1045 1743 1211 1815 hujus
1238 1741 1385 1798 enim
1414 1756 1474 1797 es
1506 1742 1739 1806 amicus,
1767 1740 1871 1796 Ba-

1965 553 2108 619 θλια,
2146 553 2240 607 καὶ
2285 552 2671 624 πανηγυρίσων
2708 554 2808 623 τῆς
2837 549 3052 621 ἡμέρας
3089 547 3159 602 τὰ
3193 548 3549 619 χαριστήρια.

1966 647 2033 700 Τί
2073 647 2181 718 γάρ
2219 646 2315 701 καὶ
2361 646 2546 717 μεῖζον
2593 646 2674 710 είς
2713 645 2910 718 ἡδονὴν
2952 642 3225 715 κομιεῖταὶ
3260 658 3345 704 τις
3390 638 3551 695 πάνθ’

1965 739 2107 811 ὁρῶν
2136 738 2233 793 νῦν
2256 738 2326 792 τὰ
2369 738 2632 793 κάλλιστα
2672 738 2811 809 ἅμα,
2839 737 2935 790 καὶ
2963 736 3178 806 ἥδιστα,
3218 732 3313 787 καὶ
3342 732 3554 786 λυσιτε-

1967 830 2199 885 λέστατα
2232 834 2310 897 εἰς
2340 830 2398 884 ἓν
2429 830 2774 896 συνελθόντα,
2807 829 2902 884 καὶ
2935 827 3180 900 μηνυτὴν
3221 826 3418 898 ἔχοντα
3451 825 3548 879 καὶ

1969 924 2309 997 προάγγελον
2341 924 2434 978 τὸν
2472 923 2766 996 θεόληπτον
2788 941 2803 993 ;

2052 1014 2216 1068 Ἀλλά
2245 1014 2413 1086 γάρ⁸⁷
2442 1014 2567 1068 ἐπεὶ
2615 1015 2698 1078 σὲ,
2732 1008 2778 1069 ὧ
2823 1013 3213 1086 μακαριώτατε
3247 1012 3554 1086 Πρόδρομε,

1970 1106 2112 1161 οὕτω
2157 1107 2252 1160 καὶ
2304 1106 2496 1178 ὁδηγὸν
2547 1107 2642 1159 καὶ
2700 1106 2943 1178 ἀρχηγὸν
2984 1107 3042 1159 ἐν
3087 1106 3203 1169 τοῖς
3248 1103 3559 1176 κρείττοσιν

1971 1199 2405 1270 ἐπλουτήσαμεν,
2444 1199 2542 1253 καὶ
2578 1197 2731 1269 παρά
2765 1199 2859 1252 σοῦ
2891 1200 3024 1269 ἡμῖν
3067 1197 3164 1251 καὶ
3192 1194 3353 1268 ἡδονὴ
3385 1191 3557 1260 nica,

1973 1293 2067 1346 καὶ
2098 1292 2277 1357 ἐλπὶς,
2327 1292 2420 1345 καὶ
2470 1291 2712 1362 βοήθεια,
2748 1290 2971 1362 φάνηθι,
3012 1291 3108 1344 καὶ
3140 1289 3304 1352 αὐτὸς
3331 1290 3558 1342 ἀντιπο-

1975 1377 2084 1432 θῶν
2113 1379 2240 1442 τοὺς
2269 1378 2593 1443 ποθοῦντας,
2628 1380 2723 1434 καὶ
2755 1382 3018 1450 χρηστοῖς
3046 1378 3174 1449 περὶ
3202 1380 3351 1450 ἡμᾶς
3378 1377 3563 1432 κινού-

1977 1487 2137 1541 μενος
2168 1470 2517 1541 σπλάγχνοις,
2546 1470 2622 1542 μὴ
2650 1471 2719 1526 τὰ
2754 1472 3002 1543 ἡμέτερα
3024 1469 3396 1541 λογιζόμενος,
3439 1469 3563 1541 μηδ’

1973 1559 2056 1630 οἷς
2084 1564 2208 1619 καθ’
2240 1565 2456 1636 ἡμέραν
2494 1564 2907 1636 συνειλήμμεθα
2948 1562 3295 1633 αἰτιάμασιν,
3336 1562 3474 1616 ἀλλὰ
3499 1562 3565 1615 τὸ

1977 1659 2070 1713 σὸν
2101 1657 2384 1730 συμπαθὲς
2413 1656 2509 1712 καὶ
2542 1656 2871 1727 σφάλλουσιν
2903 1655 3336 1727 ἐνδεικνύμενος.
3377 1655 3566 1726 Ἔχεις

1975 1750 2082 1821 γὰρ
2166 1748 2493 1821 βουλόμενος
2559 1748 2877 1804 ἐπινεύοντα
2943 1749 3037 1803 τὸν
3091 1747 3371 1817 Δεσπότην
3399 1786 3414 1811 ,
3470 1746 3567 1799 καὶ

283 1837 472 1907 ptista,
506 1852 814 1908 praecursor
840 1844 897 1891 et
927 1835 1226 1906 propheta;
1254 1849 1382 1890 eum
1417 1834 1629 1889 caeteris
1663 1841 1718 1888 et
1740 1833 1878 1888 lihe-

1997 1841 2207 1911 ὶφιέντα
2238 1842 2391 1914 ἡμῖν,
2415 1841 2468 1894 εῐ
2483 1858 2537 1894 τι
2570 1840 2645 1912 μὴ
2669 1841 2763 1895 καὶ
2781 1840 3007 1905 δεόντως
3030 1838 3356 1911 φαινοίμεθα
3384 1835 3562 1909 πράτ-

285 1931 402 1987 rius
426 1939 482 1987 et
497 1930 865 1986 conﬁdentius
888 1930 1187 1999 alloqueris
1217 1946 1229 1982 :
1260 1928 1483 1984 auditur
1500 1928 1872 1999 interpellatio

288 2033 399 2087 tua,
426 2032 483 2078 et
533 2039 728 2094 preces
774 2023 893 2079 sine
938 2022 1107 2077 ullius
1138 2021 1452 2077 interventu
1484 2021 1549 2077 ad
1580 2037 1744 2079 aures
1774 2021 1873 2078 Dei

285 2116 468 2171 staLim
533 2114 820 2171 accedunt.
875 2113 1151 2170 Caeterum
1204 2129 1305 2185 pro
1365 2114 1529 2170 nobis
1589 2129 1873 2186 nunquam

284 2223 467 2264 cesses
500 2207 816 2279 deprecari;
854 2222 977 2278 qute
1018 2205 1181 2262 nobis
1231 2205 1584 2273 conducunt,
1619 2207 1872 2279 impetra,

288 2311 349 2357 ut
377 2301 706 2357 clementem
730 2301 904 2355 Deum
924 2299 1247 2365 habeamus,
1274 2306 1332 2355 et
1356 2298 1413 2354 in
1446 2298 1637 2358 futuro
1670 2299 1875 2355 saeculo

288 2394 471 2465 ipsum
527 2409 908 2465 assequamur,
942 2392 1036 2462 qui
1070 2392 1400 2464 promissam
1452 2392 1615 2448 nobis
1645 2392 1874 2464 gloriam

288 2486 580 2553 concedat,
609 2486 666 2541 in
705 2484 926 2543 Christo
948 2485 1081 2542 Jesu
1108 2484 1342 2541 Domino
1367 2493 1583 2551 nostro,
1616 2501 1726 2541 una
1751 2500 1880 2541 cum

288 2577 625 2634 viviﬁcatore
671 2577 902 2649 Spiritu,
952 2594 1103 2635 nunc
1144 2586 1201 2634 et
1244 2593 1482 2649 semper,
1510 2585 1567 2633 et
1594 2578 1649 2634 in
1680 2579 1881 2634 saecula

290 2669 636 2724 saeculorum.
654 2668 851 2724 Amen.

1979 1947 2197 1996 τοντες·
2235 1931 2299 1984 σὺ
2348 1930 2457 2003 γὰρ
2503 1932 2694 1985 τούτου
2740 1930 2837 1984 καὶ
2885 1929 3064 2001 φίλος,
3111 1928 3207 1983 καὶ
3241 1926 3568 1998 βαπτιστὴς,

1980 2025 2076 2079 καὶ
2108 2024 2435 2097 πρόδρομος,
2472 2026 2569 2078 καὶ
2611 2024 2934 2097 προφήτης,
2968 2022 3065 2077 καὶ
3095 2020 3190 2075 σοῦ
3220 2023 3261 2092 ,ἡ
3297 2020 3435 2091 πρὸς
3471 2018 3571 2072 αὐ·-

1982 2116 2075 2171 τδν
2116 2114 2398 2190 παρρησία
2446 2114 2648 2186 μείζων
2694 2117 2809 2179 τοῖς
2855 2115 3019 2183 ὅλοις,
3052 2112 3148 2167 καὶ
3195 2111 3563 2183 άπαράθετος,

1980 2207 2048 2261 δι’
2079 2207 2148 2278 ἦν
2175 2223 2258 2260 σοι
2293 2205 2441 2277 καὶὴ
2474 2205 2713 2271 ἔντευξις
2745 2206 3008 2277 ἀκουστὴ,
3042 2206 3139 2259 καὶ
3164 2205 3199 2276 ὴ
3223 2203 3408 2274 δέησις
3431 2202 3573 2272 άμε-

1987 2316 2103 2365 σος,
2138 2299 2231 2352 καὶ
2267 2300 2348 2363 εἰς
2382 2292 2497 2352 ὦτα
2527 2296 2663 2352 Θεοῦ
2714 2298 2951 2369 μάλιστα
2997 2297 3293 2353 πίπτουσα.
3335 2294 3429 2367 Μὴ
3478 2286 3574 2348 οὖν

1986 2392 2223 2457 ἐλλίποις
2254 2390 2441 2446 λοιπὸν
2471 2391 2612 2462 ὑπὲρ
2635 2391 2838 2445 δούλων
2869 2388 3212 2464 πρεσϐεύων,
3247 2388 3344 2441 καὶ
3372 2385 3443 2439 τὰ
3471 2384 3570 2438 λυ-

1989 2485 2172 2555 σιτελῆ
2208 2485 2341 2555 ἡμῖν
2380 2482 2785 2555 ἐξαιτούμενος,
2828 2483 2906 2547 ὡς
2947 2481 3015 2536 ἂν
3053 2481 3150 2536 καὶ
3192 2480 3325 2538 Θεὸν
3367 2475 3573 2549 εὐμενῆ

1990 2576 2277 2649 σχοίημεν,
2307 2575 2402 2630 καὶ
2430 2575 2594 2630 αὑτοῦ
2627 2574 2867 2648 Χριστοῦ
2886 2573 2934 2607 ⁸⁸
2964 2575 3024 2629 ἐν
3064 2572 3140 2646 τῷ
3181 2571 3431 2645 μέλλοντι
3475 2567 3575 2622 τύ-

1991 2686 2203 2744 χοιμεν,
2237 2667 2516 2740 βασιλείαν
2550 2670 2683 2740 ἡμῖν
2713 2667 2813 2740 τὴν
2846 2666 3268 2739 ἐπηγγελμένην
3303 2665 3578 2736 παρέχον-

289 2779 401 2827 τος,
454 2763 512 2815 ἐν
540 2761 761 2833 Χριστῷ
797 2760 971 2834 Ἰησοῦ
1018 2762 1210 2835 Κυρίῳ
1257 2760 1419 2833 ήμῶν
1472 2762 1589 2835 ἅμα
1628 2762 1704 2836 τῷ
1753 2763 2004 2837 ξωοποιῷ
2043 2759 2344 2833 Πνεύματι,
2378 2759 2473 2817 νῦν
2517 2759 2615 2816 καὶ
2648 2760 2735 2817 ἀεὶ
2764 2760 2861 2817 καὶ
2900 2762 2981 2824 εἰς
3031 2760 3160 2822 τοὺς
3216 2758 3419 2821 αἰῶνας
3466 2756 3577 2811 τῶν

290 2853 523 2909 αἰώνων.
568 2855 624 2908 Ἀ
634 2855 760 2928 μήν.

293 2967 408 3039 98
436 2967 520 3023 Ea:
544 2967 847 3025 Theodoreti
872 2972 1202 3045 sermonibus
1221 2974 1451 3045 quinque
1466 2974 1521 3029 in
1542 2972 1598 3029 S.
1623 2973 1887 3029 Joannem

861 3039 1315 3113 Chrysostomu'm.

1998 2974 2376 3045 Θεοδωρήτου
2426 2974 2495 3028 ἐκ
2549 2972 2667 3028 τῶν
2707 2980 2750 3045 ε’
2786 2974 2999 3045 λόγων
3021 2974 3109 3038 εἰς
3140 2971 3246 3026 τὸν
3279 2970 3349 3024 ἐν
3384 2969 3578 3039 ἁγίοις

2329 3045 2619 3113 Ἰωάννην
2660 3044 2768 3098 τὸν
2798 3044 3255 3113 Χρυσόστομον.

1452 3221 1532 3276 Ex
1568 3220 1750 3280 Photii
1784 3222 2128 3289 Bibliotheca,
2162 3220 2286 3277 cod.
2320 3220 2445 3275 275.

368 3385 521 3441 Lecti
567 3395 696 3442 sunt
731 3402 1038 3456 sermones,
1074 3406 1214 3461 quos
1256 3392 1455 3449 beatus
1503 3394 1888 3451 Theodoretus
1915 3410 1957 3468 α

297 3479 353 3533 in
413 3486 664 3534 sanctum
708 3479 978 3539 Joannem
1025 3482 1481 3555 Chrysostomum
1529 3486 1879 3555 composuit:

297 3584 363 3623 ex
398 3568 462 3623 iis
491 3569 760 3624 hactenus
784 3570 1031 3641 quinque
1063 3579 1277 3627 tantum
1313 3573 1573 3639 vidimus,
1591 3573 1737 3629 unde
1762 3588 1886 3645 qua:

300 3669 608 3731 sequuntur
637 3661 1048 3733 descripsimus.

369 3842 624 3914 Quinque
666 3858 988 3901 sermonum
1030 3846 1245 3917 primus
1274 3845 1497 3902 videtur
1540 3845 1710 3901 alium
1738 3845 1888 3917 prio-

300 3948 420 3989 rem
453 3934 642 4004 sequi,
674 3943 769 3990 aut
801 3945 951 3993 certe
990 3953 1119 4009 pars
1162 3938 1398 4010 alicujus
1437 3952 1579 3994 esse.
1614 3937 1887 3994 Caeterum

303 4033 504 4080 tractat
527 4028 805 4097 quomodo
828 4029 1109 4102 (Joannes)
1134 4039 1396 4087 evocatus
1426 4030 1890 4103 Constantinopo-

302 4117 399 4172 lim
441 4119 1002 4192 venerit,ipsiusque
1048 4124 1499 4195 archiepiscopus
1555 4124 1889 4179 constitutus

239 4258 245 4265 .
302 4208 375 4264 sit
413 4227 426 4262 :
461 4209 737 4279 quomodo
782 4212 1186 4285 presbyterium
1219 4222 1277 4271 et
1310 4230 1589 4271 summum
1633 4214 1891 4271 sacerdo-

303 4300 443 4355 tium
474 4301 542 4354 ad
575 4302 858 4372 antiquam
904 4320 1153 4360 normam
1206 4306 1358 4361 omni
1400 4305 1584 4361 studio
1628 4320 1890 4361 revocare

304 4402 536 4451 conatus
586 4394 697 4450 sit:
732 4412 855 4467 qua:
896 4406 1090 4453 contra
1136 4396 1368 4457 Gainam
1414 4413 1717 4471 generosus
1751 4402 1764 4416 '
1798 4397 1890 4452 ille

304 4486 563 4554 Joannes,
593 4503 744 4544 nunc
789 4505 852 4544 os
900 4488 1186 4546 ferocienti
1229 4488 1551 4553 oceludens.
1590 4506 1740 4545 nunc
1791 4504 1892 4559 pro

306 4581 585 4635 communi
645 4581 963 4653 reipublicae
1014 4582 1237 4657 negotio
1294 4583 1568 4654 legatione
1631 4580 1888 4653 fungens,

308 4670 521 4741 peregit
554 4691 567 4724 :
600 4672 877 4742 quomodo
909 4672 1132 4729 tandem
1186 4674 1391 4730 invidia
1436 4674 1766 4730 sententiam
1798 4689 1894 4729 ex-

2075 3391 2417 3463 Ἀνεγνώσθη
2447 3391 2511 3446 ἐκ
2539 3391 2649 3445 τῶν
2674 3388 2769 3444 τοῦ
2811 3387 3083 3459 μακαρίου
3110 3386 3457 3460 Θεοδωρήτου
3488 3384 3579 3439 λό-

1992 3498 2128 3551 γων,
2159 3482 2254 3546 οὓς
2294 3483 2375 3546 είς
2402 3480 2493 3536 τὸν
2528 3482 2587 3534 ἐν
2621 3479 2799 3549 ἁγίοις
2842 3478 3100 3546 Ἰωάννην
3136 3479 3227 3532 τὸν
3268 3478 3583 3551 Χρυσόστο-

1997 3587 2097 3641 μον
2125 3571 2454 3636 συνετάξατο
2477 3611 2492 3636 ,
2527 3563 2603 3625 ὧν
2633 3571 2792 3641 ἡμεῖς
2825 3567 2989 3623 πέντε
3019 3569 3158 3633 τέως
3180 3571 3225 3601 ⁸⁸
3259 3568 3442 3641 ἴδομεν
3468 3608 3483 3634 ,
3521 3569 3582 3637 ἐξ

1995 3655 2070 3715 ὦν
2104 3663 2199 3716 καί
2227 3680 2380 3727 τινας
2413 3661 2645 3731 ἐκλογὰς
2689 3661 2788 3726 τὰς
2819 3662 3269 3733 ὑποτεταγμένας
3295 3679 3579 3736 παρεγρα-

1993 3753 2238 3826 ψάμεθα.

2067 3846 2190 3901 Ὅτι
2224 3845 2333 3901 τῶν
2363 3847 2525 3901 πέντε
2555 3848 2730 3917 λόγων
2754 3848 2784 3901 ὁ
2815 3847 3053 3919 πρῶτος,
3083 3847 3245 3905 ἄλλον
3277 3844 3386 3918 πρὸ
3411 3845 3580 3904 αὐτοῦ

1995 3939 2144 3994 δοκεῖ
2169 3938 2443 4011 δέχεσθαι,
2476 3940 2509 4010 ἢ
2560 3940 2724 4011 μέρος
2765 3939 2931 3995 αὑτοῦ
2966 3937 3106 3994 εἶναι
3129 3957 3143 3971 ·
3185 3940 3325 4012 πλὴν
3354 3936 3582 4012 διαλαμ-

1998 4030 2187 4097 ϐάνει,
2226 4031 2351 4087 ὅθεν
2397 4048 2457 4085 τε
2501 4031 2838 4103 μετάκλητος
2884 4033 2966 4097 είς
3009 4032 3582 4087 Κωνσταντινούπολιν

1995 4117 2121 4196 ἧκε,
2154 4122 2251 4177 καὶ
2288 4122 2439 4186 ὅπως
2465 4122 2634 4194 αὐτῆς
2664 4123 2953 4195 ἀρχιερεὺς
2980 4123 3240 4194 κατέστη,
3267 4122 3358 4176 καὶ
3386 4121 3461 4185 ὡς
3482 4120 3583 4192 τὴν

2002 4211 2323 4285 ἱερωσύνην,
2372 4214 2468 4277 καὶ
2497 4212 2934 4285 ἀρχιερωσύνην,
2967 4215 3049 4277 είς
3093 4214 3187 4268 τὸν
3219 4215 3446 4287 ἀρχαῖον
3486 4214 3584 4267 x6-

2001 4320 2136 4375 σμον
2158 4305 2453 4372 ἐπανάγειν
2480 4305 2739 4375 ἐπειρᾶτο
2760 4305 2964 4376 σπουδῇ
2992 4305 3143 4378 πάσῃ
3166 4322 3180 4336 ο
3204 4306 3299 4360 καὶ
3322 4306 3420 4359 ὅσα
3447 4304 3585 4376 πρὸς

1997 4396 2199 4452 Γαῖναν
2231 4396 2299 4461 ⁸⁸,
2340 4396 2499 4450 τοῦτο
2532 4396 2631 4466 μὲν
2656 4398 2685 4448 ὁ
2711 4398 2958 4465 γενναῖος
2990 4396 3359 4465 ἐπιστομίζων
3400 4396 3586 4450 Ἰωάν-

1998 4508 2120 4560 νης,
2169 4489 2326 4544 τοῦτο
2351 4489 2409 4543 δὲ
2448 4489 2586 4562 ὑπὲρ
2628 4489 2737 4543 τῶν
2775 4490 2971 4545 κοινῶν
3009 4490 3108 4560 τῆς
3154 4488 3429 4552 πολιτείας
3470 4487 3587 4540 δια-

2001 4580 2436 4653 πρεσϐευόμενος
2463 4582 2804 4653 πραγμάτων
2831 4581 3159 4652 διεπράξατο
3178 4598 3191 4612 ·
3226 4580 3322 4635 καὶ
3349 4581 3425 4644 ὡς
3452 4578 3587 4650 φθό-

2001 4690 2091 4738 νος
2121 4673 2271 4745 αύτῷ
2302 4673 2401 4745 τὴν
2432 4673 2734 4747 ὑπερορίαν
2765 4675 2809 4708 ⁸⁸
2837 4674 3162 4747 ἐψηφίσατο.
3187 4673 3297 4727 Καί
3323 4690 3448 4727 τινα
3476 4671 3589 4727 τῶν

308 4761 416 4817 silii
443 4761 497 4816 in
520 4777 647 4817 eum
692 4766 938 4834 protulit.
965 4765 1091 4823 Haec
1132 4774 1189 4821 et
1230 4766 1337 4821 alia
1376 4782 1499 4838 quae
1548 4767 1635 4821 vir
1672 4775 1882 4822 sanctus

2006 4764 2167 4836 μέχρι
2192 4765 2380 4829 τέλους
2409 4765 2640 4836 ἱστορῶν
2675 4764 2754 4835 τῷ
2787 4764 3060 4836 θεσπεσίῳ
3093 4764 3249 4836 ἀνδρὶ
3289 4761 3588 4835 διηνυσμέ-

309 4851 562 4922 perfecit,
611 4852 678 4907 ad
716 4852 879 4909 tinem
940 4872 1116 4927 usque
1174 4872 1409 4913 narrans
1441 4854 1893 4936 (Theodoretus),

310 4945 482 5000 multa
508 4944 888 5013 nihilominus,
920 4949 1031 5004 imo
1064 4951 1301 5021 plurima
1324 4950 1718 5022 prmtermittit.

379 5034 484 5102 Qui
532 5034 783 5105 sequitur
819 5035 1017 5092 breves
1049 5038 1260 5108 aliquas
1304 5038 1517 5104 laudes,
1548 5038 1737 5094 brevis
1782 5039 1897 5110 ipse

311 5124 569 5190 absolvit,
600 5124 769 5179 ducto
794 5124 921 5181 inde
959 5126 1189 5181 exordio
1215 5144 1228 5181 :
1254 5126 1463 5183 Iterum
1497 5128 1643 5183 nobis
1672 5127 1897 5185 Joannis

314 5217 572 5270 memoria
597 5225 895 5272 revocatur.

386 5307 607 5365 Tertius
653 5308 1033 5365 laudationum
1066 5310 1215 5383 leges
1249 5321 1494 5381 superat.
1543 5312 1775 5369 Prmstat
1804 5329 1904 5368 au-

2004 4874 2132 4922 νων,
2162 4855 2232 4911 τὰ
2260 4856 2452 4920 πολλὰ,
2489 4856 2689 4929 μᾶλλον
2709 4856 2765 4910 δὲ
2790 4856 2858 4911 τά
2891 4856 3118 4911 πλεῖστα
3148 4855 3511 4928 παρατρέχει.

2090 5035 2148 5089 Ὀ
2179 5035 2236 5090 δὲ
2274 5035 2471 5106 ἐφεξῆς
2510 5036 2668 5106 λόγος
2710 5037 2968 5101 ἐπαίνους
3005 5036 3158 5099 τινάς
3193 5034 3589 5105 όλιγοοτίχους,

2010 5127 2104 5181 καὶ
2141 5128 2305 5191 αὐτὸς
2346 5128 2679 5199 ὀλιγόπιχος
2728 5128 2837 5193 ὢν,
2886 5127 3244 5199 διαπεραίνει,
3286 5126 3592 5198 ἀρχόμενος

2012 5212 2116 5272 ὧδε
2135 5234 2150 5249 ’
2189 5219 2380 5273 Πάλιν
2402 5219 2549 5289 ἡμῖν
2595 5218 2884 5275 Ἰωάννου
2912 5218 2979 5272 τὸ
3003 5219 3427 5289 μνημόσυνον.

2095 5312 2154 5365 Ὀ
2175 5312 2231 5365 δὲ
2259 5312 2395 5383 μετὰ
2421 5312 2629 5377 τοῦτον,
2662 5311 2955 5385 ἐγκωμίων
2982 5311 3079 5382 μὲν
3108 5310 3201 5364 καὶ
3227 5309 3390 5372 αὐτὸς
3429 5309 3598 5380 ὑπερ-

1599 5484 1831 5543 VARIIE
1870 5486 2281 5544 LECTIONES.

387 5629 437 5663 "
468 5630 630 5704 Ἀλλά
665 5629 793 5703 γάρ,
830 5647 885 5684 κ.
917 5645 968 5686 τ.
998 5629 1049 5684 λ.
1081 5628 1153 5704 Ut
1179 5627 1500 5704 tota_hujus
1528 5628 1799 5704 orationis
1825 5629 2041 5704 indoles
2070 5646 2099 5686 a
2123 5631 2453 5704 politissima
2498 5632 2832 5688 Theodoreti
2871 5632 3092 5704 ingenio
3116 5640 3183 5704 et,
3204 5631 3447 5704 mascula
3476 5631 3597 5701 ejus

318 5702 634 5775 eloquentia
667 5699 755 5756 est
783 5700 1214 5775 quam_max_ime
1249 5699 1450 5775 aliena,
1486 5699 1563 5753 ita
1600 5699 1854 5775 epilogus
1898 5699 2187 5775 iste_sat‘is
2233 5703 2599 5775 recentiorem
2653 5699 2983 5773 scriptorem
3031 5703 3239 5775 prodit.
3313 5703 3357 5734 ⁵⁸
3388 5699 3568 5775 Legen

322 5770 454 5828 dum
487 5772 705 5828 videtur
749 5770 1007 5843 χρηστοῦ.
1062 5772 1130 5843 ΑΨ
1146 5770 1310 5843 τέως.
1342 5770 1702 5843 Edit_._prior,
1738 5770 1872 5833 πως.

1951 5773 1995 5803 ⁶⁶⁹
2014 5772 2245 5845 Pltotius
2269 5788 2329 5845 ρ.
2354 5789 2429 5845 mA.
2467 5774 2622 5831 1515.
2653 5768 2870 5843 Γάῖναν,
2906 5775 2961 5829 in
2998 5768 3167 5845 marg.
3204 5774 3422 5829 Γαῑνᾶν.
3460 5768 3594 5829 Vide

326 5857 515 5917 supra,
544 5848 582 5901 t.
615 5843 701 5910 III,
736 5840 976 5914 ρζιοῖι.
1056 5841 1099 5874 ⁸³
1136 5841 1360 5915 ὑπερορ.
1403 5840 1541 5897 Ibid;
1587 5842 1645 5898 in
1702 5855 1872 5914 marg.
1924 5842 2245 5914 ὑπεροψίαν.
2270 5840 2349 5899 ⁷ΙΙ.
2394 5842 2486 5919 St._
