3950 6226
378 276 442 345 49
1472 280 1940 342 AUCTARIUM.

2084 279 2182 337 AD
2215 276 2388 336 ἸῸΜ.
2438 277 2530 337 ιν.
3559 274 3626 336 50

379 397 582 466 ἔρχεται
610 391 842 462 νόμους·
872 389 1118 464 διαφέρει
1155 391 1214 447 δὲ
1237 390 1346 445 τῶν
1380 392 1486 464 πρὸ
1518 392 1684 446 αὐτοῦ
1715 396 1782 464 τῇ
1814 392 1945 445 καλ-

2064 404 2157 443 .em
2185 387 2467 457 prioribus
2497 386 2791 442 verborum
2812 392 2868 441 et
2894 384 3291 443 sententiarum
3325 383 3627 455 pulchritu-

376 486 489 558 λονῇ
515 485 622 539 τῶν
648 502 710 538 τε
737 484 1020 556 ῥημάτων,
1050 484 1144 539 καὶ
1174 483 1284 539 τῶν
1313 484 1602 556 νοημάτων
1623 500 1635 514 ·
1668 484 1951 555 προοιμιά-

376 575 513 640 ζεται
535 574 594 629 δὲ
628 574 808 629 οὕτω·
845 574 1243 645 Πολυστόμου
1286 572 1404 643 τὴν
1440 573 1762 643 παροῦσαν
1798 572 1949 629 ὑπό-

376 671 536 722 θεσιν
580 667 917 737 σάλπιγγος
955 667 1269 737 δεομένην,
1311 668 1384 722 ἐν
1414 665 1661 736 παιδικῇ
1686 667 1803 721 νῦν
1834 664 1950 735 ὀρῶ

374 756 851 812 κινδυνεύουσαν
902 756 1131 827 γλώττῃ
1153 772 1168 788 ·
1227 756 1323 810 καὶ
1388 754 1618 822 κάλλος
1660 756 1946 823 ἀθλητοῦ,

367 849 605 917 μυρίαις
653 849 1177 919 συγγραφόμενον,
1205 848 1464 917 τέχναις,
1497 842 1762 905 ’ἀσθενεῖ
1808 847 1949 911 νῦν,

371 942 451 1005 εἰς
496 938 739 1008 γραφὴν
779 939 912 1009 ἐμοὶ
971 938 1213 1008 τεχνίτῃ
1259 940 1676 1008 προκείμενον.
1727 938 1802 991 Τὸ
1850 937 1950 1008 μὲν

373 1030 654 1101 προοίμιον
696 1029 939 1084 τοιοῦτον
977 1047 991 1060 ·
1048 1031 1268 1096 Ἄλλος
1309 1029 1500 1084 αὐτὸν
1525 1030 1690 1084 ἕλκει
1719 1027 1951 1097 βοηθὸν

373 1121 795 1192 ἁρπαζόμενος,
830 1121 1020 1189 ἄλλος
1040 1122 1218 1177 καλεῖ
1234 1122 1617 1192 δικαζόμενος
1634 1122 1948 1188 σύνδικον,

374 1213 558 1279 ἄλλος
618 1212 862 1278 πεινῶν,
916 1213 1070 1282 ὑπὲρ
1106 1212 1335 1283 τροφῆς
1388 1214 1656 1277 ἱκετεύει,
1700 1211 1947 1283 γυμνὸς,

372 1303 524 1372 ὑπὲρ
569 1303 925 1374 ἐνδύματος,
963 1305 1157 1372 ἄλλος
1207 1305 1394 1359 αὐτὸν
1432 1304 1704 1371 ἀποδύει,
1759 1305 1951 1370 ἄλλος

374 1394 629 1461 πενθῶν,
668 1399 757 1462 εις
789 1396 1177 1465 παράκλησιν
1211 1396 1402 1453 δεῖται
1422 1414 1434 1427 ·
1474 1396 1715 1466 δεσμῶν
1750 1395 1952 1465 ἕτερος

375 1486 759 1557 ἀπολυθῆναι
789 1486 947 1555 βοᾷ·
995 1488 1160 1542 ἕλκει
1215 1505 1305 1555 τις
1347 1486 1528 1543 αὐτὸν
1567 1486 1757 1553 ἄλλος
1802 1486 1952 1555 πρὸς

374 1577 576 1631 νόσων
596 1576 944 1646 ἐπίσκεψιν,
970 1576 1146 1644 ξένος
1172 1577 1329 1632 αἰτεῖ
1345 1576 1732 1648 καταγώγιον,
1752 1576 1952 1646 ἕτερος

375 1668 689 1738 παραστὰς
740 1668 928 1738 χρέως
978 1669 1277 1737 ὀδύρεται·
1310 1669 1504 1736 ἄλλος
1538 1669 1813 1739 ἐπόπτην
1854 1670 1953 1723 καὶ

2049 483 2199 537 diue.
2235 481 2325 537 Sic
2356 481 2550 551 incipit
2586 498 2599 534 :
2634 480 2742 535 Viri
2768 480 3097 534 disertissimi
3131 478 3491 532 laudationem
3515 494 3631 549 qua:

2047 572 2159 642 99
2189 573 2313 627 tuba
2347 572 2626 643 indigeret,
2653 569 2847 642 puerili
2881 571 3206 641 propositam
3251 568 3446 639 lingua:
3489 570 3628 639 peri-

2049 666 2227 720 clitari
2254 666 2403 722 video
2429 682 2447 719 :
2476 663 2919 736 quemadmodum
2954 674 3000 717 et
3034 664 3188 716 decus
3217 660 3452 727 athletw,
3485 659 3632 715 mille

2049 775 2168 812 cum
2198 757 2439 827 artiﬁciis
2480 757 2798 827 descriptum
2838 756 2964 809 mihi
3002 772 3140 809 nunc
3172 753 3428 809 imbecillo
3454 756 3631 809 animo

2052 849 2248 918 artiﬁci
2284 850 2354 904 ad
2406 849 2804 904 describendum
2843 849 3188 919 propositum.
3237 846 3327 902 Sic
3367 862 3426 902 se
3466 847 3632 901 habet

2051 942 2409 1007 Prommium,
2448 949 2760 1012 sequuntur
2790 942 2891 997 ista
2917 959 2929 994 :
2958 940 3107 996 Alius
3154 939 3310 995 illum
3338 940 3549 1009 rapiens
3577 939 3631 991 in

2053 1032 2315 1088 auxilium
2352 1034 2554 1099 trahit;
2584 1032 2723 1087 alius
2764 1034 2820 1086 in
2858 1033 2951 1104 jus
2989 1049 3179 1086 vocans
3214 1040 3499 1103 patronum
3530 1031 3633 1084 im-

2052 1122 2262 1193 plorat;
2316 1121 2453 1176 alius
2499 1121 2773 1192 famelicus
2816 1122 3016 1185 cibum,
3055 1122 3224 1175 nudus
3251 1130 3437 1175 vestem
3480 1129 3629 1183 orat;

2053 1213 2193 1269 alius
2238 1213 2394 1267 illum
2436 1214 2609 1278 exuit;
2667 1211 2806 1266 alius
2850 1210 3034 1266 dolens
3079 1210 3487 1265 consolationem
3543 1227 3633 1280 pc-

2055 1308 2148 1372 tit;
2192 1305 2331 1361 alius
2378 1304 2601 1359 vinculis
2648 1303 2845 1358 exsolvi
2889 1311 3168 1374 precatur;
3204 1302 3341 1356 alius
3382 1302 3452 1355 ad
3491 1317 3634 1354 mor—

2054 1397 2238 1452 borum
2268 1396 2648 1467 inspectionem
2682 1396 2858 1467 ipsum
2894 1394 3087 1458 trahit;
3118 1394 3424 1464 peregrinus
3459 1392 3634 1461 hospi-

2055 1491 2189 1542 tium
2238 1489 2471 1560 ﬂagitat,
2505 1494 2646 1542 astat
2686 1486 2824 1541 alius
2876 1486 3106 1540 debitum
3139 1486 3454 1557 deplorans,
3499 1486 3637 1540 alius

2057 1580 2338 1635 arbitrium
2384 1564 2437 1634 et
2472 1579 2863 1652 paciﬁcatorem
2909 1579 3315 1634 domestican
3363 1577 3639 1631 turbarum

2057 1674 2297 1739 accersit,
2330 1689 2424 1727 nec
2466 1671 2539 1726 ad
2564 1670 2731 1726 alium
2760 1670 2993 1741 confugit
3037 1686 3217 1725 servus
3251 1686 3498 1723 amaram
3549 1667 3642 1722 do-

373 1753 752 1824 διιιλλακτὴν
794 1755 914 1810 τῶν
961 1758 1088 1811 κατ’
1121 1754 1292 1813 οἷκον
1322 1758 1765 1829 μεταπέμπεται
1809 1758 1952 1813 στάς

2064 1766 2186 1821 mini
2214 1765 2632 1837 indignationem
2669 1764 2885 1836 deﬂens.
2916 1763 3045 1818 Inde
3080 1763 3241 1818 vidua
3288 1761 3507 1828 clamat,
3543 1761 3641 1815 Mi-

373 1861 555 1911 σεων,
592 1846 739 1901 οὐδὲ
768 1846 995 1913 δοῦλος
1036 1850 1187 1919 πρὸς
1228 1848 1425 1905 ἄλλον
1470 1850 1831 1920 καταφεύγει
1863 1849 1957 1905 δε-

373 1940 609 1993 σπότου
637 1939 855 2009 πικρὰν
874 1940 1319 2011 ὀλοφυρόμενος
1340 1941 1772 2011 ἀγανάκτησιν.
1794 1944 1958 2010 Χήρα

370 2025 492 2095 ,ϐοᾷ
521 2027 610 2093 τὸ,
641 2027 928 2099 Ἐλέησον·
964 2028 1126 2099 ἄλλη
1168 2028 1285 2098 τὴν
1327 2030 1623 2098 ὀρφανίαν
1661 2028 1954 2096 ὀδύρεται.

376 2121 594 2189 Πυρίαι
642 2120 724 2187 τῷ
773 2121 954 2191 πατρὶ
976 2122 1105 2177 καθ’
1137 2120 1408 2190 ἑκάστην
1459 2121 1610 2191 πρὸς
1662 2120 1959 2188 ἑκάστους

378 2211 532 2283 ὑπὲρ
557 2211 823 2267 ἑκάστου
861 2214 1095 2281 τροπαί.
1143 2212 1488 2282 ’Δρπάζεταί
1524 2230 1635 2279 τις,
1677 2212 1775 2266 καὶ
1812 2228 1959 2267 συν-

376 2303 601 2375 ήγορος
636 2308 669 2359 ὀ
701 2304 923 2374 πατήρ·
967 2306 1145 2377 λιμὸς
1188 2306 1448 2377 ἐνοχλεῖ,
1481 2307 1578 2360 καὶ
1610 2305 1866 2376 τροφεὺς
1891 2305 1958 2359 ἐκ

378 2399 726 2467 συνηγόρου
762 2398 1023 2469 γίνεται·
1069 2398 1247 2453 νοσεῖ
1283 2416 1396 2465 τις,
1428 2400 1526 2453 καὶ
1554 2401 1643 2465 εις
1683 2397 1885 2466 ἰατρὸν
1927 2400 1959 2452 ὀ

378 2489 638 2559 τροφεὺς
659 2488 1100 2559 μεταϐάλλεται
1128 2506 1142 2520 ·
1177 2488 1383 2543 πένθει
1409 2506 1499 2556 τις
1529 2487 1958 2556 περιπέπτωκε,

379 2581 480 2634 καὶ
526 2583 559 2634 ὀ
596 2581 934 2651 νοσοκόμος
963 2582 1304 2651 εὑρίσκεται
1352 2582 1726 2651 παραμύθιον
1748 2580 1792 2613 ⁸³
1814 2596 1827 2610 ·
1866 2579 1963 2646 ξέ-

379 2690 507 2728 νων
536 2674 767 2743 ἐπέστη
800 2674 1047 2745 φροντὶς
1065 2715 1079 2741 ,
1108 2675 1208 2730 καὶ
1236 2675 1559 2744 ξενοδόχος
1586 2678 1619 2730 ὀ
1640 2674 1838 2727 πάντα
1871 2690 1963 2742 τε·

382 2766 576 2838 τονὼς
626 2765 1067 2823 ἀναδείκνυται.
1118 2770 1227 2822 Καὶ
1277 2769 1337 2821 τί
1383 2767 1500 2836 χρὴ
1526 2768 1653 2822 καθ’
1701 2767 1964 2821 ἕκαστον

381 2861 605 2930 λέγειν,
638 2860 756 2915 ὅσα
780 2862 1002 2930 χρόνου
1023 2860 1175 2930 μέρη
1203 2861 1308 2915 τὸν
1335 2861 1571 2916 ἐκείνου
1600 2861 1748 2926 ,βίον
1775 2859 1982 2929 διεμέί

382 2970 631 3023 τρησεν,
661 2955 763 3008 ἵνα
785 2953 871 3023 μὴ
915 2952 1039 3022 τὴν,
1056 2954 1515 3024 ἀρχιερωσύνην
1540 2957 1737 3024 μόνην
1764 2954 1923 3024 λέγω
1946 2970 1964 3017 ;

387 3046 661 3114 Τοσαύτη
697 3045 841 3112 τοὺς
875 3044 1224 3114 ἀνθρώπους
1263 3046 1453 3115 ἔργων
1497 3047 1807 3114 σωτηρίων
1833 3061 1964 3099 ποι-

381 3140 548 3193 κιλιά
570 3103 872 3207 προϊοῦσα
905 3103 1306 3194 aii-orantem
1339 3103 1412 3192 ’Ὦ
1463 3103 1829 3207 στρατιώτου
1862 3139 1961 3193 καὶ
1994 3103 2037 3161 C

377 3230 530 3299 μετὰ
558 3227 854 3296 τελευτὴν
878 3228 1162 3297 ἀριστέως
1183 3243 1197 3257 ·
1224 3227 1270 3281 ὦ
1288 3229 1563 3299 λυπηροῦ
1581 3229 1703 3294 τοῖς
1728 3227 1965 3299 ἐχθροῖς

383 3320 480 3374 καὶ
508 3320 660 3388 μετὰ
682 3318 878 3389 τάφον
907 3320 1186 3374 ὁπλίτου·
1222 3317 1268 3372 ὢ
1297 3322 1711 3390 πανορμονίας
1751 3322 1963 3389 λύρας,

382 3410 641 3479 τελευτῇ
670 3410 1045 3479 λελυμένης·
1095 3409 1141 3463 ὣ
1170 3409 1581 3479 δικαστηρίων
1606 3412 1967 3480 τηλικοῦτον

376 3501 727 3571 ρυθμιστὴν
770 3499 1207 3571 ἐζημιωμένων·
1258 3499 1305 3555 ὢ
1353 3503 1653 3571 σωτηρίου
1694 3502 1821 3570 τοῖς
1861 3502 1967 3557 ἁν-

382 3589 640 3660 θριὶιτοις
677 3594 765 3657 εὶς
810 3590 1073 3660 οὐρανὸν
1110 3593 1606 3661 ἀναρπασθείσης
1652 3592 1961 3662 σαγήνης·

383 3682 429 3736 ὢ
453 3673 710 3753 δένδξρου
764 3684 916 3752 πρὸς
946 3684 1209 3753 οὐρανὸν
1245 3684 1347 3740 καὶ
1394 3685 1512 3755 γῆν
1550 3685 1962 3755 μερισθέντος,

385 3774 485 3826 καὶ
542 3771 618 3841 τῇ
644 3772 764 3842 μὲν
815 3773 882 3827 τὸ
929 3773 1119 3843 σῶμα,
1159 3772 1239 3839 τῷ
1270 3773 1339 3827 δὲ
1384 3774 1500 3843 τὴν
1532 3774 1746 3844 ψυχὴν
1774 3791 1965 3845 παρα-

384 3866 684 3935 σχόντος·
740 3864 811 3918 ὲν
852 3864 1019 3934 τάφῳ
1055 3865 1120 3918 τὸ
1165 3864 1278 3934 τῆς
1332 3868 1703 3934 Ἐκκλησίας
1743 3867 1966 3937 συγκέ-

384 3963 657 4013 κλεισται
681 3961 896 4027 στόμα.
918 3954 1053 4027 Οἷος
1072 3960 1383 4026 εὐσεϐείας
1398 3959 1725 4028 ἀνθρώπων
1746 3962 1961 4030 ὀφθαλο

2058 1872 2274 1922 serere;
2318 1856 2442 1910 inde
2489 1855 2770 1911 orbitatem
2829 1854 3091 1926 deplorat.
3139 1853 3323 1910 Multa:
3374 1871 3437 1909 ac
3477 1855 3643 1909 varia:

2058 1949 2234 2018 patri,
2266 1949 2322 2001 in
2355 1947 2613 2019 singulos,
2654 1963 2751 2018 pro
2787 1945 3010 2017 singulis
3050 1948 3516 2010 commutationes;
3547 1963 3641 1999 ra-

2059 2040 2204 2110 pitur
2233 2040 2349 2110 quis
2393 2040 2451 2093 in
2476 2038 2760 2110 judicium,
2791 2046 3047 2109 patronus
3083 2038 3289 2103 euadit;
3333 2039 3500 2108 fames
3542 2037 3644 2091 ali-

2059 2147 2214 2202 quem
2239 2138 2413 2196 vexat,
2441 2129 2503 2199 ﬁt
2539 2132 2767 2185 nutritor
2795 2146 2859 2184 ea:
2892 2137 3145 2201 patrono;
3179 2128 3369 2200 aliquis
3398 2138 3639 2201 αρτ-οισι,

2060 2224 2290 2277 nutritor
2314 2223 2368 2276 in
2391 2221 2645 2275 medicum
2674 2221 2932 2286 vertitur;
2964 2219 3144 2273 dolore
3166 2219 3358 2291 aliquis
3396 2221 3640 2283 concidit,

2059 2312 2296 2369 solamen
2357 2313 2545 2384 afferre
2594 2311 2998 2382 deprehenditur
3060 2311 3324 2376 medicus;
3383 2313 3643 2381 hospitum

2062 2422 2191 2459 cura
2239 2404 2444 2470 incidit,
2484 2404 2661 2457 omnia
2703 2403 2876 2472 factus
2929 2409 3281 2472 susceptorem
3319 2418 3374 2455 se
3419 2402 3642 2456 exhibet.

2064 2497 2204 2563 Quid
2247 2498 2432 2552 attinet
2463 2496 2708 2567 prosequi
2733 2494 2951 2549 dicendo
2974 2494 3213 2565 singulas
3241 2497 3489 2566 temporis
3513 2513 3643 2565 par-

2065 2598 2161 2655 tes,
2187 2606 2304 2661 quae
2330 2590 2494 2643 vitam
2518 2588 2683 2659 ipsius
2715 2587 2964 2642 dimensa:
2987 2594 3131 2651 sunt,
3158 2588 3203 2640 si
3233 2587 3296 2640 de
3326 2586 3437 2640 solo
3462 2605 3643 2641 sacer-

2065 2683 2207 2737 dotio
2248 2682 2418 2736 dicere
2446 2680 2749 2753 nequeam?
2773 2687 2924 2734 tanta
2952 2679 3274 2734 salutarium
3311 2697 3525 2751 cperam
3554 2698 3647 2735 va-

2067 2777 2227 2830 rietas
2267 2776 2499 2829 homines
2546 2790 2653 2828 non
2700 2771 2858 2843 plane
2909 2771 3143 2843 reliquit.
3180 2771 3224 2828 0
3260 2773 3442 2826 ducem
3486 2773 3646 2826 etiam

2067 2875 2183 2939 post
2206 2868 2326 2921 vitae
2348 2865 2511 2935 linem
2533 2864 2917 2935 fortissimum!
2939 2881 2969 2919 ο
2994 2864 3213 2919 militem
3231 2864 3459 2919 hostibus
3489 2865 3646 2918 etiam

2068 2974 2095 3011 e
2123 2955 2363 3028 sepulcro
2402 2953 2729 3010 terribilem!
2754 2971 2784 3007 ο
2816 2954 2991 3026 lyram
3026 2955 3195 3009 omnis
3226 2954 3518 3008 harmonia:
3553 2970 3645 3007 ca-

2070 3063 2273 3120 pacem,
2306 3056 2473 3101 morte
2486 3047 2608 3117 jam
2630 3045 3015 3100 dissolutamlo
3040 3044 3330 3100 tribunalia
3352 3053 3498 3099 tanto
3524 3062 3651 3101 ora-

2071 3147 2185 3194 tore
2224 3139 2387 3209 ιοο
2417 3138 2641 3193 orbata!
2669 3154 2699 3191 ο
2731 3136 3024 3192 salutarem
3063 3138 3331 3191 hominum
3367 3153 3643 3207 sagenam,

2069 3233 2124 3286 in
2149 3230 2336 3285 ccelum
2366 3238 2581 3301 raptam
2600 3230 2619 3284 !
2636 3247 2666 3283 ο
2682 3230 2926 3284 arborem
2942 3230 3029 3284 ‘in
3051 3228 3237 3284 malum
3247 3230 3366 3300 jam
3385 3238 3432 3284 et
3447 3236 3648 3283 terram

2070 3323 2329 3387 divisam,
2360 3328 2410 3375 et
2454 3322 2572 3376 huic
2620 3321 2827 3391 quidem
2863 3337 3069 3393 corpus,
3117 3320 3199 3375 itii
3245 3337 3366 3376 vero
3411 3317 3649 3376 animam

2069 3413 2403 3470 tradentem!
2443 3412 2512 3468 0s
2550 3412 2801 3467 Ecclesiae
2840 3413 2897 3466 in
2942 3412 3182 3484 sepulcro
3230 3412 3492 3467 occlusum
3538 3413 3652 3467 est!

2073 3505 2317 3572 Quantus
2347 3502 2543 3558 ocellus
2574 3503 2785 3573 pietatis
2820 3518 2883 3556 ea:
2917 3503 3188 3556 hominum
3226 3508 3504 3574 conspectu
3530 3516 3649 3555 ere-

2069 3607 2189 3668 ptus
2222 3596 2334 3651 est!
2371 3595 2490 3650 Non
2539 3601 2778 3648 mortuus
2811 3609 2886 3658 es,
2922 3592 3220 3647 beatissime
3245 3590 3429 3655 Pater,
3463 3590 3554 3645 sed
3592 3596 3650 3642 ut

2069 3670 2150 3744 sol
2191 3687 2469 3742 occidisti:
2515 3684 2751 3756 lugemus
2792 3692 2990 3750 te,non
3036 3693 3093 3738 ut
3133 3691 3422 3748 mortuum,
3463 3681 3554 3735 sed
3594 3689 3651 3733 ut

2072 3780 2218 3835 nobis
2279 3777 2641 3832 absconditum
2694 3791 2711 3829 :
2760 3776 3046 3846 quaerimus
3079 3782 3146 3838 te,
3196 3790 3300 3827 non
3349 3772 3495 3827 velut
3541 3773 3650 3826 vita

2073 3872 2333 3942 functum,
2370 3868 2461 3923 sed
2492 3876 2751 3938 tanquam
2790 3865 3054 3920 eleuatum
3081 3866 3137 3920 in
3164 3864 3371 3919 calum.
3411 3864 3502 3920 Sic
3533 3862 3650 3919 fere

2075 3962 2273 4017 tertius
2305 3961 2442 4031 (sive
2464 3958 2715 4030 quartus)
2743 3958 2903 4013 liber.

384 4055 497 4125 μὸς
520 4053 922 4122 ἀνηρπάσθηί
955 4056 1037 4109 οὐ
1065 4054 1382 4123 τέθνηκας,
1408 4050 1456 4110 ὦ
1486 4056 1739 4126 μακάριε
1766 4056 1980 4125 Πάτερ,
2020 4056 2157 4113 ἀλλ’
2196 4058 2276 4122 ὠς
2310 4055 2485 4123 ἥλιος
2510 4052 2672 4117 ἐδυς.
2718 4054 2840 4121 Οὐχ
2869 4052 2950 4115 ὡς
2995 4052 3404 4116 ἀποθανόντος
3427 4048 3648 4118 ἀλγοῦ-

383 4166 516 4219 μεν,
548 4149 688 4203 ἀλλ’
717 4148 790 4212 ὡς
823 4146 968 4216 ἡμῖν
999 4147 1442 4218 κεκρυμμένου·
1477 4151 1591 4216 οὐχ
1648 4149 1730 4215 ὠς
1791 4148 2084 4205 τεθνεῶτα
2115 4148 2423 4219 ζητοῦμεν,
2459 4146 2594 4202 ἀλλ’
2628 4145 2708 4211 ὡς
2744 4145 2832 4210 εἰς
2894 4143 3191 4214 οὐρανοὺς
3248 4141 3645 4212 μεταστάντα.

397 4239 560 4295 ’Δλλὰ
587 4239 814 4294 τοιαῦτα
848 4239 967 4311 μὲν,
997 4240 1091 4293 καὶ
1120 4239 1149 4292 ὁ
1175 4240 1357 4311 τρίτος
1389 4239 1443 4311 (ἢ
1472 4241 1750 4313 τέταρτος)
1786 4242 1963 4312 λόγος.

466 4333 944 4404 Ἑγκωμιαστικοῦ
972 4332 1030 4386 δὲ
1058 4333 1226 4386 τύπον
1253 4332 1344 4386 καὶ
1362 4334 1391 4385 ὁ
1410 4331 1667 4403 τέταρτος
1689 4334 1959 4400 διασώζει,

2142 4329 2384 4397 Quartus
2448 4328 2652 4397 pariter
2700 4324 3073 4381 encomiastici
3140 4324 3375 4380 formam
3444 4341 3647 4394 servat,

386 4431 452 4483 ἐκ
475 4426 571 4482 τοῦ
604 4426 717 4480 δεῖν
759 4426 926 4496 τιμᾷν
967 4423 1211 4495 πατέρας
1241 4422 1350 4477 τῶν
1377 4414 1618 4479 ὲπαίνών
1655 4424 1959 4496 ἀπαρχόμε-

2072 4424 2240 4479 ducto
2277 4419 2608 4475 laudationis
2633 4418 2791 4473 initio
2816 4433 2884 4473 ex
2905 4432 2972 4472 eo
2997 4416 3145 4487 quod
3181 4426 3432 4487 oporteat
3452 4434 3650 4488 paren—

388 4537 500 4587 νος,
529 4511 592 4572 οὗ
614 4520 735 4572 ἐστι
765 4518 860 4572 καὶ
886 4515 1090 4572 ταῦτα·

464 4699 700 4754 Τούτων
729 4697 850 4751 τῶν
890 4695 1190 4766 ποιμένων
1240 4692 1329 4763 εἷς
1373 4695 1473 4750 καὶ
1513 4697 1545 4749 ὀ
1588 4694 1895 4761 Ἰωάννης,
1926 4695 1964 4761 ἡ

389 4787 616 4853 ἄκακος
648 4788 926 4853 σύνεσις,
954 4788 986 4840 ὀ
1015 4787 1437 4855 πολυόμματος
1455 4784 1624 4849 νοῦς,
1658 4781 1769 4851 τῆς
1796 4785 1967 4852 εὐαγ-

390 4879 641 4949 τελικῆς
663 4862 973 4947 ἐμπειρίας
1007 4878 1046 4945 ἠ
1074 4877 1315 4943 βίϐλος,
1344 4879 1377 4929 δ
1409 4873 1597 4943 κηροῦ
1619 4873 1767 4940 πρὸς
1796 4873 1967 4926 διαλ-

395 4976 579 5040 λαγὰς
603 4970 1111 5037 εὐπλαστότερος,
1140 4969 1205 5022 τὸ
1234 4967 1384 5037 πρὸς
1413 4968 1752 5036 χαρίσματα
1783 4970 1970 5020 πέλα-

398 5081 516 5132 γος,
545 5068 578 5118 ὀ
618 5063 771 5132 πρὸς
815 5061 1038 5127 δόλους
1071 5061 1504 5129 πολεμούντων
1536 5058 1832 5126 ἀκέραιος,
1862 5058 1971 5127 τῆς

406 5155 761 5222 Ἐκκλησίας
822 5155 856 5207 ὀ
915 5152 1231 5221 περίϐολος
1264 5168 1278 5183 ·
1339 5149 1538 5215 οὐδεὶς
1597 5151 1972 5219 ὑποκρίσεως

398 5247 576 5301 αὑτὸν
604 5245 1005 5301 διελάνθανεν
1022 5244 1177 5313 ὄφις.
1195 5244 1386 5297 Πόθεν
1410 5258 1507 5295 σοι
1523 5242 1737 5305 ,βούλει
1766 5243 1967 5307 δείξω-

401 5354 503 5407 μεν
533 5339 641 5394 τὸν
684 5336 980 5404 Ἰωάννην
1023 5333 1389 5404 uolutatur;
1444 5332 1538 5384 Ἐκ
1587 5331 1965 5400 φιλοξενίαςς

2074 4514 2224 4568 tibus
2278 4511 2543 4566 honorem
2606 4507 2887 4563 exhibere.
2945 4505 3071 4561 Haec
3132 4505 3261 4561 inde
3325 4505 3647 4580 deprompta

2072 4610 2202 4661 sunt
2230 4620 2242 4656 :

2138 4695 2371 4749 Joannes
2398 4696 2584 4748 horum
2618 4699 2892 4762 pastorum
2929 4707 3063 4745 unus
3106 4691 3223 4760 fuit,
3260 4690 3504 4745 uoluntas
3535 4695 3648 4747 sine

2073 4786 2303 4850 malitia,
2339 4801 2484 4839 mens
2512 4782 2891 4842 oculatissima,
2919 4780 3234 4850 euangelicis
3264 4783 3466 4852 peritia:
3497 4781 3643 4844 liber.

2069 4876 2136 4938 ⁸³,
2164 4893 2282 4929 cera
2308 4877 2359 4928 in
2383 4891 2561 4928 omnes
2588 4874 2787 4943 formas
2813 4870 3253 4938 commutabilior,
3275 4871 3493 4943 pelagus
3524 4890 3647 4943 gra-

2071 4970 2289 5032 tiarum,
2334 4974 2518 5020 contra
2570 4964 2718 5017 dolos
2786 4965 3013 5017 hostium
3064 4964 3347 5034 infractus,
3399 4964 3648 5018 Ecclesiw

2070 5062 2455 5115 munimentum
2487 5075 2503 5112 :
2542 5056 2721 5111 nullus
2755 5056 2909 5110 illum
2932 5058 3259 5128 hypocriseos
3301 5072 3514 5127 serpens
3562 5054 3645 5107 la-

2072 5155 2189 5205 tuit.
2230 5150 2374 5205 Unde
2398 5150 2489 5203 tibi
2518 5151 2592 5203 vis
2625 5149 3040 5203 demonstremus
3079 5146 3339 5200 Joannem
3385 5142 3648 5213 singulari

2077 5244 2271 5295 honore
2335 5240 2597 5311 dignum?
2652 5241 2715 5294 ab
2765 5238 3169 5310 hospitalitate?
3200 5238 3393 5307 Ecquis
3443 5236 3648 5293 Joanne

2078 5335 2343 5387 captantior
2382 5334 2687 5405 hospitum?
2714 5352 2745 5389 a
2777 5333 3075 5388 constantia
3119 5332 3173 5384 in
3222 5329 3649 5400 defensionibus?

1664 5513 1901 5571 V'ARUE
1942 5512 2340 5569 LECTIONES.

465 5640 505 5710 ξ’
535 5639 676 5696 Edit.
738 5640 897 5710 prior
952 5634 1653 5710 napap'aoiou.”sequuntur
1688 5633 2020 5710 ‘lcctioncm,
2079 5650 2199 5710 (line
2248 5641 2443 5710 fustati
2487 5632 2629 5710 apud
2678 5632 2950 5685 I‘lmtium.

3057 5630 3098 5661 ⁸³
3133 5627 3307 5683 l‘rocl.
3362 5627 3645 5696 Striptunc

407 5724 433 5764 ι
460 5708 558 5766 Deo
582 5702 885 5784 inspiratw,
922 5702 1196 5778 impolluta
1229 5702 1556 5771 bibliotheca,
1594 5705 1782 5758 dicitur
1815 5705 2092 5756 thesaurus
2128 5704 2513 5774 intelligentiam
2545 5702 2708 5756 Gsnra.
