3950 6226
263 260 323 327 51
1475 265 1791 328 OPERUM
1829 266 2319 329 THEODORETI
2932 346 2935 349 _
3458 259 3529 322 δε

259 379 457 452 Ecqua:
480 379 636 435 illum
661 388 892 452 potestas
930 383 1263 455 prostravit?
1297 402 1329 439 a
1358 384 1533 439 studio
1566 386 1621 438 in
1648 382 1834 438 Eccle-

1946 383 2048 438 Kal
2105 384 2195 449 τίς
2258 383 2531 438 Ἰωάννου
2593 377 3099 450 φιλοξενώτερος;
3162 375 3262 429 Ἐκ
3302 370 3409 439 τῆς
3458 375 3528 425 ἐν

258 470 436 525 siam?
459 470 755 542 Cujusnam
776 483 851 529 est
884 473 984 530 illa
1008 478 1265 531 concinna
1286 474 1576 531 modulatio
1609 474 1842 546 psalmo-

261 576 401 627 rum,
429 579 535 634 qua
551 563 835 634 populares
865 572 1054 621 turma:
1076 568 1132 621 in
1157 567 1292 622 hunc
1325 580 1490 636 usque
1512 565 1651 619 diem
1666 567 1840 619 conci-

261 652 435 707 nunt?
459 652 587 708 Haec
611 663 846 724 quartus
866 670 1081 711 sermo.

331 928 581 999 Sequens
630 930 861 986 easdem
903 930 1079 985 nectit
1136 927 1366 984 laudum
1415 928 1694 985 corollas:
1740 930 1838 985 sed

257 1021 373 1074 vim
415 1029 471 1075 et
505 1023 678 1076 robur
720 1020 1123 1077 sententiarum
1150 1035 1375 1076 suarum
1410 1019 1468 1075 in
1505 1020 1721 1076 meliori
1751 1021 1838 1078 lu-

258 1111 407 1166 mine
441 1113 620 1181 ponit.

330 1203 482 1274 101
525 1203 793 1259 Videntur
819 1218 986 1274 porro
1022 1217 1216 1259 omnes
1247 1202 1326 1257 illi
1359 1217 1641 1259 sermones
1672 1204 1837 1274 quin-

255 1308 384 1362 que,
430 1302 556 1364 post
598 1297 974 1352 reversionem
1007 1296 1077 1351 ab
1112 1295 1307 1352 exsilio
1338 1296 1648 1366 compositi.
1693 1295 1839 1352 Sub-

249 1382 393 1454 jecta
423 1382 728 1456 fragmenta
752 1401 883 1457 pars
912 1393 1044 1443 sunt
1065 1387 1356 1457 praesentis
1382 1387 1675 1443 sermonis.

320 1563 407 1618 Da
446 1564 591 1620 nobis
621 1573 865 1628 mutuam
902 1565 1079 1638 lyram
1114 1575 1282 1633 tuam,
1312 1584 1341 1622 ο
1365 1566 1553 1633 Pater,
1586 1567 1655 1622 da
1685 1574 1837 1622 tuum

253 1656 324 1709 ad
361 1663 481 1710 tuas
516 1654 697 1709 laudes
730 1655 1010 1728 plectrum.
1048 1658 1168 1713 Etsi
1202 1659 1345 1712 enim
1372 1674 1561 1712 manus
1592 1658 1838 1714 resoluta:

1942 475 2339 543 προστασίαις
2371 474 2771 542 στερρότητος
2796 488 2815 537 ;
2854 469 2966 524 Καὶ
3000 469 3089 532 τίς
3117 467 3304 520 αὐτὸν
3341 464 3525 517 δυνα-

1941 569 2114 623 στεία
2144 567 2517 637 κατῄδεσεν;
2561 567 2661 620 Ἐκ
2697 563 2806 632 τῆς
2838 562 2971 631 περὶ
3002 558 3117 626 τὴν
3158 556 3526 621 Ἐκκλησίαν

1940 657 2258 728 σπουδῆςς
2287 658 2402 712 Kal
2428 660 2595 724 τίνος
2628 657 2668 725 ὴ
2696 654 2802 721 τῆς
2825 652 3174 723 ψαλμῳδίας
3203 649 3321 702 τῶν
3346 648 3525 715 δημο-

1941 749 2122 804 τικῶν
2144 749 2454 821 ταγμάτων
2470 749 2644 819 μέχρι
2665 746 2782 801 νῦν
2803 744 3120 815 εὐρυθμίω
3134 736 3298 794 Ἀλλὰ
3310 739 3522 795 τοιαῦτα

1944 841 2041 912 μὲν
2065 842 2160 896 καί⁵
2188 838 2344 904 οὗτος
2368 843 2397 895 ὁ
2421 841 2599 909 λόγος.

2022 930 2080 986 ’0
2111 931 2168 984 δὲ
2190 925 2389 1001 ἐφεξῆς
2418 931 2548 994 τοὺς
2572 928 2769 993 αὐτοὺς
2803 926 2902 998 μὲν
2928 924 3034 979 τῶν
3066 921 3360 992 ὲγγωμίων
3389 918 3521 971 nli-

1941 1037 2029 1075 κει
2060 1022 2382 1092 στεφάνους,
2410 1021 2794 1091 λαμπρότερον
2823 1017 2880 1072 δὲ
2907 1034 3025 1080 πως
3053 1015 3151 1086 τὴν
3179 1013 3288 1066 τῶν
3316 1010 3521 1081 νοημά-

1939 1129 2047 1166 των
2083 1113 2235 1183 ἰσχὺν
2265 1112 2619 1181 ἀπαγγέλλει.

2021 1204 2260 1260 Ἐοίκασι
2289 1205 2345 1260 δὲ
2372 1199 2519 1259 οὗτοι
2557 1204 2757 1267 πάντες
2787 1204 2838 1257 οἱ
2872 1201 3030 1255 πέντε
3065 1199 3212 1267 λόγοι
3255 1194 3391 1267 μετὰ
3420 1194 3520 1261 τὴν

1939 1295 2047 1350 ἀπὸ
2078 1296 2178 1367 τῆς
2210 1296 2507 1368 ὑπερορίας
2538 1294 2876 1366 ἀνακομιδὴν
2907 1289 3291 1360 συντετάχθαι.
3325 1285 3433 1340 Τοῦ
3462 1285 3518 1338 δὲ

1939 1386 2035 1442 νῦν
2062 1388 2223 1458 λόγου
2263 1388 2429 1461 μέρος
2453 1387 2593 1442 τισὶν
2624 1388 2681 1441 αἱ
2719 1386 3018 1458 περικοπαὶ
3067 1382 3178 1437 τῶν
3216 1379 3519 1449 ὑποκειμέ-

1938 1493 2045 1534 νων
2077 1478 2359 1551 ῥημάτων.

2009 1571 2254 1640 Χρῆσον
2291 1570 2459 1641 ημῖν,
2485 1566 2535 1627 ὦ
2559 1571 2774 1640 Πάτερ,
2799 1570 2918 1639 τὴν
2961 1568 3157 1637 λύραν
3207 1562 3323 1633 τὴν
3369 1560 3517 1629 σὺν.

1938 1662 2006 1716 τὸ
2039 1662 2158 1717 σὸν
2205 1665 2292 1729 εὶς
2337 1662 2453 1731 τὴν
2487 1662 2614 1732 σὴν
2668 1661 2977 1731 εὐφημίαν
3027 1656 3313 1712 δάνεισον
3359 1651 3515 1720 alii“

251 1745 359 1799 sint
386 1754 596 1813 natura!
626 1745 755 1818 lege,
783 1749 918 1802 dono
946 1757 1120 1804 tamen
1144 1750 1334 1820 gratia:
1364 1748 1481 1821 lyra
1510 1766 1603 1820 per
1626 1766 1834 1805 omnem

1946 1771 2140 1822 κτρον.
2174 1756 2245 1809 El
2275 1730 2517 1825 γὰρκαὶ
2658 1730 2854 1823 χεῖρες
2902 1750 3214 1817 ἐλύθησαν
3242 1744 3323 1811 τῷ
3355 1747 3519 1814 νόμφ

255 1842 453 1890 terram
488 1846 662 1895 sonat.
703 1838 789 1894 Da
825 1838 970 1893 nobis
1004 1837 1362 1893 immortalem
1387 1837 1539 1893 illam
1571 1838 1830 1911 linguam,

253 1940 371 1995 qua:
401 1927 517 1981 sola
541 1928 690 1983 rebus
722 1931 826 1982 tuis
855 1929 1171 2002 enarrandis
1196 1947 1298 2001 par
1327 1937 1402 1983 est
1433 1929 1498 1983 ⁸³⁸.
1541 1930 1832 2001 Pr0pterea

250 2014 486 2082 Joannes
530 2017 792 2073 Joannem
828 2022 1104 2074 antecessit
1138 2020 1208 2084 ⁸⁸,
1253 2021 1415 2075 libere
1457 2020 1673 2092 loquens
1716 2023 1831 2078 zelo

251 2106 560 2174 ardentem;
591 2110 683 2179 qui
708 2117 826 2179 post
855 2118 1073 2164 mortem
1103 2113 1278 2183 arguit
1310 2112 1684 2183 praedicantem
1714 2123 1830 2186 post

252 2204 473 2251 mortem
501 2213 520 2253 :
553 2200 646 2269 qui
687 2199 953 2255 desertum
997 2199 1137 2254 velut
1178 2200 1359 2255 urbem
1396 2203 1644 2270 instituit,
1681 2208 1842 2264 totius

250 2289 391 2344 urbis
425 2292 837 2348 emendatorem.
858 2293 1032 2349 Habes
1068 2294 1234 2349 aliam
1256 2312 1374 2350 cum
1395 2297 1649 2367 apostolis
1675 2301 1720 2333 “
1751 2318 1841 2356 co-

251 2382 592 2451 gnationem;
614 2385 816 2456 primus
845 2386 987 2456 apud
1017 2386 1370 2442 Hamaxobios
1387 2386 1606 2461 Scythas
1625 2392 1692 2459 ⁸⁷,
1711 2410 1836 2449 aras

251 2475 498 2540 erexisti,
526 2476 546 2496 ‘
577 2483 626 2530 et
656 2476 912 2531 barbarus
954 2480 1044 2550 qui
1080 2480 1167 2534 via:
1211 2479 1275 2532 ab
1318 2496 1451 2550 equo
1488 2481 1713 2546 dissilit,
1755 2483 1837 2537 di-

251 2564 377 2617 dicit
426 2581 565 2636 genu
602 2570 841 2639 ﬂectere,
879 2577 928 2622 et
976 2571 1046 2625 ad
1092 2572 1451 2642 pauimentum
1504 2574 1767 2643 prosterni
1816 2590 1834 2628 :

250 2657 341 2725 qui
381 2660 710 2728 captivorum
763 2661 1009 2735 lacrymis
1059 2681 1164 2718 non
1214 2673 1471 2730 movetur,
1514 2666 1697 2720 didicit
1739 2683 1835 2737 pro

250 2751 474 2817 peccatis
493 2753 641 2823 ﬂere.
669 2752 807 2818 Quin
834 2758 994 2810 etiam
1016 2757 1380 2828 jaculatorem
1408 2757 1627 2812 Persam
1649 2757 1836 2829 jaculo

250 2842 642 2910 praedicationis
672 2848 953 2917 petiisti“;
972 2850 1163 2920 quique
1194 2848 1327 2903 nihil
1347 2851 1579 2921 cogitant
1602 2850 1704 2903 nisi
1732 2849 1838 2922 {er-

249 2950 391 3001 rum,
423 2935 716 2994 didicerunt
752 2937 1076 3009 Cruciﬁxum
1110 2942 1356 2996 adorare.

1939 1844 2051 1914 τῆς
2080 1847 2342 1916 φύσεως,
2378 1847 2521 1901 ἀλλ’
2550 1847 2589 1914 ἡ
2616 1845 2775 1913 λύρα
2818 1843 2917 1897 διὰ
2947 1840 3152 1908 πάσης
3183 1836 3291 1905 τῆς
3322 1837 3516 1891 οικου-

1932 1936 2124 2006 μένης
2143 1937 2280 2007 ἠχεῖ
2302 1935 2382 2003 τῷ
2412 1936 2574 2005 δώρῳ
2590 1937 2637 1969 ⁷ο
2663 1936 2775 2004 τῆς
2798 1933 3071 2006 χάριτος·
3107 1930 3345 1996 ἐκείνης
3374 1925 3514 1996 ἡμῖν

1939 2027 2049 2095 τῆς
2087 2027 2388 2084 ἀθανάτου
2424 2028 2689 2098 γλώττης
2717 2024 3000 2095 μετάδος*
3029 2023 3187 2092 μόνη
3219 2020 3328 2090 γὰρ
3354 2018 3392 2085 ἡ
3429 2015 3516 2083 σὺ

1937 2117 2169 2188 γλῶττα
2197 2116 2316 2171 τῶν
2348 2118 2479 2172 σῶν
2514 2115 2978 2186 κατορθωμάτων
3003 2113 3164 2179 ἀξία.
3194 2113 3298 2164 Διὰ
3330 2107 3516 2161 ταῦτα

1954 2210 2236 2278 Ἰωάννης
2294 2209 2580 2277 Ἰωάννην
2631 2208 2987 2276 ἀπείληφεν,
3019 2208 3052 2259 ὁ
3106 2202 3511 2270 πεπαρρησια-

1940 2300 2167 2371 σμένος
2195 2301 2303 2355 τὸν
2329 2299 2600 2367 ζηλωτήν
2621 2317 2636 2331 ο
2681 2303 2714 2354 ὀ
2756 2298 2906 2368 μετὰ
2941 2297 3204 2352 ’θάνατον
3247 2292 3517 2362 ἐλέγχων

1937 2392 2045 2447 τὸν
2068 2393 2439 2461 κηρύττοντά
2464 2394 2615 2462 μετὰ
2640 2390 2920 2455 θάνατον,
2951 2392 2985 2444 ό
3018 2387 3128 2458 τῆς
3159 2385 3384 2456 ἐρήμου
3406 2400 3512 2437 πο·

1935 2486 2145 2554 λίτης,
2177 2485 2287 2540 τὸν
2311 2485 2516 2553 πάσης
2544 2484 2779 2550 ,πόλεως
2825 2479 3270 2551 σωφρονιστὴν.
3309 2479 3514 2544 Ἔχεις

1936 2576 2052 2646 τὴν
2089 2576 2290 2645 ἄλλην
2333 2575 2484 2645 πρὸς
2518 2576 2661 2642 τοὺς
2700 2575 3086 2636 ἀποστόλους
3114 2567 3473 2641 συγγένειαν
3493 2581 3509 2596 ·

1935 2667 2165 2738 πρῶτος
2211 2668 2370 2737 παρὰ
2421 2668 2546 2735 τοῖς
2595 2666 2963 2737 Ἀμαξοϐίοις
2998 2654 3263 2727 ’Σκύθαις
3299 2664 3503 2716 θυσια-

1932 2760 2148 2829 στήρια
2174 2759 2436 2829 ἔπηξας·
2470 2760 2570 2815 καὶ
2614 2761 2790 2829 μόλις
2834 2757 2953 2811 τῶν
2980 2757 3179 2811 ἵππων
3201 2748 3509 2819 ἀποπηδή-

1932 2867 2049 2918 σας
2079 2856 2112 2906 ὀ
2141 2851 2465 2921 βάρϐαρος,
2506 2852 2685 2921 ἔμαθε
2726 2851 2875 2919 γόνυ
2919 2848 3235 2918 κάμπτειν,
3274 2844 3374 2898 καὶ
3423 2844 3509 2906 εἰς

1931 2943 2155 3013 ἔδαφος
2196 2944 2640 3009 ἐξαπλοῦσθαισ
2678 2942 2774 2995 καὶ
2832 2942 2865 2995 ὁ
2912 2939 3036 3004 τοῖς
3064 2937 3181 2992 τῶν
3210 2931 3502 3005 αἰχμαλώ-

246 3043 367 3082 των
423 3030 682 3102 δάκρυσι
733 3034 819 3105 μὴ
873 3037 1325 3106 καμπτόμενος,
1373 3036 1593 3105 ἔμαθεν
1644 3037 1796 3105 ὑπὲρ
1860 3037 2291 3110 ἁμαρτημάτων
2335 3040 2634 3109 δακρύειν.
2679 3038 2788 3092 Kal
2828 3036 2956 3107 μὴν
2992 3034 3228 3091 καὶτὸν
3254 3033 3510 3099 τοξότην

246 3117 489 3190 Πέρσην
558 3124 997 3196 άντετόξευσας
1067 3129 1150 3196 τῷ
1208 3130 1580 3201 ,κηρύγματιο
1659 3129 1759 3184 καὶ
1809 3132 2243 3203 σιδηρόφρονες
2311 3133 2766 3202 προσκυνοῦσιν
2816 3130 3033 3185 ἐκεῖνοι
3086 3128 3192 3182 τὸν
3247 3141 3510 3193 σταυρω-

247 3215 450 3285 θέντα.

321 3308 478 3378 102
519 3309 648 3365 Vicit
689 3319 780 3366 tua
824 3313 1009 3385 lingua
1048 3315 1418 3372 Chaldaeorum
1456 3325 1507 3371 et
1549 3333 1828 3389 magorum
1855 3319 1900 3382 C

248 3398 564 3468 prwstigias,
595 3397 884 3456 Persarum
912 3404 1194 3473 infecunda
1221 3414 1270 3459 et
1297 3405 1484 3477 glabra
1517 3408 1672 3462 tellus
1702 3426 1829 3462 ora-

248 3490 404 3544 tionis
442 3490 622 3545 domos
652 3493 806 3563 quasi
843 3496 1084 3564 germina
1125 3495 1392 3567 produxit.
1425 3497 1534 3550 Nec
1555 3498 1678 3568 jam
1711 3514 1829 3551 am-

250 3578 387 3649 plius
419 3580 658 3654 Babylon
694 3601 729 3638 a
758 3586 845 3655 pio
889 3584 1033 3639 cultu
1081 3584 1258 3641 aliena
1302 3596 1399 3653 est,
1431 3596 1587 3658 atque
1628 3589 1736 3643 lucc
1780 3597 1830 3641 te

250 3671 500 3742 apostolis
528 3676 821 3731 sociarant.

318 3761 474 3833 Apud
518 3780 612 3819 nos
650 3782 772 3820 vero
815 3767 1107 3822 etiamnum
1145 3770 1351 3823 semina
1389 3768 1583 3840 lingua:
1613 3776 1716 3825 tua:
1751 3772 1828 3826 ita

250 3857 476 3925 ﬂorent,
527 3867 586 3912 ut
629 3860 677 3913 si
729 3859 939 3931 quando
997 3860 1190 3932 aliquis
1246 3861 1508 3917 Joannem
1562 3864 1825 3931 nominet,

253 3966 474 4020 magnus
492 3953 671 4005 statim
689 3968 848 4007 sonus
873 3956 1212 4020 exaudiatur,
1237 3953 1688 4026 ecclesiasticaque
1708 3955 1828 4026 lyra

252 4043 528 4113 antiquum
570 4042 827 4114 plectrum
871 4053 1147 4117 cognoscat
1179 4062 1196 4100 :
1226 4045 1445 4118 syllable
1484 4048 1709 4102 nominis
1749 4046 1829 4100 tui

250 4148 345 4203 pro
372 4132 547 4204 digitis
573 4134 856 4203 suﬁiciunt.

326 4227 460 4283 Vidit
485 4230 607 4285 urbs
632 4232 776 4301 regia
809 4229 1062 4302 Syrorum
1090 4232 1218 4299 tela,
1248 4242 1295 4287 et
1337 4239 1662 4306 contempsit.
1690 4239 1826 4294 Vidit

252 4317 461 4391 lapillos
497 4320 724 4385 Indicos,
756 4331 802 4376 et
833 4322 1082 4394 despexit,
1121 4341 1214 4378 nec
1249 4324 1403 4380 illam
1437 4326 1558 4397 Tyri
1585 4345 1823 4399 purpura

250 4409 436 4481 affecit.
471 4409 754 4465 Mortalem
796 4411 1042 4466 ardenter
1079 4414 1370 4483 concupivit
1416 4413 1672 4485 linguam,
1708 4433 1826 4486 quae

248 4500 574 4557 immortales
601 4501 853 4557 doctrina:
881 4500 1108 4574 liquores
1136 4503 1438 4560 distillaret.

2014 3316 2335 3384 Ἐνίκησεν
2363 3316 2401 3385 ἡ
2431 3314 2514 3384 σὴ
2547 3313 2782 3384 γλῶττα
2812 3311 3128 3368 Χαλδαίων
3156 3311 3256 3367 καὶ
3300 3312 3511 3383 μάγων

1929 3408 2426 3477 μαγγανευτήρια,
2467 3407 2567 3460 καὶ
2604 3406 2642 3473 ἠ
2677 3404 3096 3474 κεχερσωμένη
3153 3405 3367 3473 Περσὶς
3408 3408 3504 3460 εὑ·-

1929 3500 2207 3566 κτηρίους
2248 3500 2456 3563 οἴκους
2493 3496 2910 3563 ἐϐλάστησεν
2958 3494 3157 3550 οὐκέτι
3192 3495 3302 3565 τῆς
3337 3497 3505 3550 εὐσε-

1931 3590 2074 3655 ϐοῦς
2111 3592 2438 3659 θρησκείας
2466 3591 2540 3644 τὰ
2579 3588 2933 3655 Βαϐυλῶνος
2961 3588 3250 3656 ἀλλότρια
3271 3603 3285 3619 ο
3316 3585 3507 3641 ταῦτά

1929 3695 2005 3735 σε
2028 3681 2156 3747 τοῖς
2178 3682 2543 3748 ἀποστόλοις
2565 3679 3006 3744 σιννέζευξεντι.

2003 3771 2133 3824 Ἔτι
2161 3771 2297 3838 παρ’
2329 3770 2477 3839 ἡμῖν
2504 3772 2578 3824 τὰ
2613 3769 2925 3839 σπέρματα
2952 3767 3063 3836 τῆς
3085 3766 3205 3836 σῆς
3238 3767 3503 3837 γλώττης

1926 3859 2117 3925 ἀνθεῖ,
2150 3859 2268 3915 κᾶν
2312 3859 2604 3926 Ἰωάννην
2626 3877 2714 3925 τις
2741 3858 3035 3928 ὀνομάσῃ,
3064 3856 3261 3924 πολὺς
3281 3858 3314 3909 ό
3348 3855 3500 3925 ἦχος

1929 3951 2310 4020 ἐκκρούεται’
2341 3953 2380 4019 ἠ
2411 3952 2520 4020 γὰρ
2568 3949 3052 4019 ἐκκλησιαστικὴ
3089 3950 3247 4016 λύρα
3290 3947 3358 4002 τὸ
3384 3948 3501 4015 dp-

1927 4044 2102 4114 χαῖον
2131 4042 2445 4113 πλῆκτρον
2496 4043 2907 4114 ἐπιγινώσκειο
2959 4042 3057 4109 καὶ
3104 4040 3237 4096 ἀντὶ
3281 4040 3490 4094 δακτύ-

1924 4140 2051 4191 λων
2082 4134 2380 4204 ἀρκοῦσιν
2409 4138 2469 4189 αἱ
2495 4134 2602 4190 τοῦ
2630 4135 2746 4189 σοῦ
2773 4135 3063 4203 ὀνόματος
3100 4132 3426 4187 συλλαϐαί.

2007 4230 2306 4285 Ἔόλεπεν
2343 4229 2382 4296 ἡ
2430 4228 2684 4294 βασιλὶς
2715 4227 2892 4292 πόλις
2922 4225 2994 4279 τὰ
3023 4225 3091 4279 ἐκ
3121 4224 3324 4292 Σύρων
3344 4221 3499 4291 ὑφά-

1925 4337 2145 4390 σματα,
2180 4313 2281 4373 καὶ
2334 4318 2651 4374 διέπτυεν·
2711 4319 2943 4386 ἐθεώρει
2989 4317 3133 4382 τοὺς
3181 4316 3251 4380 ἐξ
3296 4314 3501 4369 Ἰνδῶν

1921 4413 2154 4478 λίθους,
2177 4411 2274 4467 και
2293 4413 2645 4481 κατεφρόνει
2663 4425 2677 4441 ·
2696 4410 2840 4465 οὐδὲ
2859 4409 2972 4477 τῆς
2996 4410 3181 4477 Τύρου
3202 4409 3266 4461 τὸ
3283 4408 3500 4475 άλουρ-

1927 4503 2031 4574 τες
2050 4502 2245 4571 αὐτὴν
2267 4503 2517 4572 ἔτερπεν
2544 4502 2747 4568 ἄνθος.
2776 4502 3053 4569 Πηλίνην
3081 4501 3279 4554 ἐπόθει
3314 4497 3500 4569 γλῶτ-

1922 4613 2053 4661 ταν,
2086 4596 2353 4650 ἀθάνατα
2385 4595 2785 4660 διδασκαλίας
2814 4592 3201 4662 προχέουσαν
3240 4592 3493 4659 νάματα.

320 4676 451 4731 Vidit
470 4687 520 4731 te
533 4682 750 4751 antiqua
767 4680 1023 4753 Ephesus,
1045 4691 1093 4737 et
1106 4682 1368 4738 Joannem
1391 4701 1581 4740 novum
1601 4685 1733 4740 dixit
1749 4687 1814 4741 θ’.

1994 4685 2136 4744 Είδέ
2160 4703 2235 4743 σε
2259 4688 2360 4742 καὶ
2390 4688 2648 4757 Ἔφεσος
2672 4688 2709 4755 ἡ
2733 4686 2974 4755 ἀρχαία,
3004 4684 3102 4738 καὶ
3131 4684 3274 4739 νέον
3302 4680 3497 4737 Ἰωάν-

251 4764 405 4835 Vidit,
434 4776 484 4822 et
511 4772 793 4842 evangelici
818 4775 1096 4831 recordata
1123 4784 1199 4831 est
1225 4776 1444 4831 tonitru.

317 4953 543 5023 Exinde,
572 4973 604 5012 ο
632 4957 827 5023 dilecti,
857 4977 1039 5017 cursus
1068 4961 1320 5017 orationis
1350 4960 1404 5015 in
1431 4959 1739 5030 confragosa
1768 4967 1819 5013 et

247 5065 436 5121 aspera
462 5050 768 5123 impellitur.
791 5052 868 5109 Ne
889 5062 1062 5109 tamen
1086 5056 1368 5126 asperitate
1389 5053 1626 5108 deterriti
1647 5052 1821 5124 fugia-

1921 4798 2040 4848 νην
2078 4781 2436 4849 προσεῖπεν·
2477 4776 2621 4847 εἶδε,
2664 4778 2764 4833 καὶ
2799 4774 3193 4848 εὐαγβλικῆς
3225 4771 3496 4842 ὑπεμνή-

1921 4875 2041 4938 σθη
2058 4873 2102 4903 ⁷³
2119 4868 2405 4939 βροντῆς.

2006 4959 2333 5026 Ἐντεῦθεν,
2356 4960 2674 5029 ἀγαπητοὶ,
2702 4958 2771 5012 τὸ
2792 4958 2986 5027 ῥεῦμα
3013 4956 3120 5010 τοῦ
3150 4957 3335 5023 λόγου
3363 4965 3496 5019 τρα-

1925 5052 2194 5122 χύνεται,
2222 5051 2385 5107 ἀλλὰ
2408 5052 2494 5122 μὴ
2521 5052 2800 5121 φύγωμεν
2840 5049 2955 5119 τὴν
2986 5047 3347 5116 τραχύτητα,
3381 5059 3410 5094 τ
3418 5040 3493 5108 ἧς

1510 5188 1742 5244 VARUS
1782 5188 2075 5247 LECTION
2083 5192 2184 5246 ES.

314 5296 561 5373 “Procl.
597 5299 789 5373 Nullus
828 5302 983 5373 digne
1026 5302 1263 5359 laudabit
1300 5304 1590 5369 Joannem,
1618 5308 1663 5361 si
1699 5323 1802 5360 non
1836 5307 1902 5359 sit
1943 5306 2079 5362 alius
2120 5306 2373 5363 Joannes.
2416 5308 2476 5364 (ἕ.
2555 5310 2599 5341 θδ
2629 5307 2807 5363 Procl.
2845 5306 3077 5362 Joannes
3108 5304 3227 5368 ille,
3257 5302 3490 5373 Joannes

247 5370 343 5422 iste
363 5384 381 5433 ς
417 5369 510 5423 ille

244 5577 354 5632 side

246 5648 452 5704 cuuias.
483 5650 543 5706 G.

545 5371 897 5439 praedicator,
922 5373 1019 5427 iste
1072 5375 1222 5437 tuba,
1255 5384 1361 5430 etc.
1395 5375 1456 5430 G.
1533 5377 1577 5407 ⁸⁸
1601 5377 1777 5431 Procl.
1823 5375 2055 5431 Joannes
2107 5395 2225 5431 cum
2272 5378 2569 5433 beatissimo
2614 5377 2786 5431 Paulo
2836 5386 2957 5430 tunc
3001 5376 3194 5428 clamat
3236 5390 3254 5427 :
3284 5371 3489 5426 Christi

250 5439 425 5494 bonus
462 5440 599 5494 odor
633 5456 825 5498 sumus
857 5461 869 5496 :
910 5442 1127 5497 Omnem
1162 5446 1299 5499 enim
1349 5444 1518 5499 locum
1549 5446 1612 5499 ab
1652 5462 1830 5500 errore
1869 5446 2126 5501 liberavit.
2164 5449 2226 5504 G.

246 5507 509 5584 Eurolrcei
543 5508 765 5584 Scytha),
816 5530 848 5566 a
904 5512 1288 5583 Clirgsostomo,
1334 5532 1451 5568 cum
1485 5514 1672 5571 Cucusi
1719 5516 2005 5579 ersularet,
2051 5517 2154 5584 ﬁde
2200 5516 2502 5573 Christiana
2536 5507 2742 5572 imbuti.
2782 5518 2843 5572 G.

434 5581 611 5653 erbum
632 5581 747 5653 "Dei
777 5584 1070 5637 seminavit.
1108 5584 1168 5639 G.
1244 5586 1287 5617 °°
1325 5585 1500 5639 Procl.
1527 5586 1588 5639 In
1615 5585 1817 5653 Epheso
1853 5596 2021 5639 artem
2051 5581 2209 5643 Mida:
2236 5590 2449 5642 nudauit
2477 5606 2494 5642 :
2526 5598 2697 5643 artem
2727 5588 2988 5641 nefariam
3016 5584 3361 5653 comparandi
3389 5596 3490 5652 pc-

2304 5450 2346 5480 ⁶⁷
2380 5450 2558 5504 Procl.
2601 5448 2661 5501 In
2699 5449 2949 5516 plaustris
2988 5448 3241 5516 viventes,
3268 5444 3323 5516 _ii
3361 5451 3490 5516 sunt

2960 5518 3004 5548 ⁸⁸
3044 5515 3220 5568 Procl.
3258 5512 3322 5567 In
3353 5511 3490 5565 Pcr-

621 5652 665 5684 '°
689 5651 862 5723 δὼρῳ.
899 5654 1060 5709 Phot.
1081 5654 1136 5709 in
1163 5670 1334 5724 marg.
1410 5655 1573 5725 λόίῳ.
1645 5651 1688 5688 τι
1718 5655 1877 5713 Phot.
1922 5657 1976 5712 in
2022 5673 2190 5728 marg.
2244 5659 2547 5727 συνέταξεν.
2624 5659 2667 5689 "’
2693 5658 2848 5714 Phot.
2876 5658 2932 5711 in
2956 5651 3450 5727 ωιιισεξὺπενοὴθη.
