3950 6226
284 294 354 359 57

1412 289 1954 350 AUCTARIUM.-
1982 291 2079 350 AD
2113 290 2289 353 ΤΟΜ.
2328 292 2417 355 IV.

3465 294 3536 356 58

286 406 637 473 ﬁdis-ﬂuetus
663 402 901 459 transire
934 403 1049 459 ausi
1082 403 1235 469 estis,
1262 412 1323 458 ut
1354 415 1594 459 nostram
1626 405 1862 460 audiatis
1894 409 1939 464 Α
2034 404 2164 460 Vere
2192 407 2505 478 obstupescit
2533 407 2721 462 cmlum
2744 408 2815 462 ad
2841 410 2955 473 hoc,
2987 415 3037 461 et
3065 408 3269 462 horruit
3308 407 3539 478 amplius

280 515 506 566 vocem,
549 512 715 569 quam
763 497 939 552 vestri
990 496 1229 569 pastoris
1278 497 1431 552 vocis
1481 495 1714 569 eﬁlgiem
1766 512 1865 567 pu-

285 592 433 646 tatis.
847 646 850 650 λ

354 680 690 736 Desideratis
729 680 879 735 enim
922 679 1111 735 audire
1150 678 1423 751 iucundas
1462 678 1630 735 vestri
1680 686 1866 750 pasto-

282 773 357 828 ris
398 771 606 827 ﬁstulas
642 790 657 826 :
691 772 954 842 pastoris,
991 788 1154 843 quem
1188 780 1439 842 pastores
1476 771 1611 827 socii
1645 771 1866 826 calamis

281 862 625 926 occiderunt,
664 870 726 917 ut
771 870 991 933 putant,
1028 863 1096 917 ad
1135 878 1276 932 quos
1312 863 1458 918 Deus
1491 878 1591 933 per
1627 863 1866 933 prophe-

282 962 389 1007 tam
440 953 639 1008 clamat
688 971 704 1008 :
754 954 1006 1009 Pastores
1061 954 1215 1008 multi
1257 963 1605 1026 corruperunt
1650 956 1863 1008 vineam

174 1060 181 1065 ο
278 1057 483 1107 meam,
537 1043 955 1113 coinquinarunt
999 1045 1289 1114 portionem
1330 1061 1533 1109 meam,
1580 1051 1863 1114 posuerunt

277 1140 485 1201 partem
536 1150 712 1188 meam
760 1134 1158 1189 desiderabilem
1204 1137 1262 1189 in
1301 1135 1637 1190 solitudinem
1671 1137 1864 1206 imper-

277 1228 425 1282 viam
450 1223 500 1280 ιι.
539 1227 695 1281 Dicat
718 1227 789 1282 de
812 1227 967 1298 ipsis,
982 1236 1037 1282 et
1057 1244 1155 1298 per
1178 1228 1343 1282 alium
1377 1228 1700 1299 prophetam
1728 1250 1742 1283 .-
1769 1227 1863 1285 Se-

276 1318 507 1372 cundum
530 1318 925 1374 multitudinem
954 1321 1187 1391 ipsorum
1217 1321 1293 1375 ita
1315 1328 1655 1392 peccaverunt
1684 1322 1809 1375 mihi
1843 1339 1856 1376 :

276 1409 505 1481 gloriam
540 1427 723 1465 eorum
751 1412 808 1465 in
832 1413 1180 1483 ignominiam
1207 1429 1401 1483 ponam
1433 1411 1475 1467 ι.
1506 1412 1659 1468 Dicat
1682 1422 1739 1469 et
1763 1428 1863 1484 per

275 1500 442 1555 alium
476 1501 681 1557 iterum
714 1502 1041 1573 prophetam
1069 1519 1083 1557 :
1114 1502 1200 1558 Va:
1229 1502 1331 1571 ﬁlii
1362 1510 1638 1574 apostatw,
1669 1504 1860 1576 fecistis

273 1594 571 1660 consilium,
627 1603 677 1649 et
732 1610 840 1649 non
896 1611 960 1649 ea:
1017 1611 1128 1663 me;
1186 1604 1238 1648 et
1283 1605 1461 1666 pacta,
1510 1604 1562 1651 et
1611 1612 1717 1652 non
1768 1613 1863 1669 per

271 1686 520 1755 spiritum
560 1700 766 1751 meum;
795 1692 857 1739 ut
891 1685 1156 1756 adjiciatis
1194 1696 1465 1757 peccatum
1494 1703 1654 1757 super
1681 1703 1863 1758 pecca-

1967 506 2133 563 terra,
2165 498 2291 553 dicit
2328 499 2607 564 Dominus,
2649 501 2774 570 quia
2824 499 2927 553 duo
2974 500 3082 554 lucc
3119 498 3265 553 mala
3296 499 3413 568 fecit
3441 515 3540 569 po-

1968 589 2124 660 pulus
2169 592 2287 645 iste.
2330 592 2434 658 Me,
2470 593 2670 663 inquit,
2715 592 3129 663 dereliquerunt,
3159 593 3359 658 fontem
3388 609 3541 663 aqua

1965 681 2114 746 vince,
2145 690 2195 735 et
2224 682 2470 751 foderunt
2498 685 2593 738 sibi
2613 686 2868 738 cisternas
2897 685 3136 750 detritas,
3170 701 3287 755 quae
3315 702 3418 738 non
3449 701 3543 755 po—

1966 778 2143 824 terunt
2187 789 2384 843 aquam
2428 776 2699 829 continere
2728 784 2775 828 Ρ.
2828 774 2984 828 Dicat
3021 774 3089 828 ad
3134 791 3230 830 eos
3261 776 3405 829 Deus
3440 790 3538 844 per

1962 862 2255 918 Jeremiam
2290 866 2615 935 prophetam
2655 884 2668 919 :
2698 867 2937 921 Trausite
2966 868 3037 921 ad
3080 866 3284 921 insulas
3313 866 3536 931 Cltetim,

1964 961 2016 1006 et
2042 955 2233 1020 videte;
2261 963 2311 1008 et
2356 957 2413 1009 in
2452 956 2625 1011 Cedar
2655 960 2867 1024 mittite,
2902 967 2952 1011 et
2983 959 3311 1012 considerate
3339 959 3466 1012 bene
3492 961 3539 1013 si

1963 1044 2105 1114 facta
2134 1047 2241 1099 sint
2283 1045 2438 1114 talia,
2468 1047 2652 1120 qualia
2707 1052 2838 1116 Itwc,
2866 1042 2938 1104 [si
2989 1049 3305 1105 mutaverint
3360 1060 3536 1121 gentes

1961 1136 2083 1191 deos
2110 1153 2232 1191 suos
2256 1148 2307 1191 (ι.

2037 1250 2274 1305 Transite
2321 1252 2392 1306 ad
2443 1252 2653 1308 insulas
2699 1252 2918 1309 Chetim.
2959 1253 3080 1309 Non
3109 1254 3297 1320 vultis,
3338 1254 3535 1324 inquit,

1962 1341 2106 1399 ferre
2130 1343 2297 1398 verba
2321 1360 2441 1399 mea
2466 1361 2481 1411 ;
2512 1361 2622 1400 non
2649 1346 2803 1401 fertis
2826 1345 3160 1416 prophetas;
3201 1361 3312 1401 non
3340 1347 3539 1416 accipi—

1961 1434 2034 1490 tis
2061 1434 2283 1506 legem;
2325 1451 2437 1491 non
2483 1437 2709 1493 creditis
2751 1437 2956 1492 divinis
3000 1437 3338 1508 Scripturis?
3389 1453 3540 1493 assu-

1961 1528 2095 1582 mite
2118 1528 2406 1597 gentilium
2438 1544 2642 1599 pueros
2670 1530 2725 1584 in
2756 1529 3051 1595 doctores;
3097 1529 3172 1583 ite.
3220 1528 3286 1584 ad
3326 1537 3535 1599 gentes,

1960 1630 2017 1677 et
2036 1621 2232 1677 discite
2255 1621 2533 1692 quomodo
2555 1620 2807 1676 colantur
2826 1620 2896 1675 ab
2914 1621 3023 1675 illis
3047 1619 3124 1675 dii
3153 1619 3535 1689 putativi,cum

1964 1729 2072 1768 non
2102 1713 2213 1769 sint
2239 1713 2316 1769 dii
2348 1732 2361 1767 :
2388 1712 2627 1768 Transite
2660 1712 2731 1767 ad
2759 1711 2964 1767 insulas
2993 1711 3222 1777 Chetim,
3260 1719 3309 1763 et
3350 1710 3538 1764 mittite

960 1755 963 1756 ν
1197 1755 1204 1757 -
1561 1755 1569 1757 -
1682 1755 1691 1758 -
1966 1755 2072 1768 ην..
2102 1755 2213 1769 ......
2240 1755 2316 1769 υ..
2349 1755 2361 1767 .
2389 1755 2626 1768 -..........
2660 1755 2730 1767 ..η
2761 1755 2964 1767 ...υ-τ..-
2995 1755 3222 1777 ν..,.....,
3260 1755 3307 1763 --

274 1783 419 1873 "mf"
446 1776 685 1873 cover”.
712 1774 859 1839 em."
886 1773 1322 1873 qﬁpmfuf'dum
1348 1774 1625 1873 “Filium
1653 1773 1861 1873 ⁰ξ³ξ³³¹⁴ι²
1891 1755 1935 1815 Β
1961 1804 2017 1857 in
2047 1802 2238 1870 Cedar,
2269 1812 2318 1859 et
2349 1804 2476 1859 bene
2521 1804 2868 1869 considerate,
2926 1804 2973 1857 si
3025 1803 3169 1873 facta
3222 1803 3328 1857 sint
3378 1802 3533 1867 talia,

274 1868 423 1931 tatis,
464 1874 516 1919 et
541 1867 796 1937 injustam
833 1878 895 1921 ω.
926 1866 1083 1922 Dicat
1109 1866 1178 1921 ad
1209 1882 1307 1923 eos
1332 1875 1388 1923 et
1418 1867 1587 1924 Isaias
1619 1885 1633 1923 :
1669 1868 1859 1924 Manus

270 1960 407 2012 enim
422 1967 611 2013 vestrae
627 1957 843 2029 pollutis
861 1958 1271 2029 suntsanguine,
1292 1958 1449 2029 107
1469 1966 1519 2013 et
1533 1959 1684 2030 digiti
1702 1961 1859 2013 vestri

272 2051 495 2116 peccatis
533 2065 548 2101 :
583 2048 765 2119 lingua
806 2056 983 2104 vestra
1025 2047 1201 2102 locuta
1240 2056 1316 2102 est
1354 2048 1692 2120 injustitiam,
1723 2058 1771 2103 et
1800 2066 1856 2105 os

270 2148 503 2195 vestrum
528 2131 882 2212 iniquitatem
920 2141 1228 2195 meditatum
1267 2148 1363 2195 est.
1397 2139 1589 2196 Nullus
1627 2139 1858 2212 loquitur

264 2229 436 2297 iusta,
468 2231 596 2301 quia
628 2231 927 2302 concipiunt
964 2228 1215 2296 laborem,
1247 2237 1299 2284 et
1339 2232 1558 2301 pariunt
1604 2231 1857 2302 iniquita-

271 2330 394 2375 tem.
426 2322 443 2342 ⁸
472 2320 585 2377 Ova
639 2322 884 2395 aspidum
937 2320 1306 2389 excluserunt,
1354 2330 1406 2376 et
1452 2321 1587 2378 telas
1639 2339 1855 2378 aranea:

268 2421 515 2468 texerunt
546 2425 601 2468 ιι.

334 2504 533 2559 Videte
572 2505 977 2562 accusationem
1020 2506 1259 2573 malitiae,
1294 2515 1351 2563 et
1391 2507 1703 2578 putredinis
1737 2522 1853 2562 ma-

269 2595 397 2650 litia:
421 2595 820 2662 indicium,ova
853 2596 1192 2668 aspidum,et
1214 2597 1350 2653 telas
1369 2613 1584 2653 araneae
1618 2615 1631 2651 :
1657 2607 1851 2668 partus

268 2688 487 2757 quidem
513 2689 1104 2761 malitiam,conceptus
1131 2698 1316 2746 autem
1352 2689 1726 2746 inﬁrmitatem
1752 2691 1851 2746 ha-

268 2779 378 2836 bet.
403 2780 518 2837 Ova
544 2781 798 2852 aspidum
822 2781 1045 2838 malitiae
1077 2782 1322 2852 species;
1363 2783 1471 2838 tela
1511 2798 1727 2839 araneae
1758 2785 1847 2837 in-

270 2870 546 2928 ﬁrmitatis
584 2881 974 2944 argumentum
1031 2882 1153 2941 est;
1205 2882 1263 2930 et
1333 2874 1629 2930 comedens
1680 2891 1846 2931 ovum

267 2977 455 3018 eorum
484 2964 857 3031 confractum,
892 2974 1151 3036 putamen
1190 2966 1421 3022 invenit.
1466 2966 1658 3022 Vidisti
1690 2967 1847 3022 mali-

267 3055 394 3109 tiam
432 3054 848 3112 inﬁrmautem?
890 3057 1075 3113 vidisti
1108 3056 1480 3113 oﬂ'endentem
1522 3072 1635 3112 non
1670 3056 1845 3113 oﬂ‘en—

268 3145 528 3203 dentem?
552 3147 735 3203 vidisti
761 3163 913 3213 eum,
940 3148 1036 3218 qui
1061 3147 1436 3220 impugnatur,
1478 3151 1846 3205 coronatum?

268 3246 315 3292 et
340 3241 431 3310 qui
458 3239 686 3295 comedit
715 3257 872 3295 ovum
901 3257 1084 3294 eorum
1110 3241 1463 3312 confractum,
1494 3243 1674 3297 arium
1708 3242 1853 3298 inve-

269 3332 579 3413 Urium
614 3342 801 3388 autem
834 3340 917 3388 est
951 3333 1154 3404 aliquid
1186 3333 1397 3400 sterile,
1452 3333 1560 3389 hoc
1612 3343 1717 3402 est,
1752 3336 1854 3390 im-

266 3423 593 3492 perfectum.
642 3424 804 3490 Isaia,
855 3425 1138 3497 promulga
1179 3424 1343 3482 nobis
1379 3433 1437 3481 et
1473 3426 1695 3481 malitiae
1727 3441 1853 3497 spe-

269 3514 423 3570 ciem.
470 3515 545 3570 Et
590 3516 649 3570 in
688 3518 804 3588 ipso
844 3516 1136 3572 basiliscus.
1166 3516 1283 3574 Hoc
1335 3529 1521 3574 autem
1572 3518 1847 3586 mirabile,

268 3604 409 3675 quod
449 3605 744 3662 basiliscus
767 3607 827 3662 in
850 3606 968 3672 illo,
1004 3616 1062 3662 et
1107 3608 1312 3674 arium,
1357 3609 1463 3665 hoc
1495 3616 1599 3675 est,
1642 3610 1846 3668 sterile.

266 3693 559 3753 Basiliscus
577 3706 763 3754 autem
784 3698 1046 3753 malitiam
1072 3698 1379 3770 signiﬁcat;
1402 3700 1847 3771 quandoquidem

270 3781 498 3841 bestiola
529 3786 647 3842 haec
685 3787 934 3842 omnium
979 3788 1259 3857 reptilium
1293 3789 1631 3846 ferocissima
1657 3797 1766 3855 est,
1794 3790 1847 3846 ei

270 3876 475 3931 oonfert
500 3877 728 3932 malitiae
756 3878 1004 3934 sobolem
1026 3895 1259 3945 ;verum
1296 3887 1352 3935 et
1396 3880 1487 3935 illa
1531 3881 1648 3951 ipsa
1684 3881 1846 3936 urion

215 4023 227 4032 ,
266 3976 362 4031 est,
394 3976 630 4037 propter
654 3967 1034 4025 inﬁrmitatem
1056 3970 1281 4026 malitia:
1308 3987 1322 4024 :
1353 3969 1572 4026 inﬁrma
1586 3971 1733 4026 enim
1761 3980 1847 4027 est

267 4059 492 4115 malitia.

327 4146 597 4219 Sequitur
624 4147 1065 4206 demonstratio:
1113 4148 1240 4204 Tela
1290 4164 1471 4204 eorum
1506 4167 1612 4204 non
1652 4151 1751 4205 erit
1786 4153 1844 4205 in

266 4243 671 4306 vestimentum;
713 4258 820 4296 non
858 4243 999 4296 enim
1038 4243 1336 4297 vestiuntur
1365 4243 1429 4297 ab
1460 4242 1698 4313 operibus
1728 4259 1845 4296 ma-

268 4348 426 4387 nuum
465 4348 714 4388 suarum.
744 4332 979 4400 Quare?
1024 4332 1162 4399 Quia
1191 4350 1352 4405 opera
1403 4334 1698 4403 injustitice.
1748 4335 1843 4389 Dic

268 4421 503 4490 speciem
537 4419 844 4491 iniustitiae.
863 4420 1024 4475 Pedes
1054 4437 1238 4475 eorum
1267 4422 1324 4475 in
1360 4420 1563 4474 malum
1592 4428 1837 4477 currant.
1872 4433 1918 4489 ι)

265 4510 530 4567 Nimirum
559 4521 623 4567 ut
647 4512 854 4583 aliquid
885 4511 995 4567 liat.
1033 4512 1103 4567 Et
1131 4511 1331 4567 veloces
1366 4511 1435 4566 ad
1477 4511 1845 4582 effundendum

265 4605 595 4675 sanguinem.
624 4602 767 4669 Quid
802 4603 871 4658 ad
904 4603 1019 4659 haec
1037 4603 1061 4657 ἲ
1082 4603 1362 4660 Cunctatio
1392 4610 1442 4656 et
1469 4603 1756 4673 infelicitas
1786 4605 1844 4658 in

264 4695 353 4748 viis
368 4712 575 4749 eorum.
599 4694 737 4750 Nam
757 4696 856 4749 via:
876 4710 1060 4749 eorum
1078 4704 1352 4762 tortuosae,
1373 4711 1512 4768 quas
1532 4701 1844 4763 transeunt,

265 4794 315 4841 et
335 4789 479 4842 viam
508 4789 658 4860 pacis
689 4789 985 4842 nescierunt
1019 4794 1071 4841 ο.

328 4879 468 4935 Vere
495 4878 757 4933 lamentis
786 4878 951 4949 digna
999 4886 1132 4934 sunt
1176 4878 1315 4940 haec,
1343 4877 1491 4949 quod
1525 4876 1844 4934 sacerdotes

264 4978 451 5024 contra
482 4971 807 5027 sacerdotes
838 4971 968 5026 talia
991 4970 1194 5027 dicant.
1238 4972 1438 5028 Verum
1457 4972 1564 5027 hoc
1588 4970 1843 5036 dicimus,

266 5073 369 5114 non
395 5061 545 5131 quod
581 5069 797 5116 tantum
840 5076 1165 5118 accusemus
1194 5062 1336 5131 illos,
1380 5071 1648 5134 quantum
1676 5060 1845 5119 vestri

269 5164 450 5206 curam
479 5155 748 5224 gerimus.
773 5152 844 5207 Et
864 5163 989 5222 post
1008 5153 1115 5209 alia
1144 5171 1160 5209 :

316 5304 566 5379 fierem.
598 5326 695 5376 ιιι,
729 5308 814 5365 {0.
917 5307 937 5348 ι
976 5311 1133 5367 Osee.
1174 5328 1247 5375 tv,
1284 5314 1336 5367 7.
1442 5323 1482 5353 ιιι
1512 5314 1618 5373 Isa.
1643 5329 1768 5379 xxx,
1795 5315 1845 5368 1.

266 5387 292 5431 1
315 5377 447 5438 ibid.
483 5380 574 5449 10,
604 5382 694 5437 il.
769 5389 792 5419 ι’
820 5380 928 5437 Isa.
952 5396 1039 5448 XL,
1080 5383 1169 5447 12,
1191 5383 1280 5438 22.

1958 1892 2143 1965 qualia
2182 1894 2329 1959 hare;
2368 1910 2493 1947 nam
2539 1892 2857 1947 mutaverint
2891 1897 3066 1962 gentes
3110 1890 3230 1944 deos
3273 1889 3439 1942 suos?
3479 1896 3536 1943 et

1959 1981 2135 2051 quos?
2172 1990 2223 2034 et
2253 1980 2337 2036 illi
2368 1998 2473 2036 non
2496 1990 2621 2035 sunt
2646 1980 2738 2035 dii.
2772 1980 2841 2034 Et
2864 1994 3037 2049 quare
3068 1979 3187 2033 hanc
3211 1978 3399 2032 dicis?
3428 1977 3535 2031 Po-

1960 2073 2115 2145 pulus
2139 2092 2284 2129 meus
2312 2076 2536 2129 mutavit
2552 2073 2777 2145 gloriam
2805 2088 2959 2127 suam
2984 2087 3003 2126 :
3028 2070 3174 2126 unde
3194 2070 3401 2125 nullam
3420 2069 3533 2124 uti-

1958 2167 2169 2223 litatem
2206 2168 2463 2238 accipiet.

2026 2280 2153 2336 Haec
2172 2287 2229 2336 et
2254 2280 2322 2334 de
2347 2279 2454 2334 illis
2483 2277 2736 2348 congruit
2755 2276 2881 2332 dici.
2920 2275 3120 2347 Psgani
3149 2275 3298 2344 ligna
3319 2282 3375 2329 et
3393 2272 3534 2345 lapi-

1955 2370 2055 2427 des
2077 2378 2424 2435 venerantes,
2445 2369 3026 2439 ut108immortalia
3054 2368 3145 2422 illa
3161 2368 3422 2425 salutant.
3447 2366 3530 2421 Tu

1953 2470 2161 2526 autem,
2198 2461 2305 2516 illis
2338 2460 2643 2532 praedicans
2665 2476 2729 2516 ea
2754 2459 3001 2515 venerari
3027 2474 3138 2513 non
3163 2458 3389 2539 debere.
3434 2456 3531 2512 sed

1954 2554 2132 2613 solum
2165 2568 2359 2609 verum
2389 2553 2584 2617 Deum,
2640 2553 2730 2623 qui
2790 2551 3058 2606 constituit
3087 2558 3283 2605 montes
3329 2550 3385 2603 in
3417 2555 3529 2604 sta-

1955 2653 2092 2709 tera,
2124 2651 2173 2697 et
2200 2643 2360 2698 silvas
2414 2644 2472 2696 in
2521 2642 2677 2706 libra,
2709 2652 2759 2696 et
2790 2645 3004 2697 metitur
3035 2657 3200 2696 manu
3236 2658 3453 2712 aquam,
3482 2647 3534 2695 et

1953 2735 2142 2791 cazlum
2180 2735 2383 2807 palmo,
2418 2743 2468 2789 et
2497 2751 2706 2789 omnem
2738 2742 2937 2788 terram
2968 2732 3197 2805 pugillo;
3229 2733 3318 2804 qui
3346 2732 3535 2786 consti-

1953 2828 2050 2880 tuit
2080 2825 2266 2880 caelum
2287 2827 2439 2891 quasi
2469 2841 2761 2891 cameram,
2782 2826 2871 2895 qui
2894 2826 3123 2878 continet
3156 2823 3534 2878 rotunditatem

1950 2918 2119 2970 omnis
2169 2923 2340 2982 terrae,
2388 2923 2436 2969 et
2475 2915 2772 2970 habitantes
2798 2916 2855 2969 in
2883 2913 2983 2968 illa
3012 2913 3167 2985 quasi
3216 2914 3444 2968 locustas
3484 2923 3530 2973 ".

1950 3016 2005 3062 et
2036 3006 2205 3071 hunc,
2233 3006 2329 3076 qui
2356 3005 2542 3060 omnia
2582 3005 2750 3060 verbo
2782 3003 2933 3069 fecit,
2981 3012 3037 3059 et
3071 3003 3233 3059 unica
3267 3002 3531 3058 momenti

1871 3099 1917 3161 α
1952 3098 2308 3153 inclinatione
2338 3097 2564 3154 exhibet
2586 3113 2652 3153 ea
2683 3112 2806 3166 quae
2842 3112 2954 3151 non
2998 3105 3148 3160 sunt,
3192 3104 3254 3149 ut
3298 3096 3436 3160 sint;
3476 3104 3535 3149 et

1954 3190 2109 3246 dedit
2134 3190 2220 3245 his
2251 3206 2373 3260 quae
2396 3205 2508 3244 non
2543 3195 2724 3253 erant,
2755 3195 2816 3241 ut
2845 3195 3050 3251 essent,
3079 3185 3195 3241 sola
3224 3185 3529 3249 voluntate;

1952 3279 2108 3349 quasi
2130 3279 2336 3334 oblitus
2352 3279 2552 3333 horum
2571 3277 2840 3342 omnium,
2858 3275 3209 3346 passionibus
3229 3273 3529 3330 obnoxium

1951 3369 2105 3435 facis,
2132 3377 2190 3424 et
2219 3369 2397 3439 legem
2441 3368 2624 3439 ponis,
2672 3374 2734 3422 ut
2769 3367 3035 3422 adoretur
3068 3366 3204 3420 Deus
3247 3361 3527 3436 passibilis.

2020 3460 2089 3517 Et
2109 3460 2301 3532 pagani
2322 3459 2567 3531 quidem,
2582 3466 2643 3514 ut
2664 3446 2989 3530 praedictum
3011 3466 3115 3522 est,
3141 3456 3384 3512 avaritiae
3400 3471 3532 3512 ver-

1949 3553 2022 3609 bo
2045 3554 2212 3624 capti,
2248 3554 2415 3608 etiam
2438 3553 2642 3609 omium
2663 3551 3003 3623 impassihile
3028 3557 3248 3613 vocant,
3279 3557 3334 3603 et
3357 3550 3529 3604 solem

1948 3641 2344 3712 impassihilem
2383 3642 2679 3712 appellant,
2710 3649 2766 3696 et
2788 3641 2975 3697 stellas
3027 3639 3365 3694 immortales
3421 3646 3530 3693 sta-

1950 3740 2133 3796 tuunt,
2165 3739 2222 3787 et
2251 3731 2451 3787 terram
2472 3746 2633 3801 quam
2654 3731 2887 3795 calcant,
2908 3730 3052 3785 inter
3067 3728 3200 3783 deos
3212 3734 3525 3783 numerant.

1946 3822 2057 3878 Nos
2075 3833 2259 3878 autem
2277 3821 2630 3888 invisibilem,
2648 3821 3028 3892 Unigenitum,
3056 3817 3529 3888 incomprehensi-

1945 3912 2135 3979 bilem,
2158 3912 2656 3983 inexcogitabilem,
2689 3911 3007 3981 passibilem
3052 3926 3174 3965 esse
3200 3906 3531 3964 credemus?

1946 4004 2115 4060 absit.
2145 4003 2399 4059 Salvator
2416 4011 2604 4057 noster
2614 4011 2672 4057 et
2685 4001 3039 4068 benefactor;
3073 4017 3144 4056 ne
3169 4001 3249 4056 sic
3264 4006 3528 4070 apostata:

1945 4094 2120 4150 simus
2141 4092 2481 4148 adorationis
2497 4099 2636 4159 tum;
2657 4107 2726 4146 ne
2746 4090 2827 4147 sic
2852 4091 3168 4162 ignoremus
3194 4100 3341 4146 tuam
3360 4098 3526 4143 natu-

1946 4200 2089 4248 ram,
2116 4198 2185 4238 ne
2218 4182 2300 4239 sic
2338 4180 2540 4253 ingrati
2570 4180 2744 4236 simus
2771 4179 2839 4235 de
2886 4179 2998 4234 tuis
3027 4179 3211 4245 donis,
3250 4194 3319 4233 ne
3350 4177 3528 4247 suspi-

1945 4291 2140 4332 cemur
2172 4274 2491 4344 passibilem
2540 4281 2792 4328 nostrum
2836 4271 3209 4336 liberatorem,
3240 4270 3335 4339 qui
3362 4284 3463 4324 nos
3493 4283 3525 4322 e

1944 4366 2301 4438 passionibus
2328 4364 2396 4421 ad
2434 4364 2928 4435 impassibilitatem
2958 4362 3255 4424 transtulit,
3283 4370 3339 4415 et
3364 4360 3525 4414 nobis

1948 4457 2298 4530 passionibus
2323 4455 2578 4511 obnoxiis
2608 4438 3105 4524 impassihilitatem
3142 4450 3376 4519 largitus
3416 4456 3520 4502 est.

1946 4550 2100 4605 Hanc
2132 4554 2189 4603 et
2222 4563 2326 4618 pro
2350 4546 2507 4601 vobis
2556 4546 2883 4616 legationem
2934 4543 3217 4598 aﬂ‘erimus
3243 4541 3354 4595 Deo
3386 4555 3401 4591 :
3432 4539 3522 4593 cui

1945 4641 2117 4714 gloria
2144 4640 2201 4695 in
2231 4638 2449 4695 saicula.
2483 4636 2658 4691 Amen
2678 4682 2694 4698 .

2503 4791 2653 4831 NOTE
2693 4787 2937 4829 GAENERII
2946 4810 2959 4823 .

2023 4867 2279 4924 Homilia.
2311 4865 2454 4933 Quin
2480 4866 2585 4920 ista
2613 4865 2685 4919 sit
2719 4857 3074 4933 Theodoreti,
3102 4859 3299 4933 nullus
3313 4869 3397 4914 est
3421 4857 3523 4911 du-

1951 4938 2163 4996 bitandi
2204 4929 2357 4992 locus
2385 4954 2398 4990 :
2430 4951 2557 4989 nam
2586 4933 2825 4987 refertur
2853 4929 2900 4963 ⁸⁰
2929 4939 2984 4984 et
3012 4929 3067 4983 in
3096 4930 3336 4984 secunda
3371 4936 3521 4998 parte

1950 5009 2171 5066 concilii
2210 5006 2475 5077 Ephesini
2527 5004 2673 5077 inter
2719 5000 3248 5077 actaconciliahuli
3275 5000 3523 5077 Orienta-

1950 5081 2119 5144 lium,
2151 5088 2207 5133 et
2238 5067 2294 5130 in
2320 5094 2354 5130 v
2383 5074 2619 5144 synodo,
2669 5080 2777 5144 act.
2823 5071 2893 5144 5ζ
2909 5071 3004 5125 ubi
3038 5067 3521 5144 instituiturjudi-

1950 5139 2199 5208 cium'de
2229 5139 2563 5201 Theodoreti
2589 5142 2832 5213 scriptis.
2867 5142 3013 5197 Pone
3056 5141 3268 5210 integra
3286 5139 3523 5193 habetur

1925 5322 1955 5352 ιι
1976 5312 2078 5368 lsa.
2122 5325 2230 5377 ιιι,
2261 5308 2316 5375 5,
2351 5307 2384 5362 5
2455 5314 2482 5344 °
2515 5304 2648 5362 ibid.
2676 5304 2731 5371 6,
2758 5304 2811 5361 8.
2922 5312 2950 5353 ιι
2981 5303 3181 5358 Jerem.
3211 5314 3271 5365 ιι,
3306 5298 3391 5364 l2,
3431 5298 3514 5353 i3.

1526 5476 1762 5534 VABIIE
1802 5476 2092 5535 LECTION
2100 5477 2202 5533 ES.

324 5594 372 5627 ⁸⁸
401 5593 538 5667 Nam
585 5596 846 5667 refertur,
878 5602 999 5667 etet.
1032 5594 1385 5667 llis~quidem
1423 5598 1761 5666 argumentis
1810 5612 2001 5667 parum
2037 5596 2322 5667 inniterer.
2373 5593 2599 5667 Constat
2650 5591 2797 5645 enim
2839 5589 2942 5667 alia
2972 5578 3519 5667 _etiam,uqu:esu_b

269 5662 380 5720 ﬁcto
412 5664 597 5738 Cyrilli
647 5654 710 5723 et
760 5654 1095 5722 Theodoreti
1144 5654 1366 5721 nomine
1409 5654 1764 5738 coutempore
1812 5654 2125 5723 icrebantur
2174 5665 2406 5736 scripta,
2459 5664 2664 5718 inserta
2703 5677 2820 5717 esse
2869 5658 3015 5714 Actis
3062 5654 3416 5712 conciliorum
3458 5660 3519 5706 et

262 5737 435 5809 synodi
460 5738 688 5811 quintae.
