3950 6226
250 350 318 411 65
1356 359 1802 421 AUCTARIUM

1911 361 2039 422 -AD
2069 362 2246 424 TOM.
2289 364 2385 425 IV.
2792 378 2795 381 '
3451 370 3544 433 οϐ’
3572 428 3577 431 .

254 464 438 522 Latine
472 475 714 526 tantum.
750 471 868 528 Hos
890 475 1133 545 quinque
1157 474 1330 530 libros
1356 475 1766 531 Theodoretum
1812 476 2034 532 diabolo
2064 478 2358 550 instigante
2394 480 2702 551 scripsisse,
2736 482 2916 553 lepida
2958 491 3044 538 est
3078 483 3233 539 Marii
3261 484 3527 540 Mercato-
3576 542 3579 547 ,

251 563 326 619 ris
342 566 638 632 sententia,
671 583 843 637 quam
883 570 1185 627 defendere
1231 587 1345 627 non
1377 571 1603 627 erubuit
1639 572 1963 639 Garncrius,
2007 590 2133 630 cum
2160 576 2278 631 sine
2316 578 2427 632 ulla
2461 577 2790 647 probatione
2813 587 3172 649 supponeret,
3207 579 3524 634 Theodore-

204 714 207 715 ν
252 663 362 709 tum
390 656 447 711 in
476 657 570 712 his
599 658 765 715 libris
788 659 997 732 Cyrillo
1016 660 1388 717 Alexandrino
1408 672 1465 718 et
1495 662 1752 717 Patribus
1777 663 2073 734 Ephesinis
2100 667 2370 721 maculam
2400 682 2691 738 aspergere
2725 668 2986 724 voluisse.
3023 667 3132 723 Sed
3161 669 3320 739 longe
3355 667 3520 723 aliain

250 749 412 807 fuisse
449 753 746 824 scriptoris
787 756 964 812 nostri
997 766 1257 823 mentem,
1301 757 1463 813 facile
1500 757 1770 829 intelliget
1813 759 1908 828 qui
1952 759 2258 831 fragmenta
2297 763 2398 817 ista
2433 764 2617 819 animo
2651 780 2680 818 a
2727 765 3128 834 praeconceptis
3166 765 3523 835 Opinionibus

180 850 211 911 ,’
251 844 421 900 libero
449 846 675 917 legerit.
715 849 919 904 Parum
951 850 1008 905 in
1041 850 1146 906 hac
1173 868 1393 922 quoque
1417 867 1476 907 re
1497 851 1603 907 sibi
1632 861 1854 907 constat
1883 853 2209 920 Garncrius,
2230 855 2325 924 qui
2351 856 2458 911 alio
2482 856 2604 911 loco
2635 856 2920 928 (Auctarii,
2950 872 3006 926 p.
3030 856 3136 911 256
3160 856 3294 911 edit.
3321 856 3520 927 Paris.)

181 938 187 959 '
249 937 457 1003 statuit,
492 938 677 995 libros
714 940 794 995 De
822 940 1085 1013 theologia
1114 951 1172 997 et
1198 941 1276 996 De
1314 944 1708 1009 incarnatione,
1751 959 1989 1013 quorum
2022 944 2406 1001 Theodoretus
2432 947 2488 1000 in
2527 947 2772 1017 Epistola
2811 947 2879 1001 ad
2913 946 3154 1000 Leonem
3182 948 3520 1002 mentionem

249 1025 392 1093 fecit,
418 1033 655 1088 eosdem
680 1051 806 1094 esse
830 1039 1098 1111 dialogos,
1134 1041 1230 1111 qui
1262 1040 1564 1096 Athanasio
1598 1041 1667 1097 ab
1689 1042 1811 1097 aliis
1843 1057 2131 1112 perperam
2158 1042 2501 1097 tribuuntur.
2535 1041 2766 1096 Mutavit
2798 1051 2980 1096 autem
3005 1040 3362 1103 sententiam,
3392 1054 3520 1094 cum

249 1119 302 1175 iu
328 1126 709 1195 conjecturam
761 1130 1059 1197 incideret,
1111 1132 1227 1188 haec
1276 1133 1583 1205 fragmenta
1625 1142 1839 1204 partem
1884 1132 2222 1188 constituere
2243 1132 2453 1188 codicis
2492 1131 2898 1202 quadragesimi
2934 1130 3095 1196 sexti,
3123 1145 3289 1200 quem
3312 1128 3447 1199 legit
3464 1134 3522 1181 et

249 1210 533 1284 descripsit
584 1219 844 1276 Photius.
896 1220 1086 1277 Simile
1117 1224 1343 1293 quidem
1383 1233 1769 1295 argumentum
1804 1241 1898 1280 sex
1936 1225 2186 1295 priorum
2229 1224 2363 1279 dicti
2397 1224 2607 1279 codicis
2639 1223 2906 1278 librorum
2951 1222 3121 1276 fuisse
3148 1220 3389 1283 videtur,
3422 1218 3521 1274 sed

251 1320 455 1373 vereor,
504 1325 579 1365 ne
634 1313 795 1384 justo
840 1316 1109 1371 audacius
1134 1317 1365 1387 vestigia
1396 1317 1498 1371 ista
1528 1325 1851 1387 persecutus
1876 1316 1948 1372 sit
1979 1317 2301 1381 Garuerius,
2334 1324 2430 1371 aut
2465 1316 2650 1386 potius
2676 1315 2878 1370 Marius
2899 1313 3187 1377 Mercator,
3217 1326 3382 1382 quem
3411 1312 3519 1367 du-

248 1410 354 1452 cem
385 1399 605 1456 habuit.
638 1404 891 1475 Uterque
920 1406 1069 1462 enim
1095 1406 1305 1477 absque
1330 1408 1443 1463 ulla
1478 1408 1821 1463 haesitatione
1849 1408 1981 1463 huic
2011 1408 2094 1464 vel
2128 1408 2208 1462 illi
2245 1407 2554 1479 fragmento
2594 1408 2778 1463 locum
2827 1405 3151 1477 assignavit,
3174 1415 3233 1460 et
3262 1404 3414 1468 libri,
3449 1404 3518 1460 ad

247 1504 393 1559 quem
419 1492 620 1549 referri
649 1497 882 1563 debeat,
915 1515 1206 1554 numerum
1234 1501 1509 1571 ascripsit.
1537 1501 1649 1556 Nec
1688 1501 1965 1559 dubitavit
1993 1502 2294 1557 Garuerius
2330 1502 2417 1557 bis
2446 1501 2768 1571 fragmentis
2792 1500 3012 1555 titulum
3048 1497 3351 1569 Pentalogii
3380 1497 3518 1569 adji-

249 1594 374 1647 cere,
410 1586 516 1639 etsi
547 1604 649 1642 sex
678 1588 902 1644 fuerint
938 1591 1069 1645 libri
1122 1592 1288 1664 huius
1322 1594 1654 1664 argumenti,
1686 1610 1826 1664 quos
1850 1595 1907 1649 in
1952 1595 2144 1651 codice
2187 1610 2289 1651 suo
2323 1610 2383 1651 se
2409 1595 2607 1665 legisse
2634 1601 2870 1650 testatur
2903 1591 3155 1649 Photius.
3188 1590 3246 1647 Si
3267 1590 3403 1662 quid
3431 1606 3521 1645 er-

247 1679 405 1727 ratum
435 1675 530 1741 sit,
570 1679 811 1748 culpam
843 1694 1064 1735 omnem
1092 1682 1358 1737 transfert
1384 1682 1441 1737 in
1466 1684 1746 1749 Photium,
1772 1701 1936 1754 quem
1964 1685 2100 1740 dicit
2128 1702 2297 1740 unum
2326 1686 2525 1740 horum
2559 1685 2827 1740 librorum
2858 1685 2913 1739 in
2943 1685 3082 1741 duos
3101 1682 3435 1740 dissolvisse.
3459 1680 3517 1736 Si

238 1759 298 1819 ita
310 1767 559 1837 judicare
602 1773 1000 1830 liceatcodiee
1030 1791 1141 1830 non
1174 1777 1442 1848 inspecto,
1467 1793 1598 1834 sane
1641 1786 1824 1834 actum
1862 1788 2011 1835 esset
2036 1780 2106 1835 de
2157 1780 2336 1836 Photii
2371 1780 2503 1835 ﬁde.
2547 1778 2656 1835 Sed
2699 1779 3007 1836 rectissime
3054 1774 3515 1839 Montfauconius,

231 1869 278 1913 ut
312 1862 474 1917 animi
529 1865 849 1921 levitatem
898 1867 955 1922 in
982 1867 1251 1925 Garnerio
1287 1872 1426 1929 adeo
1471 1874 1831 1943 conspicuam
1881 1883 2161 1944 argueret,
2214 1873 2381 1929 simili
2407 1875 2700 1930 occasione
2737 1874 2976 1940 monuit,
3007 1874 3100 1928 vix
3140 1871 3295 1928 credi
3328 1880 3514 1941 posse.

213 1951 468 2022 Photium,
510 1954 575 2011 in
622 1957 949 2014 codicibus
992 1964 1414 2033 pertractandis,
1450 1966 1495 2021 si
1532 1967 1660 2038 quis
1705 1981 1949 2037 unquam
1975 1966 2141 2033 alius,
2168 1968 2631 2035 versutissimum,
2681 1982 2876 2023 errore
2923 1967 3139 2038 lapsum
3188 1977 3332 2021 esse.

3174 2181 3476 2205 -..ἡ

208 2172 2480 2208 D————————————-——-—-———————___._—_'__—_—_—___

1332 2340 2354 2459 ΘΕΟΔΩΡΗΤΟΥ

740 2580 1558 2670 ΠΕΝΤΑΛΟΓΙΟΝ
1630 2584 1891 2671 ΠΕΡΙ
1961 2585 2965 2677 ΕΝΑΝΘΡΩΠΗΣΕΩΣ.

881 2923 1802 3040 ΤΗΕΟΒΟΒΕΤΙ

1911 2919 2687 3037 PENTALOGI
2711 2920 2907 3038 UM

1490 3146 1586 3205 DE
1626 3143 2226 3205 INCARNATIONE.

255 3439 418 3494 ‘ma
446 3441 572 3511 μὴν
602 3435 909 3507 οἰκτείρας
929 3437 959 3489 6
985 3436 1219 3508 Ποιητής
1246 3437 1345 3509 τὴν
1382 3439 1589 3492 οἰκείαν
1617 3440 1802 3494 εἰκόνα

1982 3440 2141 3512 116
2152 3440 2446 3496 Enimvero
2468 3439 2762 3496 miseratus
2776 3439 3005 3497 Creator
3025 3439 3315 3511 imaginem
3339 3455 3496 3495 suam

197 3531 627 3604 πολεμουμένην
669 3530 776 3583 καὶ⁵
820 3527 1037 3600 θανάτῳ
1077 3531 1616 3601 παραπεμπομὲνην,
1649 3531 1802 3586 5x1;-

1916 3532 1985 3589 ab
2035 3534 2193 3588 hoste
2239 3532 2496 3587 afﬂictam
2544 3532 2819 3602 mortique
2853 3531 3130 3586 addictam
3165 3548 3178 3585 :
3210 3530 3495 3586 Inclinavit

201 3637 294 3675 rer
313 3621 641 3690 οὐρανοὺς
667 3619 781 3674 καὶ
810 3619 1033 3688 κατέϐη
1054 3637 1067 3651 ·
1094 3621 1154 3674 οὒ
1180 3620 1343 3674 τόπον
1380 3621 1618 3691 ἀμείψας
1647 3621 1802 3694 (πλη-

1912 3624 2087 3688 caelos,
2116 3632 2166 3678 et
2211 3624 2475 3679 descendit
2503 3635 2559 3690 I;
2610 3639 2722 3677 non
2765 3622 2989 3693 quidem
3025 3622 3206 3677 locum
3238 3631 3493 3686 mutans,

212 3715 281 3781 poi
302 3713 500 3784 γὰρ-σὰ
520 3712 906 3783 σύμπαντα),
937 3711 1072 3766 ἀλλὰ
1100 3712 1465 3780 συγκαταϐὰς.
1492 3714 1802 3769 Κατὰϐασιν

1911 3730 2037 3771 cum
2061 3715 2285 3785 impleat
2308 3715 2513 3780 omnia,
2544 3714 2639 3769 sed
2663 3713 3131 3769 condescendens.
3160 3714 3495 3768 Descensum

216 3807 310 3876 γὰρ
343 3808 594 3878 νοοῦμεν
661 3806 770 3877 τὴν
814 3806 1246 3875 συγκατάσασιν.
1303 3808 1416 3861 Καὶ
1473 3808 1802 3880 παρθενικὴν

1911 3806 2113 3876 quippe
2144 3806 2500 3873 intelligimus
2524 3804 2979 3860 condescensum.
3013 3804 3081 3858 Et
3108 3806 3286 3859 electo
3320 3803 3493 3875 virgi~

218 3896 364 3964 νηδὺν
392 3896 783 3967 ἐκλεξάμενος
820 3896 992 3968 κόρης
1020 3898 1179 3967 ἁγίας
1217 3898 1312 3952 καὶ
1340 3898 1590 3969 εὐσεϐείᾳ
1620 3916 1808 3953 συντε-

227 3985 560 4060 θραμμένης,
591 3989 667 4042 δι’
700 3989 1003 4060 ἁγγελικῆς
1042 3993 1225 4062 φωνῆς
1254 3992 1682 4062 προμηνυσάσης
1713 3993 1806 4046 τὸν

222 4075 386 4142 τόκον,
442 4080 546 4132 καὶ
594 4079 703 4148 τῆς
754 4079 1065 4151 συλλήψεως
1106 4081 1526 4152 ὲρμηνευσάσης
1585 4083 1675 4136 τὸν
1715 4084 1807 4136 ἀν-

224 4169 549 4238 ερμήνευτον
584 4169 816 4240 τρόπον,
844 4173 941 4224 καὶ
980 4171 1080 4239 τῆς
1111 4172 1380 4243 παρθένου
1419 4172 1512 4226 τὸν
1542 4173 1704 4244 φόϐον
1738 4176 1802 4246 τῇ

222 4257 483 4332 ἑρμηνείᾳ
500 4260 777 4331 λυσάσης,
806 4262 1154 4327 είσοικίζεταί
1171 4281 1231 4317 τε
1259 4265 1353 4318 καὶ
1380 4264 1505 4318 ναὸν
1530 4265 1677 4337 αὐτῷ
1706 4284 1805 4320 κα-

219 4351 572 4417 τασκευάζει,
606 4351 710 4405 καὶ
741 4353 842 4422 τὴν
877 4353 1154 4425 ἄσπαρτον
1205 4356 1299 4409 καὶ
1351 4356 1613 4428 ἁνήροτον
1672 4373 1805 4429 σκη-

216 4440 314 4509 νὴν
337 4444 353 4474 ¹
386 4443 739 4498 διαπλάττει.

296 4535 527 4607 Ἐπειδὴ
575 4537 673 4591 καὶ
715 4539 745 4590 ὁ
788 4537 1003 4609 πρῶτος
1048 4537 1356 4610 ἄνθρωπος,
1391 4540 1420 4593 6
1457 4541 1521 4610 τῇ
1558 4539 1804 4612 ἁμαρτίᾳ

210 4626 436 4699 πρῶτος
478 4628 805 4694 δουλεύσας,
852 4629 1080 4700 ἀπάτωρ
1137 4630 1422 4699 ἐτύγχανε,
1489 4631 1699 4702 μητέρα
1745 4632 1803 4685 δὲ

1907 3897 2020 3952 nali
2046 3906 2205 3953 utero
2231 3898 2425 3967 puellae
2448 3904 2653 3952 sanctae
2687 3895 2990 3966 pietatique
3020 3894 3327 3960 innutrita,
3355 3909 3492 3949 voce

1909 3988 2153 4059 angelica
2193 3998 2409 4057 partum
2448 3986 2873 4058 praznunliante,
2923 3984 3259 4055 modumque
3286 4001 3484 4043 conce-

1907 4079 2115 4158 ptionis
2148 4078 2483 4134 ineffabilem
2520 4078 2938 4148 interpretante,
2981 4083 3145 4146 atque
3179 4077 3281 4131 hac
3314 4076 3490 4147 expli-

1907 4169 2125 4223 catione
2157 4177 2366 4222 metum
2399 4168 2630 4239 virginis
2662 4167 2930 4230 solvente,
2963 4165 3290 4237 ingreditur,
3327 4180 3394 4220 ac
3416 4165 3491 4220 si-

1907 4258 2079 4315 bimet
2113 4267 2385 4330 praeparat
2420 4261 2680 4329 templum
2703 4299 2718 4324 ,
2758 4258 3020 4330 fingitque
3050 4258 3487 4324 tabernaculum,

1907 4367 2085 4422 neque
2113 4362 2311 4417 satum,
2338 4366 2518 4421 neque
2546 4359 2781 4406 aratum.

1974 4532 2245 4600 Quoniam
2284 4548 2417 4588 vero
2447 4533 2602 4604 prior
2633 4534 2821 4600 homo,
2864 4533 2959 4604 qui
3002 4534 3214 4604 primus
3260 4543 3485 4602 peccato

1904 4626 2155 4692 servivit,
2202 4626 2322 4682 sine
2354 4636 2512 4697 patre
2547 4626 2781 4691 exstitit,
2825 4627 3106 4694 solamque
3139 4632 3343 4679 terram
3383 4624 3483 4678 ha-

213 4716 388 4786 μόνην
444 4712 563 4788 εἶχε
623 4718 725 4789 τὴν
773 4717 912 4787 γῆνο
950 4719 1163 4772 Ἕλαϐε
1197 4718 1327 4789 γὰρ,
1365 4718 1552 4789 φησὶν,
1587 4722 1619 4773 ό
1657 4720 1802 4786 Θεὸς

1911 4716 2026 4772 buit
2050 4733 2151 4788 pro
2185 4724 2358 4773 matre
2387 4736 2399 4771 :
2431 4718 2639 4789 Accepit
2671 4719 2810 4771 enim
2846 4717 2987 4769 Deus
3025 4714 3193 4768 lutum
3222 4716 3286 4768 de
3315 4722 3481 4780 terra,

391 4783 531 4863 ἀπὸ.
553 4783 845 4878 τῆς-γῆξξ
890 4809 987 4863 καὶ
1025 4783 1281 4863 εειὼέ
1429 4783 1798 4877 ⁷ἄνθρωποί·

1911 4817 1960 4863 et
1991 4783 2235 4879 formavit
2264 4811 2526 4864 hominem
2558 4783 2621 4874 1ut;
2658 4809 2803 4863 unde
2832 4815 2887 4861 et
2916 4806 3111 4860 beatus
3143 4806 3348 4861 Paulus
3366 4806 3479 4860 ait:

204 4898 289 4951 διὸ
318 4901 427 4953 καὶ
465 4902 494 4953 6
541 4899 818 4970 μακάριος
856 4898 1067 4964 Παῦλός
1106 4914 1298 4968 φησιν·
1347 4899 1409 4951 ’0
1441 4898 1672 4966 πρῶτος
1699 4899 1803 4952 ἅν-

203 4992 449 5055 θρωπος
479 4992 553 5045 ἐκ
599 4990 717 5061 τῆς
765 4991 999 5059 χοῖκός’
1033 4991 1224 5044 τούτου
1261 4990 1419 5060 χάριν
1452 4992 1479 5043 ό
1508 4990 1801 5062 μονογενὴς

201 5079 305 5133 τοῦ
340 5082 483 5134 Θεοῦ
512 5082 690 5150 Λόγος
718 5084 783 5134 ἐκ
811 5080 1091 5152 Παρθένου
1127 5081 1292 5151 μόνης
1315 5081 1415 5143 τὰς
1453 5080 1555 5150 τῆς
1579 5080 1800 5134 διαπλά-

202 5188 349 5236 σεως
404 5172 587 5227 λαϐὼν
653 5172 935 5243 ἀφορμὰς,
985 5173 1081 5227 καὶ
1135 5173 1311 5242 τούτῳ
1353 5171 1431 5242 τῷ
1472 5172 1658 5242 τρόπῳ
1708 5172 1799 5225 τὸν

201 5265 568 5337 ἀγεώργητον
622 5265 752 5319 ναὸν
800 5265 1236 5336 δημιουργήσας,
1288 5264 1384 5317 καὶ
1450 5264 1627 5335 ἐαυτῷ
1675 5280 1798 5317 συν-

203 5354 374 5421 άψεις,
405 5358 653 5429 πρόεισιν
709 5359 779 5411 ἐκ
835 5356 939 5426 τῆς
994 5356 1295 5425 Παρθένου,
1338 5354 1438 5426 τὴν
1463 5355 1796 5428 παρθενικὴν

274 5525 299 5554 ⁸
321 5515 464 5572 Psal.
496 5534 621 5584 ιιι-ιι,
658 5516 749 5573 10.
823 5514 855 5555 ι’
895 5512 1035 5569 Gen.
1063 5528 1121 5578 ιι,
1146 5511 1197 5565 7.
1277 5522 1299 5551 ο
1328 5510 1500 5566 lCor.
1531 5527 1619 5576 xv,
1650 5513 1737 5566 47.

1907 4900 2120 4955 Primus
2150 4901 2301 4955 homo
2332 4901 2394 4953 de
2418 4910 2563 4954 terra
2593 4907 2831 4952 terrenus
2864 4908 2884 4936 ο
2913 4914 2927 4963 ;
2965 4896 3090 4951 ideo
3136 4898 3481 4969 unigenitum

1906 4990 2004 5045 Dei
2052 4990 2314 5056 Verbum,
2369 4989 2666 5059 assumptis
2710 5004 2777 5043 ex
2824 4988 3047 5059 Virgine
3098 4989 3212 5043 sola
3272 4998 3482 5044 natum

1906 5083 2219 5155 principiis,
2261 5091 2549 5153 postquam
2598 5084 2858 5153 templum
2906 5098 3017 5137 non
3056 5097 3220 5136 manu
3274 5081 3479 5137 factum

1905 5177 2154 5246 perfecit,
2188 5175 2402 5244 sibique
2431 5174 2725 5244 copulavit,
2764 5174 2967 5244 prodiit
3003 5188 3071 5227 ex
3110 5172 3350 5243 Virgine,
3389 5187 3481 5226 zo-

1904 5283 2031 5321 nam
2062 5267 2386 5337 virginalem
2428 5282 2606 5336 neque
2637 5264 2995 5334 conceptione
3032 5262 3269 5326 solvens,
3297 5274 3476 5329 neque

1904 5357 2258 5429 generatione
2293 5357 2648 5431 ditl‘ringens,
2685 5356 2781 5412 sed
2822 5356 3193 5426 incorruptam
3227 5364 3473 5416 servans,

1502 5644 1737 5700 \‘ARIAS
1778 5644 2170 5704 LECTIONES.

273 5795 289 5828 ‘
315 5796 412 5871 τήν
439 5799 574 5856 dan.
611 5796 711 5852 καὶ
743 5795 839 5847 ἀν.
878 5803 972 5842 σκ.
1002 5784 1060 5842 ld
1096 5794 1198 5851 est,
1241 5784 1361 5839 sine
1387 5782 1493 5838 viri
1518 5798 1705 5855 opera.
1739 5782 1906 5840 Cum.
