3950 6226
479 345 546 407 6',‘
1670 338 1984 397 OPERUM
2032 338 2519 399 TIIEODORETI
3665 342 3740 402 68

480 458 945 530 atque’intaetam,
974 470 1229 526 magnum
1260 450 1396 509 illud
1421 461 1477 506 et
1513 449 1796 504 ineffabile
1825 451 2061 503 miracu-

2169 451 2341 521 ζώνην
2371 452 2431 504 ού
2468 455 2534 523 τῇ
2587 452 2845 521 συλλήψει
2897 453 3085 517 λύσας,
3118 454 3178 507 οὐ
3208 455 3272 524 τῇ
3306 453 3558 523 γεννήσει
3584 452 3742 524 διαρ-

480 553 592 606 lum
619 552 870 621 patravit.

545 841 797 911 Magnum
822 839 1104 894 enimvero
1129 844 1187 890 et
1221 833 1782 905 incomprehensibile
1817 835 2054 889 miracu-

476 932 615 994 lum,
655 944 985 999 omnemque
1014 927 1232 982 dicendi
1273 926 1590 981 facultatem
1624 926 1930 980 excedens!
1964 927 2055 981 Vi-

477 1027 606 1080 dere
658 1038 935 1078 racemum
973 1037 1041 1076 ex
1088 1029 1232 1074 terra
1276 1019 1396 1074 sine
1441 1018 1760 1089 palmitibus
1800 1026 2051 1084 enatum;

475 1117 810 1171 frumentum
853 1114 972 1169 sine
1026 1120 1272 1166 semente
1322 1111 1687 1181 productum;
1741 1117 2054 1164 contextam

475 1208 591 1262 sine
618 1206 724 1260 illis
760 1222 822 1261 ac
853 1205 1111 1259 manibus
1140 1202 1391 1257 textoriis
1412 1209 1655 1267 vestem;
1700 1215 1902 1270 panem
1942 1214 2054 1253 non

473 1299 638 1363 mola,
688 1298 842 1373 117
894 1312 1004 1349 non
1047 1294 1326 1357 manibus,
1366 1308 1477 1346 non
1519 1291 1643 1362 igne
1672 1289 1908 1354 factum,
1959 1289 2057 1344 sed

471 1390 828 1445 ineﬂ'abiliter
859 1404 927 1442 ex
944 1387 1139 1441 farinis
1167 1383 1532 1455 virginalibus
1565 1382 1934 1446 elaboratum,
1960 1381 2056 1450 qui

474 1490 652 1537 totum
692 1488 965 1534 terrarum
1004 1478 1192 1532 orbem
1228 1476 1538 1531 abscondit.
1592 1474 1674 1529 Ad
1705 1473 1850 1538 haec,
1888 1473 2058 1543 virgi-

470 1589 601 1627 nem
654 1572 877 1642 proprio
926 1569 1038 1623 tilio
1083 1584 1346 1623 mammas
1383 1568 1741 1638 praebentem,
1792 1565 2060 1635 lactisque

474 1662 653 1717 fontes
720 1667 1123 1731 suggerentem,
1159 1658 1271 1711 imo
1307 1666 1363 1710 et
1412 1668 1643 1711 matrem
1693 1654 1890 1708 factam
1952 1653 2063 1707 vir-

474 1752 702 1822 ginitate
766 1751 968 1815 illaesa;
1021 1756 1255 1804 matrem
1301 1747 1497 1803 factam
1550 1744 1885 1801 matrimonii
1941 1744 2058 1815 lege

461 1854 590 1899 ‘non
661 1851 942 1911 suscepta;
1008 1848 1279 1905 matrem,
1342 1840 1542 1893 factam
1589 1853 1716 1892 eum
1781 1836 2052 1901 nesciret,

472 1934 750 2005 quomodo
801 1934 872 1988 sit
923 1942 1129 1998 mater;
1184 1939 1417 1986 matrem
1464 1932 1686 1991 factam,
1737 1943 1862 1984 cum
1903 1928 2059 1996 prius

476 2045 615 2084 uxor
661 2045 770 2083 non
833 2028 1060 2095 fuisset,
1130 2028 1224 2082 sed
1289 2028 1344 2081 in
1398 2025 1712 2096 virginitate
1783 2031 2056 2077 tumorem

474 2122 681 2179 ventris
723 2129 1047 2185 ostentaret,
1104 2128 1160 2174 et
1209 2119 1377 2174 ferret
1420 2118 1676 2173 manibus
1712 2115 1975 2178 fructum,
2002 2122 2060 2168 et

473 2228 597 2282 quae
624 2221 753 2267 sunt
779 2211 968 2265 matris
997 2217 1205 2279 ageret,
1243 2210 1261 2228 ’
1298 2209 1444 2263 salva
1475 2207 1827 2277 virginitate;
1860 2216 1918 2260 et
1948 2206 2060 2259 vir—

474 2304 657 2374 ginem
684 2302 905 2372 quidem
943 2308 1213 2363 vocatam,
1241 2314 1361 2368 quae
1399 2306 1573 2352 mater
1596 2304 1775 2363 esset;
1828 2305 2058 2351 matrem

474 2409 629 2459 vero,
649 2407 769 2463 quae
796 2392 985 2461 virgo:
1011 2399 1173 2460 atque
1199 2390 1273 2444 ita
1298 2389 1573 2444 contraria
1597 2388 1840 2454 nomina,
1859 2402 2057 2456 resque

476 2486 736 2540 adversas
769 2484 933 2538 simul
958 2483 1301 2539 conciliaret.

546 2638 797 2693 Humana
826 2644 1022 2691 natura
1057 2642 1332 2704 assumpta
1367 2632 1552 2705 (Deus)
1582 2631 1876 2704 imaginem
1901 2647 2056 2687 suam

477 2738 707 2786 renovat
746 2738 973 2800 peccato
1002 2737 1349 2798 corruptam;
1391 2735 1446 2781 et
1474 2726 1828 2781 simulacrum
1856 2724 2057 2793 nequi-

479 2820 567 2875 tia:
626 2819 880 2889 rubigine
939 2819 1307 2873 inveteratum
1359 2823 1666 2880 restaurat,
1724 2814 2056 2884 exhibetque

477 2909 763 2964 venustius
786 2909 995 2979 priore;
1029 2908 1140 2963 non
1179 2922 1245 2961 ex
1283 2913 1451 2971 terra,
1483 2912 1542 2960 ut
1575 2905 1737 2970 olim,
1769 2905 1875 2958 hoc
1895 2902 2059 2958 reﬁn-

477 3018 631 3075 gens,
667 3002 765 3057 sed
813 3000 947 3055 illud
978 3001 1093 3071 ipse
1120 3014 1431 3065 assumens;
1465 3013 1568 3052 nec
1605 3006 1788 3052 tamen
1815 2997 2054 3051 divinam

478 3108 727 3155 naturam
763 3097 819 3151 in
858 3096 1156 3157 humanam
1189 3101 1547 3157 convertens,
1582 3090 1679 3146 sed
1719 3104 1843 3145 cum
1871 3090 2058 3144 divina

478 3192 776 3245 humanam
817 3195 1153 3243 connectens
1195 3202 1209 3239 :
1261 3200 1489 3240 manens
1537 3184 1685 3239 enim
1726 3184 1873 3254 quod
1917 3192 2056 3249 erat,

479 3277 778 3345 assumpsit
812 3275 958 3345 quod
991 3290 1104 3328 non
1140 3282 1278 3328 erat.
1308 3266 1447 3328 Cum
1471 3281 1620 3328 esset
1654 3272 1711 3327 in
1733 3272 1910 3327 forma
1934 3272 2053 3338 Dei,
2096 3298 2104 3303 -

480 3367 625 3424 servi
665 3368 918 3431 formam,
956 3365 1009 3419 id
1042 3372 1145 3429 est,
1177 3365 1470 3418 essentiam
1498 3364 1743 3433 accepit;
1778 3366 1834 3418 in
1863 3363 2051 3418 simili-

480 3459 660 3514 tudine
690 3458 913 3511 hominis
949 3456 1138 3525 factus,
1162 3462 1211 3507 et
1240 3454 1421 3508 habitu
1451 3455 1712 3519 inventus,
1744 3464 1801 3508 ut
1830 3454 2055 3519 Izomod,

479 3551 608 3622 quia
641 3549 745 3604 etsi
792 3556 1035 3603 nostram
1078 3555 1333 3600 naturam
1369 3545 1628 3611 haberet,
1679 3561 1791 3600 non
1831 3554 1951 3600 erat
1982 3553 2060 3599 ta-

482 3659 607 3697 men
640 3640 790 3695 omni
826 3654 893 3693 ex
919 3646 1074 3708 parte
1108 3637 1270 3690 nobis
1298 3635 1515 3690 similis.
1547 3636 1747 3691 Sumus
1770 3638 1914 3690 enim
1946 3636 2057 3690 nati

482 3752 549 3791 ex
589 3734 841 3798 muliere,
882 3737 1044 3785 natus
1069 3737 1123 3785 et
1146 3730 1284 3799 ipse,
1316 3728 1410 3783 sed
1436 3744 1545 3782 non
1571 3728 1824 3783 similiter
1847 3737 1907 3782 ut
1937 3743 2058 3794 nos,

481 3840 609 3881 cum
650 3839 718 3878 ex
747 3822 870 3877 alvo
908 3818 1162 3890 virginali
1196 3818 1488 3888 prodierit.
1536 3817 1824 3872 Perfectus
1854 3826 1936 3872 est
1962 3818 2062 3872 ho-

483 3932 594 3980 mo,
622 3913 785 3969 sicuti
812 3927 943 3977 nos;
982 3910 1075 3965 sed
1110 3908 1302 3962 habuit
1331 3908 1620 3978 plusquam
1648 3922 1749 3962 nos
1770 3907 1866 3962 Dei
1895 3906 2058 3964 Verbi

487 4005 942 4062 inhabitationem
980 4010 1035 4056 et
1069 4000 1364 4056 unionem:
1406 4000 1567 4069 118
1615 4012 1837 4053 carnem
1868 3997 2063 4053 habuit

487 4099 759 4153 viventem
791 4102 846 4150 et
885 4093 1229 4156 rationalem,
1266 4090 1497 4161 perinde
1536 4106 1599 4146 ac
1634 4104 1767 4155 nos;
1802 4089 1897 4143 sed
1933 4104 2059 4158 pec-

481 4187 591 4243 cati
635 4193 817 4240 motus
871 4200 984 4237 non
1018 4182 1300 4247 sustinuit,
1336 4182 1479 4235 sicut
1525 4194 1662 4245 nos;
1708 4180 1818 4233 imo
1848 4178 1903 4232 in
1938 4194 2060 4233 cor-

484 4294 638 4352 pore,
663 4276 809 4348 quod
843 4274 1264 4345 oppugnabatur
1289 4287 1319 4326 a
1350 4280 1596 4342 peccato,
1634 4270 1845 4341 peccati
1874 4277 2057 4341 tyran—

484 4371 668 4430 nidem
694 4368 964 4425 dissolvit.

550 4546 725 4601 Porro
749 4551 932 4597 autem
966 4541 987 4573 '
1021 4539 1237 4611 proﬁcit
1267 4548 1426 4595 aetate
1459 4538 1681 4608 quidem
1726 4551 1944 4607 corpus,
1978 4550 2064 4590 sa—
2091 4524 2140 4582 ί)

485 4632 691 4705 pientia
725 4649 856 4688 vero
903 4632 1119 4686 animus
1149 4641 1174 4669 θ
1216 4646 1229 4683 :
1276 4645 1455 4699 neque
1491 4628 1640 4682 enim
1672 4626 1845 4680 ullum
1882 4626 2063 4680 incre-

486 4735 733 4781 mentum
789 4725 1049 4781 divinitas
1108 4722 1391 4778 admittit:
1430 4737 1557 4775 nam
1604 4719 1753 4773 omni
1797 4735 1864 4774 ex
1909 4727 2064 4790 parte

487 4814 788 4888 perfectum
827 4823 913 4869 est
947 4815 1041 4869 Dei
1075 4813 1350 4871 Verbum;
1381 4811 1772 4866 convenienter
1817 4825 1948 4864 vero
1975 4825 2064 4865 sa-

487 4905 708 4978 pientiae.
754 4905 1159 4958 incrementum
1207 4902 1491 4973 conjunxit
1538 4901 1908 4973 (evangelista)
1941 4916 2066 4956 cum

485 4996 663 5051 :etatis
720 5002 1050 5065 augmento:
1086 4994 1356 5064 siquidem
1401 4994 1467 5048 ad
1515 5009 1830 5049 mensuram
1887 4993 2063 5048 aetatis

487 5084 737 5156 corporis
799 5098 956 5141 suam
1009 5084 1195 5139 divina
1264 5093 1457 5139 natura
1520 5084 1845 5155 sapientiam
1904 5099 2065 5138 τογε-

489 5177 642 5230 lavit.

559 5268 796 5324 Omnino
850 5265 1067 5323 Gabriel
1104 5270 1126 5299 δ
1154 5282 1278 5322 cum
1308 5267 1517 5338 Virgini
1570 5267 1755 5323 laetum
1808 5267 2062 5321 nuntium

556 5402 582 5442 ιι
606 5402 841 5473 Philipp.
878 5418 936 5469 ιι,
965 5402 1017 5467 6,
1049 5402 1101 5458 7.
1178 5415 1201 5443 ε
1232 5404 1362 5460 Luc.
1387 5421 1443 5471 ιι,
1474 5405 1527 5469 5,
1558 5403 1611 5458 2.

2159 541 2349 613 ῥήξας,
2383 544 2496 597 ἀλλ’
2553 546 2828 614 ἀκήρατον
2894 546 2990 599 καὶ
3045 545 3326 612 ἀνέπαφον
3378 544 3738 614 διαφυλάξας,

2155 636 2248 688 καὶ
2292 635 2352 687 τὸ
2402 635 2544 705 μέγα
2577 635 2736 688 τοῦτο
2792 636 2886 690 καὶ
2947 637 3185 708 ἄρρητον
3236 635 3741 706 θαυματουργήσας

2154 725 2356 796 θαῦμα.

2225 822 2386 889 Μέγα
2428 821 2541 893 γὰρ
2591 821 2667 893 τῷ
2707 821 2823 876 ὄντι
2865 821 2958 875 καὶ
2998 821 3383 891 ἀκατάληπτον
3434 819 3530 872 καὶ
3576 819 3737 886 λόγου

2155 912 2386 983 δύναμιν
2435 913 2782 985 ὑπερϐαἶνον,
2817 913 3013 986 βότρυν
3051 913 3181 967 ἰδεῖν
3213 914 3277 966 ὲκ
3305 913 3408 981 γῆς
3440 911 3568 964 ἄνευ
3601 913 3739 980 κλη-

2158 1006 2345 1075 μάτων
2376 1005 2775 1076 βλαστήσαντα,
2810 1011 2955 1060 σῖτον
2989 1006 3119 1061 ἄνευ
3176 1005 3507 1075 σπερμάτων
3540 1001 3739 1070 φύντα,

2157 1097 2360 1166 χιτῶνα
2390 1098 2645 1167 νημάτων
2678 1099 2847 1169 χωρὶς
2882 1099 2974 1152 καὶ
3018 1096 3217 1168 χειρῶν
3256 1094 3566 1164 ὑφαντικῶν
3599 1094 3743 1161 ὑφα-

2160 1185 2376 1255 σμένον,
2407 1186 2571 1257 ἄρτον
2610 1186 2670 1239 οὐ
2719 1186 2861 1259 μύλῃ
2904 1187 2997 1239 καὶ
3026 1186 3182 1256 χερσί
3210 1184 3304 1239 καὶ
3328 1185 3461 1254 πυρὶ
3481 1183 3745 1251 δημιουρ-

2158 1275 2414 1346 γηθέντα,
2477 1276 2593 1330 ἀλλ’
2644 1278 2902 1347 ἀρρήτως
2959 1278 3020 1341 ἐξ
3078 1276 3323 1346 ἀλεύρων
3386 1273 3743 1346 παρθενικῶν

2159 1369 2545 1438 γεγενημένον,
2587 1370 2681 1423 καὶ
2715 1368 2811 1438 τὴν
2858 1370 3187 1439 οἰκουμένην
3215 1367 3566 1436 καλύψαντα·
3601 1364 3745 1435 πρὸς

2160 1460 2215 1512 δὲ
2247 1458 2480 1525 τούτοις,
2543 1460 2812 1532 παρθένον
2859 1460 3043 1530 οἰκείῳ
3097 1458 3286 1530 βρέφει
3318 1458 3486 1528 θηλὴν
3512 1455 3744 1528 ὀρέγου-

2163 1570 2284 1615 σαν,
2316 1553 2410 1605 καὶ
2445 1551 2716 1621 γάλακτος
2754 1550 3098 1621 χορηγοῦσαν
3145 1549 3350 1618 πηγάς,
3390 1549 3484 1602 καὶ
3523 1547 3747 1618 μητέρα.
3778 1588 3788 1599 .

2161 1643 2462 1713 γενομένην
2526 1642 2952 1714 πεφυλαγμένης
2995 1643 3094 1713 τῆς
3147 1641 3466 1712 παρθενίας,
3527 1638 3746 1709 μητέρα

2160 1736 2462 1806 γενομένην
2506 1734 2603 1805 τὴν
2651 1736 2829 1805 γάμου
2888 1735 3049 1805 νόμον
3078 1735 3139 1788 ού
3168 1732 3487 1803 δεξαμένην,
3529 1728 3746 1799 μητέρα

2163 1826 2462 1898 γενομένην
2492 1826 2585 1897 τὴν
2622 1824 2737 1888 πῶς
2765 1825 2973 1894 γίνεται
3006 1826 3189 1896 μήτηρ
3221 1826 3320 1878 οὐκ
3343 1820 3745 1891 ἐπισταμένην,

2167 1920 2383 1991 μητέρα
2400 1918 2700 1989 γενομένην
2728 1919 2826 1988 τὴν
2851 1919 3084 1986 γυναῖκα
3117 1916 3384 1988 πρότερον
3416 1914 3475 1966 ού
3509 1911 3745 1982 γενομέ-

2164 2027 2283 2081 νην,
2313 2010 2427 2064 ἀλλ’
2457 2011 2516 2063 ἐν
2549 2009 2821 2081 παρθενίᾳ
2867 2010 2961 2063 καὶ
3010 2009 3104 2062 τὸν
3148 2008 3310 2077 δγκον
3355 2006 3454 2076 τῆς
3502 2002 3745 2075 γαστρὸς

2165 2099 2576 2166 ὲπιδεικνῦσαν,
2610 2100 2705 2153 καὶ
2736 2099 2827 2153 τὸν
2861 2100 3073 2170 καρπὸν
3117 2101 3174 2152 ὲν
3226 2100 3346 2160 ταῖς
3388 2097 3545 2166 χερσί
3580 2110 3745 2166 περι-

2165 2193 2455 2262 φέρουσαν,
2491 2192 2586 2244 xa‘t
2636 2190 2704 2242 τὰ
2754 2191 2958 2261 μητρὸς
3012 2189 3386 2261 ἐργαζομένην
3429 2185 3748 2256 σωζομένης

2164 2283 2265 2352 τῆς
2299 2280 2615 2351 παρθενίας,
2649 2280 2744 2333 καὶ
2785 2279 3057 2349 παρθένον
3090 2279 3206 2349 μὲν
3245 2278 3343 2348 τὴν
3381 2278 3600 2348 μητέρα
3641 2293 3749 2329 κα-

2165 2372 2457 2444 λουμένην,
2488 2371 2701 2443 μητέρα
2738 2371 2795 2423 δὲ
2832 2372 2932 2441 τὴν
2958 2371 3228 2442 παρθένον
3261 2369 3746 2442 προσαγορευομέ-

2165 2483 2285 2536 νην,
2314 2466 2408 2519 καὶ
2434 2463 2694 2518 τάναντία
2732 2463 2974 2534 ὀνόματά
3006 2480 3065 2516 τε
3120 2445 3216 2518 καὶ
3243 2464 3541 2536 πράγματα
3600 2462 3750 2515 κατά

2164 2556 2361 2612 ταυτὸν
2389 2554 2623 2624 συνάγον
2632 2570 2750 2608 σαν.

2235 2646 2346 2698 Καὶ
2371 2646 2471 2715 τὴν
2514 2643 2859 2713 ἀνθρωπείαν
2892 2641 3057 2712 φύσιν
3101 2643 3384 2697 ἀναλαϐὼν
3410 2643 3506 2716 τὴν
3533 2644 3747 2698 οἰκείαν

2165 2735 2350 2788 εἰκόνα
2385 2736 2639 2799 νεοποιεϊ,
2670 2736 2737 2805 τῇ
2770 2733 3014 2806 ἁμαρτίᾳ
3059 2733 3468 2804 διαφθαρεῖσαν,
3498 2733 3593 2786 καὶ
3650 2733 3749 2788 τὸν

2164 2824 2454 2893 ἀνδριάντα
2506 2822 2597 2876 τὸν
2647 2823 2753 2877 ὑπὸ
2798 2823 2893 2877 τοῦ
2926 2824 3027 2895 τῆς
3068 2823 3329 2894 πονηρίας
3379 2823 3458 2876 ἰοῦ
3496 2822 3748 2877 παλαιω-

2165 2916 2325 2971 θέντα
2353 2916 2567 2969 ἀνανεοῖ
2595 2916 2688 2968 καὶ
2717 2913 2812 2968 τοῦ
2847 2914 3112 2987 προτέρου
3143 2914 3496 2985 χαριέστερον
3531 2914 3752 2967 δείκνυ-

2167 3026 2270 3074 σιν,
2306 3009 2406 3061 ούκ
2445 3005 2553 3061 ἀπὸ
2602 3007 2708 3077 γῆς
2757 3007 2834 3071 ὡς
2880 3007 3050 3062 πάλαι
3072 3007 3261 3061 τοῦτον
3311 3007 3748 3079 δημιουργήσας,

2165 3100 2280 3154 ἀλλ’
2331 3100 2489 3164 αὐτὸς
2535 3099 2990 3170 καταδεξάμενος,
3035 3100 3094 3153 ού
3129 3099 3225 3169 τὴν
3268 3099 3418 3153 θείαν
3452 3099 3611 3169 φύσιν
3663 3103 3748 3163 εἰς

2166 3192 2510 3263 ἀνθρωπείαν
2543 3190 2885 3261 μεταϐαλὼν,
2935 3191 3072 3244 ἀλλά
3103 3194 3169 3262 τῇ
3232 3191 3353 3262 θείᾳ
3385 3191 3483 3262 τὴν
3532 3189 3752 3262 ἀνθρω-

2167 3284 2325 3337 πείαν
2363 3283 2624 3352 συνάψας.
2683 3284 2881 3337 Μένων
2919 3282 3027 3354 γὰρ
3057 3282 3085 3335 ὂ
3118 3279 3206 3354 ἦν,
3266 3283 3456 3336 ἔλαϐεν
3477 3282 3505 3336 ὃ
3534 3284 3633 3355 οὐκ
3654 3279 3750 3355 ἦν.

2178 3377 2266 3430 Ἐν
2316 3378 2496 3447 μορφῇ
2513 3350 2661 3428 νΘεοῦ
2709 3375 2807 3441 ὢν,
2842 3350 3007 3429 ἔλαϐε
3033 3350 3248 3447 τὴνντοῢ
3287 3376 3473 3430 δούλου
3508 3350 3749 3447 μορφην,

2165 3471 2331 3542 ἧγουν
2381 3468 2588 3532 οὐσίαν,
2625 3468 2694 3521 ἐν
2750 3465 3067 3537 ὁμοιώματι
3118 3468 3465 3536 ἀνθρώπου¹
3502 3469 3752 3537 γενόμε-

2165 3584 2292 3632 νος,
2327 3565 2425 3619 καὶ
2460 3565 2726 3634 σχήματι
2757 3561 3022 3632 εὑρεθείς
3044 3563 3123 3628 ὡς
3161 3561 3499 3631 ἄνθρωπος’
3529 3563 3608 3614 ὅτι
3647 3559 3752 3631 τὴν

2165 3655 2436 3726 ἡμετέραν
2486 3655 2649 3724 φύσιν
2703 3653 2864 3724 ἔχων,
2916 3653 2977 3706 ού
3043 3654 3184 3707 κατά
3229 3650 3405 3708 πάντα
3461 3653 3590 3723 ἡμῖν
3630 3650 3754 3715 ἴσος

2162 3747 2476 3817 ἐτύγχανεν.
2514 3745 2914 3816 Ἐγεννήθημεν
2946 3744 3056 3815 γάρ
3090 3747 3152 3797 ὲκ
3184 3743 3460 3813 γυναικὸς,
3501 3742 3594 3796 καὶ
3641 3742 3713 3796 αὐ
3738 3774 3751 3783 -

2162 3839 2274 3904 τὸς,
2299 3838 2411 3893 ἀλλ’
2437 3837 2536 3908 οὐχ
2568 3838 2774 3909 ὁμοίως
2817 3839 2976 3909 ἡμῖν’
3004 3838 3068 3890 ὲκ
3106 3834 3439 3907 παρθενικῆς
3479 3834 3586 3906 γὰρ
3635 3835 3753 3905 μή·

2161 3948 2295 4002 τρας
2348 3929 2669 4000 ἐϐλάστησε.
2727 3929 2836 3982 Καὶ
2895 3928 3100 3992 τέλειος
3149 3927 3249 3998 μὲν
3296 3925 3587 3997 ἄνθρωπος
3660 3924 3743 3988 ὡς

2163 4018 2476 4095 ήμείς,εἵχε
2505 4023 2560 4076 δὲ
2587 4021 2749 4075 πλέον
2786 4021 2945 4095 ἡμῶν
2971 4020 3064 4075 τοῦ
3096 4019 3231 4073 θεοῦ
3263 4020 3438 4089 Λόγου
3479 4018 3576 4090 τὴν
3604 4019 3752 4072 ἐνοί-

2165 4112 2324 4185 κησίν
2353 4129 2411 4165 τε
2448 4112 2541 4165 καί⁸
2581 4110 2795 4175 ἕνωσιν,
2830 4111 2925 4165 καὶ
2961 4111 3140 4181 σάρκα
3197 4110 3297 4181 μὲν
3343 4105 3456 4180 εἶχε
3498 4108 3751 4179 ἔμψυχόν

2164 4220 2222 4255 τε
2247 4203 2342 4256 καὶ
2372 4202 2618 4273 λογικὴν,
2652 4201 2899 4272 καθάπερ
2925 4203 3105 4271 ἡμεῖς,
3132 4200 3239 4253 τῶν
3265 4201 3320 4254 δὲ
3337 4199 3437 4270 τῆς
3466 4197 3751 4270 ἁμαρτίας

2168 4293 2481 4362 κινημάτων
2514 4293 2613 4345 οὐκ
2645 4291 2907 4363 ἠνέσχετο
2947 4291 3135 4360 ὥσπερ
3169 4293 3328 4361 ἡμεῖς
3351 4308 3364 4321 ·
3398 4290 3514 4344 ἀλλ’
3548 4295 3608 4347 ἐν
3637 4287 3752 4351 σώ-

2170 4400 2299 4452 ματι
2351 4382 2442 4450 υφ⁹
2494 4383 2771 4453 ἁμαρτίας
2817 4382 3237 4454 πολεμουμένῳ,
3276 4381 3372 4452 τὴν
3430 4381 3525 4452 τῆς
3568 4382 3748 4452 ἁμαρ-

2165 4474 2292 4539 τίας
2325 4473 2587 4528 κατέλυσε
2610 4474 2919 4545 τυραννίδα.

2237 4565 2538 4638 Προκόπτει
2575 4565 2630 4619 δὲ
2665 4565 2853 4637 ἡλικίᾳ
2890 4565 2989 4637 μὲν
3021 4564 3201 4637 σῶμα,
3246 4566 3409 4637 σοφίᾳ
3454 4566 3512 4619 δὲ
3550 4565 3698 4636 ψυχή
3722 4582 3739 4596 ο

2165 4656 2355 4728 θεότης
2410 4657 2513 4727 γὰρ
2560 4657 2848 4727 οὐδετέραν
2878 4656 3121 4711 ἐπίδοσιν
3167 4656 3508 4727 ἐπιδέχεται·
3540 4657 3744 4710 παντέο

2165 4750 2306 4810 λειος
2330 4748 2436 4818 γὰρ
2456 4749 2483 4801 ὁ
2503 4746 2596 4799 τοῦ
2622 4745 2755 4800 Θεοῦ
2782 4747 2951 4815 Λόγος
2970 4763 2982 4778 ·
3014 4746 3237 4811 εἰκότως
3269 4747 3324 4800 δὲ
3354 4738 3640 4812 συνέζευξε
3670 4751 3742 4820 τῇ

2167 4840 2266 4909 τῆς
2300 4839 2517 4909 ἡλικίας
2544 4837 2768 4909 αὐξήσει
2794 4837 2891 4909 τὴν
2936 4838 3034 4906 τῆς
3058 4837 3249 4906 σοφίας
3284 4838 3523 4892 ἐπίδοσιν
3545 4854 3557 4866 ·
3600 4841 3746 4909 πρὸς

2168 4933 2276 5004 γὰρ
2324 4931 2384 4986 τὸ
2419 4934 2616 5004 μέτρον
2653 4933 2750 5002 τῆς
2795 4933 2888 4986 τοῦ
2929 4932 3177 5003 σώματος
3206 4932 3423 5001 ἡλικίας
3467 4934 3752 4990 ἀπεκάλυ-

2168 5040 2301 5077 πτεν
2338 5024 2373 5094 ἡ
2409 5022 2526 5078 θεία
2552 5023 2713 5092 φύσις
2744 5024 2842 5095 τὴν
2868 5024 3073 5077 οἰκείαν
3108 5024 3318 5094 σοφίαν.

2256 5264 2471 5335 ’Λμέλει
2500 5266 2525 5319 ό
2552 5264 2791 5335 Γαϐριὴλ
2826 5265 2924 5333 τὴν
2958 5264 3233 5335 Παρθένον
3259 5264 3748 5337 εὐαγγελιζόμενος

1785 5515 2021 5571 VABUE
2057 5515 2464 5572 LECTIONES.

559 5633 579 5667 ²
606 5630 875 5710 Loco”cit.
896 5634 1018 5710 ,_l_eg.
1064 5629 1383 5710 ἀνθρώπων.
1457 5628 1669 5710 ᾖρον-νο
1700 5637 1898 5693 autem,
1930 5637 2047 5710 etc:
2094 5629 2177 5710 ᾼά
2228 5632 2526 5710 marginem
2576 5633 3100 5710 posuit‘Garncrius
3130 5654 3141 5688 :
3176 5655 3191 5685 σ
3224 5636 3295 5688 Ex
3323 5635 3463 5689 libro
3496 5650 3573 5687 scr
3593 5638 3750 5691 unch

490 5699 809 5769 Pentalogii.
838 5718 856 5749 ι
896 5698 1013 5754 Non
1039 5698 1213 5753 exstat
1237 5708 1419 5753 autem
1460 5699 1561 5751 iste
1604 5700 1757 5751 locus
1800 5712 1829 5751 a
1873 5699 1944 5751 ud
1995 5698 2222 5753 Marium
2271 5698 2648 5757 Mercatorein.
2728 5703 2989 5759 "Omm'no
3029 5704 3259 5765 Gabriel.
3310 5716 3414 5759 etc.
3468 5704 3548 5758 Ad
3599 5721 3753 5759 mar-

490 5774 670 5822 ainem
718 5770 907 5822 eadem
953 5770 1115 5822 verba
1159 5778 1312 5822 erant
1361 5769 1555 5822 posita.
1604 5768 1790 5822 addito
1834 5714 2155 5822 gicrcatoris
2186 5771 2427 5822 nomine.
2459 5772 2615 5822 cuius
2634 5773 2799 5822 verba
2841 5774 3305 5822 internrelntinnis
3339 5777 3456 5822 lnm
3490 5775 3542 5822 in
3586 5785 3745 5822 textu

490 5774 670 5847 ginem
718 5768 907 5826 eadem
953 5770 1115 5824 verba
1159 5778 1312 5825 erant
1361 5769 1555 5840 posita,
1604 5768 1790 5825 addito

1865 5768 2155 5827 icrcatoris
2186 5771 2427 5860 nomine,
2459 5772 2615 5843 cujus
2634 5773 2801 5829 verba
2841 5774 3305 5848 interpretationis
3338 5777 3456 5831 loco
3489 5775 3542 5829 in
3586 5785 3749 5833 textu
