3950 6226
440 355 507 422 71
1639 349 1957 409 OPERUM
1994 349 2026 407 Ἰ

2137 349 2484 412 :ODORETl
3647 368 3723 428 πρ

506 474 665 531 Lude
740 486 977 545 puerum
1036 471 1286 526 nominat
1326 470 1555 533 Jesum,
1608 465 2026 537 appellationem

2215 468 2433 523 Παιδίον
2461 469 2570 540 γάρ
2607 466 2863 541 ὀνομάζει
2909 470 3001 525 τὸν
3058 473 3287 546 Ἰησοῦν,
3314 479 3380 549 τῇ
3417 481 3722 554 φαινομένῃ

443 568 587 623 hanc
635 576 850 622 natura:
906 564 1179 628 tribuens,
1235 577 1359 632 qum
1417 559 1659 613 videtur.
1716 558 1837 627 Ipsa
1879 558 2030 611 enim

440 659 744 721 crescebat,
775 658 1048 728 siquidem
1075 670 1278 725 corpus
1297 653 1413 708 suis
1433 652 1793 707 incrementis
1823 666 2024 721 seque-

441 751 607 807 batur
641 759 851 805 natura:
873 749 1067 819 legem.

508 846 578 900 Et
636 841 1036 913 confortabatur
1090 837 1294 909 Spiritu
1335 853 1354 891 :
1392 835 1487 906 qui
1534 848 1731 904 nempe
1779 833 1853 899 ei,
1901 848 2029 888 cum

440 936 794 998 formaretur,
838 932 1060 995 aderat;
1110 943 1348 998 cumque
1397 936 1778 998 generaretur,
1812 941 1877 981 ac
1928 925 2031 981 ba-

439 1030 769 1101 ptizaretur,
792 1033 853 1081 et
876 1022 1142 1078 miracula
1175 1028 1440 1090 patraret.

553 1120 751 1175 Plenus
802 1116 1099 1187 sapientia,
1160 1112 1343 1167 innuit
1394 1119 1606 1166 natura:
1666 1107 2031 1165 inhabitantis

436 1212 963 1275 manifestationem,
1021 1223 1145 1279 quae
1190 1205 1454 1277 paulatim
1507 1204 1705 1260 ﬁeret:
1751 1203 1818 1258 Et
1847 1202 2027 1275 gratia

436 1307 534 1361 Dei
554 1313 669 1359 erat
692 1305 748 1358 in
786 1302 901 1358 illo.
933 1332 1006 1341 —
1034 1300 1099 1356 In
1130 1302 1242 1372 ipso
1295 1299 1436 1353 enim
1467 1298 1671 1352 habitat
1711 1295 1882 1351 omnis
1915 1294 2029 1366 ple-

435 1398 620 1451 nitudo
657 1393 948 1449 divinitatis
982 1389 1335 1463 corporaliter
1369 1392 1412 1442 ί.

502 1488 631 1544 Haec
680 1487 848 1542 Isaias
886 1500 1108 1555 quoque
1147 1499 1272 1538 cum
1306 1481 1654 1553 praediceret,
1708 1479 2025 1535 clamabat:

439 1581 756 1652 Egredietur
799 1578 948 1648 virga
996 1575 1061 1629 de
1122 1575 1299 1629 radice
1339 1573 1509 1638 Iesse,
1551 1581 1601 1627 et
1629 1575 1725 1644 ﬂos
1752 1573 1818 1627 de
1854 1571 2030 1626 radice

437 1672 551 1742 ejus
584 1669 849 1732 ascendet,
879 1674 928 1722 et
958 1667 1243 1732 requiescet
1278 1669 1439 1736 super
1483 1680 1604 1719 eum
1643 1663 1876 1735 Spiritus
1906 1662 2025 1727 Dei,

435 1767 652 1835 spiritus
683 1763 959 1833 sapientia:
1003 1768 1051 1813 et
1087 1757 1407 1822 intellectus,
1458 1758 1678 1827 spiritus
1727 1754 1937 1810 consilii
1977 1762 2029 1809 et

2136 564 2295 630 φύσει
2324 561 2421 633 τὴν
2457 563 2829 634 προσηγορίαν
2857 564 3063 636 ταύτην
3078 566 3266 633 τιθείς.
3310 571 3458 643 Αὐτὴ
3484 572 3594 645 γάρ
3616 574 3721 647 ηὗ-

2136 653 2289 719 ξανε·
2329 655 2490 726 σῶμα
2535 657 2644 728 γὰρ
2672 651 2741 725 ἦν
2763 656 2906 711 κατὰ
2939 658 3103 730 μέρος
3142 661 3458 733 προϐαῖνον,
3489 665 3585 720 καὶ
3613 667 3723 737 φύ-

2135 763 2273 810 σεως
2303 748 2450 819 ὅροις
2480 748 2768 819 ἑπόμενον.
2912 770 2915 771 ν

2204 838 2316 893 Καὶ
2352 839 2740 908 ἐκραταιοῦτο
2778 843 3107 913 Πνεύματι·
3136 843 3166 898 δ
3192 846 3285 899 καὶ
3330 847 3722 922 πλαττομένῳ.

2140 931 2236 983 καὶ
2264 932 2593 1004 τικτομένῳ,
2628 934 2725 990 καὶ
2786 926 3189 1010 βαπτιζομένῳ,
3227 939 3322 992 καὶ
3371 939 3727 1014 θαυματουρ-

2134 1024 2320 1096 γοῦντι
2354 1027 2558 1099 παρῆν.

2199 1120 2632 1190 Πληρούμενον
2669 1125 2914 1194 σοφίας,
2955 1123 3055 1196 τὴν
3095 1124 3241 1179 κατά
3297 1125 3463 1197 μέρος
3507 1127 3728 1182 ἀποκά-

2130 1208 2291 1279 λυψιν
2348 1211 2584 1266 ἐνταῦθα
2634 1216 2735 1286 τῆς
2771 1216 3089 1288 ὲνοικούσης
3132 1216 3434 1271 αἰνίττεται
3479 1218 3721 1286 φύσεως.

2128 1301 2240 1356 Καὶ
2271 1302 2444 1371 χάρις
2474 1305 2623 1360 Θεοῦ
2649 1302 2739 1377 ιῆν
2758 1308 3050 1374 ἐπάὺτῷ.
3088 1311 3192 1365 Ἐν
3211 1309 3405 1375 αὐτῷ⁶
3440 1310 3552 1379 γὰρ
3580 1327 3727 1365 κατ-

2140 1394 2299 1448 οικεῖ
2320 1395 2445 1451 πᾶν
2462 1397 2529 1450 τό
2553 1398 2846 1471 πλήρωμα
2868 1399 2975 1470 τῆς
3007 1403 3287 1470 θεότητος
3315 1402 3691 1473 σωματικῶς.

2199 1486 2387 1542 Ταῦτα
2421 1492 2518 1543 καί¹
2559 1490 2786 1553 Ἡσαΐας
2804 1494 3228 1565 προαγορεύων⁹
3259 1494 3414 1548 ὲϐόα’
3458 1495 3721 1561 Ἐξελεό-

2128 1592 2301 1632 σεται
2331 1579 2557 1648 ῥάϐδος
2592 1583 2664 1637 ἐκ
2700 1583 2811 1652 τῆς
2830 1582 3000 1653 ῥίζης
3030 1585 3277 1652 Ἰεσσαὶ,
3309 1586 3406 1641 καὶ
3439 1586 3622 1654 ἄνθος
3649 1589 3725 1642 ἐκ

2127 1669 2239 1737 τῆς
2270 1668 2438 1739 ῥίζης
2474 1672 2872 1742 ἀναϐήσεται,
2903 1675 3003 1730 καὶ
3041 1677 3458 1733 ἀναπαύσεται
3482 1678 3578 1732 ἐπ’
3613 1681 3727 1734 αὑ-

2126 1762 2235 1814 τὸν
2271 1761 2517 1831 Πνεῦμα
2553 1764 2732 1832 Θεοῦ,
2761 1767 2998 1836 πνεῦμα
3021 1770 3245 1839 σοφίας
3263 1770 3361 1824 καί
3385 1771 3720 1844 συνέσεως,

438 1855 787 1926 fortitudinis.
816 1853 1036 1923 spiritus
1083 1850 1315 1905 scientiis
1343 1858 1392 1903 et
1421 1849 1675 1919 pietatis;
1715 1856 1765 1902 et
1813 1845 2026 1918 replebit

2138 1850 2375 1920 πνεῦμα
2422 1852 2664 1921 ,βουλῆς
2718 1854 2818 1907 καί
2867 1855 3106 1925 ίσχύος,
3156 1857 3396 1927 πνεῦμα
3440 1857 3726 1928 γνώσεως
3782 1859 3795 1869 ⁸

435 1964 557 2004 eum
581 1947 798 2018 spiritus
830 1944 1031 1998 timoris
1057 1942 1154 1995 Dei
1173 1940 1187 1991 i
1206 1979 1221 1994 .
1248 1940 1427 2010 Atque
1457 1939 1575 1994 haec
1606 1948 1755 1993 tanta
1784 1946 1869 1993 est
1896 1952 2030 2009 pro—

435 2040 670 2110 pheticce
690 2046 747 2091 et
767 2029 1095 2105 evangeliea:
1113 2031 1525 2104 praedicationis
1541 2030 1863 2086 concordia.
1887 2029 2029 2086 Cum

438 2131 609 2203 igitur
640 2131 794 2199 121
828 2128 987 2183 audis
1014 2145 1027 2180 :
1062 2126 1206 2180 Puer
1229 2124 1518 2187 crescebat,
1543 2130 1592 2177 et
1618 2122 2031 2193 confartabatur

435 2223 647 2293 spiritu,
674 2222 809 2276 etin
833 2234 1000 2289 quam
1024 2217 1196 2272 verba
1225 2217 1345 2272 haec
1381 2224 1639 2270 naturam
1668 2212 2026 2279 conveniant,

438 2316 721 2388 inquirere
765 2313 1007 2369 volueris
1050 2330 1063 2365 :
1110 2319 1390 2366 memento
1421 2315 1480 2363 et
1526 2306 1729 2363 radicis
1756 2306 1933 2371 Jesse,
1962 2313 2019 2361 et

435 2409 641 2480 virgas,
676 2416 733 2462 et
774 2399 929 2460 ﬂoris
973 2402 1103 2459 inde
1156 2400 1510 2472 pullulantis,
1550 2408 1609 2455 et
1637 2398 1916 2453 visibilem
1948 2397 2034 2452 in-

436 2501 625 2559 venies
656 2497 861 2554 Christi
903 2504 1179 2557 naturam,
1232 2509 1342 2547 non
1391 2495 1525 2547 item
1575 2488 1914 2545 invisibilem
1960 2488 2031 2543 ab

435 2592 771 2666 evangelista
798 2597 855 2646 et
889 2587 1159 2660 propheta
1192 2584 1548 2641 occultatam.

505 2776 645 2831 Cum
686 2772 854 2844 igitur
898 2768 1100 2825 audis:
1133 2766 1288 2823 Iesus
1327 2765 1635 2838 proﬁciebat
1662 2763 1927 2837 sapientia
1982 2771 2032 2818 et

440 2869 635 2939 gratia,
685 2866 870 2920 animo
913 2860 1221 2935 perpende,
1267 2859 1402 2930 quid
1425 2856 1698 2928 sapientia
1741 2865 1799 2911 et
1854 2854 2031 2925 gratia

434 2953 721 3033 proficiat;
753 2964 808 3013 et
834 2955 995 3011 facile
1026 2952 1300 3023 intelliges
1321 2951 1565 3005 animum
1590 2962 1712 3003 esse
1728 2945 2028 3018 ejusmodi,

436 3068 545 3108 non
568 3052 934 3113 divinitatem,
975 3061 1097 3117 quae
1124 3042 1369 3115 perfecta
1408 3055 1629 3110 semper
1660 3045 1767 3103 est,
1794 3051 2030 3108 quaeque

430 3163 529 3204 eos
556 3145 651 3218 qui
680 3143 833 3215 digni
861 3148 1011 3204 sunt,
1043 3138 1322 3208 sapientes
1351 3132 1545 3198 efficit,
1577 3130 1719 3185 nihil
1745 3130 1894 3184 enim
1924 3128 2027 3183 ho-

434 3252 560 3292 rum
598 3232 875 3291 divinitati
906 3228 1167 3285 convenit
1197 3245 1211 3281 :
1248 3224 1346 3283 sed
1379 3234 1538 3280 aatate
1563 3222 1788 3294 quidem
1821 3235 2026 3290 corpus

434 3326 673 3400 prolicit,
696 3323 967 3394 sapientia
999 3336 1134 3375 vero
1160 3320 1416 3384 animus;
1455 3332 1556 3372 nec
1600 3316 1693 3370 ille
1722 3324 1907 3371 tamen
1933 3328 2023 3368 ra-

435 3418 604 3476 tionis
635 3429 856 3488 expers,
898 3412 996 3468 sed
1029 3411 1305 3481 particeps
1341 3418 1556 3463 tantum
1586 3426 1600 3462 :
1635 3423 1705 3463 ex
1748 3420 1859 3477 quo
1888 3422 2026 3464 con-

433 3521 565 3577 stat,
615 3509 853 3564 animam
907 3502 1230 3559 rationalem
1270 3516 1303 3555 a
1327 3499 1510 3556 Verbo
1550 3499 1664 3555 Deo
1687 3507 2024 3570 assumptam

432 3618 574 3659 esse.
1764 3643 1768 3647 «

506 3691 576 3747 Ut
620 3685 946 3752 summatim
1006 3683 1209 3749 dicam,
1264 3679 1485 3752 genitus
1532 3679 1930 3737 admirabiliter
1956 3694 2027 3736 ex

433 3791 623 3840 sancta
653 3781 879 3852 Virgine
916 3776 1171 3833 Christus
1201 3773 1470 3830 Dominus
1516 3771 1720 3845 (neque
1757 3773 1908 3828 enim
1942 3773 2027 3841 ip-

433 3892 556 3932 sum
585 3875 664 3929 fas
691 3882 777 3929 est
804 3881 930 3942 post
954 3878 1195 3939 partum,
1233 3865 1322 3921 vel
1354 3864 1534 3920 solum
1568 3864 1742 3919 Deum
1771 3863 2021 3919 Verbum

433 3969 732 4039 appellare,
785 3964 872 4019 vel
928 3960 1208 4016 hominem
1266 3957 1558 4012 divinitate
1612 3955 1866 4021 nudum,
1925 3955 2023 4011 sed

432 4060 716 4118 Christum
750 4078 764 4112 :
809 4071 920 4126 quo
957 4051 1180 4108 nomine
1213 4059 1447 4120 utraque
1475 4055 1695 4115 natura,
1732 4063 2025 4105 assumens

434 4151 650 4210 scilicet
689 4165 755 4206 ac
800 4155 1103 4216 assumpta,
1151 4139 1539 4214 signiﬁcatur),
1588 4141 1776 4196 omnia
1832 4147 2022 4196 nostra

433 4252 637 4318 praeter
667 4249 956 4314 peccatum
989 4235 1257 4306 suscipit;
1307 4250 1421 4289 non
1449 4248 1611 4289 secus
1648 4248 1715 4288 ac
1758 4231 2018 4298 infantes,

434 4337 620 4395 fasciis
650 4333 976 4396 involvitur;
1017 4329 1262 4385 nutritur
1290 4328 1454 4393 lacte,
1503 4334 1559 4382 et
1596 4325 1897 4381 mamillam
1923 4340 2019 4380 su-

433 4432 546 4504 git;
571 4426 828 4484 manibus
857 4421 1268 4485 circumfertur,
1314 4434 1381 4473 ac
1430 4416 1737 4489 imponitur
1763 4417 2018 4488 gremio;

2132 1942 2231 1996 καὶ
2275 1946 2616 2012 εὐσεϐείας·
2681 1946 2921 2016 πνεῦμα
2984 1948 3172 2018 φόϐου
3230 1949 3380 2005 Θεοῦ
3421 1949 3727 2021 ἐμπλήσει

2131 2036 2340 2090 αὐτόν.
2379 2037 2626 2110 Τοσαύτη
2657 2038 2766 2093 τῶν
2798 2039 3156 2112 προφητικῶν
3203 2041 3297 2096 καὶ
3348 2042 3728 2112 εὐαγγελικῶν

2131 2126 2507 2197 κηρυγμάτων
2554 2130 2588 2199 ἡ
2642 2131 2952 2200 συμφωνία.
2981 2131 3152 2186 Ὅταν
3213 2133 3391 2187 τοίνυν
3444 2134 3725 2207 ἀκούσῃς,

2137 2212 2210 2268 Τὸ
2242 2214 2486 2269 παιδίον
2512 2217 2764 2286 ηὔξανε,
2815 2220 2915 2274 καὶ
2965 2216 3355 2290 ἐκραταιοῦτο
3402 2223 3723 2294 πνεύματι,

2132 2307 2228 2360 καὶ
2271 2306 2370 2378 τὴν
2413 2307 2578 2378 φύσιν
2618 2310 2874 2375 ἐξετάσαι
2903 2310 3159 2386 θελήσῃς,
3187 2315 3570 2386 ἀναμνήσθητι
3617 2315 3728 2386 τῆς

2135 2399 2295 2470 ῥίζης
2340 2399 2560 2467 Ἰεσσαὶ,
2598 2403 2692 2456 καὶ
2739 2404 2838 2475 τῆς
2870 2403 3093 2474 ῥάϐδου,
3127 2406 3222 2460 καὶ
3254 2406 3348 2460 τοῦ
3397 2407 3594 2472 ἄνθους
3621 2402 3725 2462 τοῦ

2132 2492 2343 2545 ἐκεῖθεν
2406 2492 2835 2566 βλαστήσαντος·
2876 2498 2974 2550 καὶ
3024 2497 3282 2569 εὑρήσεις
3333 2497 3428 2552 τοῦ
3476 2499 3726 2571 Χριστοῦ

2130 2583 2232 2654 τὴν
2268 2585 2603 2658 φαινομένην
2641 2586 2826 2656 φύσιν,
2851 2588 2969 2643 ἀλλ’
3008 2589 3069 2643 οὐ
3094 2588 3194 2662 τὴν
3216 2590 3449 2662 ἀόρατον
3481 2592 3587 2648 ὑπὸ
3617 2593 3721 2647 τοῦ

2150 2677 2546 2746 εὐαγγελιστοῦ
2576 2678 2671 2732 καὶ
2705 2678 2797 2734 τοῦ
2838 2681 3120 2754 προφήτου
3150 2686 3556 2757 κρυπτομένην.

2209 2767 2379 2823 Ὅταν
2413 2764 2506 2824 οὖν
2541 2772 2804 2844 ἀκούσῃς,
2840 2774 2924 2826 ὅτι
2974 2773 3219 2843 Ἰησοῦς
3252 2776 3585 2845 προέκοπτε
3609 2794 3725 2834 σο-

2131 2859 2241 2930 φίᾳ
2264 2861 2359 2915 καὶ
2391 2861 2604 2931 χάριτι,
2642 2863 2900 2929 ἐξέτασον
2933 2865 3085 2938 παρὰ
3117 2867 3321 2938 σαυτῷ,
3355 2871 3406 2922 τί
3438 2869 3498 2923 τὸ
3518 2872 3729 2941 προκό-

2133 2970 2265 3006 πτον
2284 2953 2446 3025 σοφίᾳ
2461 2954 2557 3007 καὶ
2571 2955 2774 3026 χάριτι,
2801 2957 2895 3011 καὶ
2914 2957 3168 3029 εὑρήσεις
3183 2959 3382 3031 ψυχὴν,
3410 2962 3469 3015 οὐ
3490 2961 3725 3034 θεότητα

2130 3042 2229 3114 τὴν
2270 3043 2357 3096 ἀεὶ
2388 3042 2601 3098 τελείαν
2636 3046 2737 3116 τὴν
2771 3047 2895 3110 τοὺς
2926 3044 3111 3111 ἀξίους
3168 3049 3523 3118 σοφίςουσανο
3562 3053 3724 3106 οὐδὲν

2132 3134 2243 3206 γὰρ
2279 3134 2488 3189 τούτων
2527 3136 2790 3208 ἁρμόττει
2827 3138 3042 3211 θεότητι
3065 3154 3080 3169 '
3112 3140 3228 3195 ἀλλ’
3264 3141 3454 3215 ἡλικίᾳ
3503 3143 3601 3215 μὲν
3653 3147 3722 3200 τὸ

2132 3226 2293 3299 σῶμα
2328 3227 2649 3297 προκόπτει,
2702 3230 2862 3300 σοφίᾳ
2900 3230 2956 3283 δὲ
2999 3233 3033 3303 ἡ
3070 3231 3238 3305 ψυχὴ,
3271 3234 3369 3305 οὐχ
3414 3236 3446 3303 ή
3494 3235 3715 3304 ἄλογος,

2125 3320 2243 3375 ἀλλ’
2267 3321 2302 3392 ἡ
2331 3320 2525 3392 λογική
2547 3339 2562 3354 ο
2595 3321 2653 3389 ἐξ
2695 3314 2756 3375 οὗ
2794 3322 2974 3395 δῆλον,
3014 3325 3097 3378 ὅτι
3149 3326 3245 3380 καὶ
3277 3326 3504 3400 λογικὴν
3530 3327 3717 3401 ψυχὴν

2124 3412 2153 3465 ὀ
2175 3411 2307 3477 Θεὸς
2337 3413 2511 3482 Λόγος
2538 3414 2813 3485 ἀνείληφε.

2210 3672 2298 3727 Ἐν
2323 3673 2605 3745 κεφαλαίῳ
2629 3675 2672 3707 ¹⁰
2697 3675 2755 3730 δὲ
2783 3676 2978 3742 εἰπεῖν,
3024 3677 3242 3749 τεχθεὶς
3295 3679 3615 3752 παραδόξως
3647 3683 3717 3738 ὲκ

2124 3765 2226 3837 τῆς
2279 3766 2443 3835 ἁγίας
2488 3767 2768 3838 Παρθένου
2809 3770 2838 3823 ό
2886 3769 3167 3841 Δεσπότης
3198 3770 3436 3842 Χριστὸς
3471 3773 3551 3846 (οὐ
3601 3777 3717 3846 γὰρ

2126 3858 2318 3927 ἐναγὲς
2364 3860 2502 3929 μετά
2534 3860 2626 3912 τὸν
2677 3860 2915 3931 τόκον,ἢ
2959 3860 3091 3916 Θεδν
3131 3861 3308 3931 Λόγον
3347 3864 3505 3935 μόνον
3546 3866 3716 3922 αὑτὸν

2125 3949 2576 4023 προσαγορεύειν,
2603 3951 2653 4036 ’ἢ
2705 3952 2991 4024 ἄνθρωπον
3040 3955 3469 4026 γεγυμνωμένον
3518 3956 3717 4031 θεότη-

2123 4059 2236 4108 τος,
2268 4042 2405 4097 ἀλλὰ
2435 4042 2692 4114 Χριστὸν,
2725 4044 2753 4098 ὃ
2787 4045 3055 4117 ἑκατέραν
3079 4045 3261 4116 φύσιν,
3293 4048 3394 4119 τήν
3420 4065 3480 4102 τε
3515 4049 3717 4106 λαϐοῦ-

2126 4151 2245 4200 σαν,
2277 4134 2373 4189 καὶ
2414 4134 2513 4207 τὴν
2559 4134 2861 4207 ληφθεῖσαν
2899 4136 3094 4211 δηλοῖ),
3135 4140 3312 4194 πάντα
3353 4140 3423 4194 τὰ
3465 4142 3718 4215 ἡμέτερα

2125 4223 2266 4297 πλὴν
2320 4226 2598 4300 ἁμαρτίας
2663 4229 3019 4300 καταδέχεται
3079 4230 3249 4302 πάθη.
3294 4232 3718 4305 Σπαργανοῦται

2124 4318 2523 4389 παραπλησίως
2566 4320 2681 4384 τοῖς
2733 4318 2978 4392 βρέφεσι,
3014 4322 3107 4375 καὶ
3152 4323 3384 4391 γάλακτι
3426 4326 3714 4397 τρέφεται,

2122 4411 2215 4465 καὶ
2250 4411 2582 4481 τιθηνεῖται,
2641 4414 2736 4468 καὶ
2790 4415 2948 4486 χερσὶ
3003 4416 3399 4488 περιφέρεται,
3443 4421 3537 4473 καὶ
3588 4422 3721 4476 κόλ-

434 4503 740 4580 secundum
788 4518 963 4587 legem
1008 4510 1450 4575 circumciditur,
1488 4517 1546 4565 et
1598 4509 1796 4565 hostiis
1834 4509 2024 4579 expia-

2137 4521 2249 4568 ιτοις
2287 4503 2584 4565 ἐντίθεται,
2628 4506 2721 4559 καὶ
2760 4506 2901 4560 κατᾶ
2958 4506 3123 4577 νόμον
3156 4509 3563 4579 περιτέμνεται,
3614 4514 3717 4569 καὶ

437 4614 669 4669 tricibns
696 4617 980 4680 purgatur,
1029 4619 1155 4659 cum
1181 4618 1320 4657 nova
1361 4602 1455 4665 sit,
1503 4616 1568 4655 ac
1604 4601 1721 4656 sola
1744 4608 2021 4655 terrarum

437 4704 589 4759 orbis
615 4701 814 4764 hostia,
838 4707 1003 4769 atque
1028 4710 1201 4767 agnus
1229 4692 1323 4763 qui
1350 4692 1581 4747 abstulit
1610 4700 1835 4763 peccata
1860 4707 2026 4746 mun-

439 4796 529 4861 di;
555 4810 586 4848 a
609 4793 863 4847 Simcoue
888 4792 1170 4852 adoratur,
1195 4785 1469 4854 simulque
1494 4785 1803 4854 appellatur
1824 4784 2027 4840 Serva-

438 4894 528 4941 tor
552 4895 611 4940 et
646 4884 911 4938 Dominus
940 4901 953 4935 :
985 4882 1124 4952 fugit
1172 4878 1446 4933 Herodem
1481 4892 1608 4931 cum
1644 4885 1817 4930 matre
1867 4878 2026 4946 122

438 4986 647 5032 etcum
678 4982 882 5033 tutore.
914 4973 1066 5027 venit
1098 4972 1152 5024 in
1181 4973 1198 4990 '
1230 4969 1523 5040 Egyptum
1548 5007 1562 5030 ,
1601 4966 1729 5021 inde
1758 4966 1923 5030 redit,
1957 4967 2027 5023 ti-

438 5074 552 5122 tnet
580 5065 937 5126 Archelaum.
975 5060 1346 5114 Nazarethum
1381 5057 1613 5122 secedit,
1644 5064 1806 5112 aetate
1838 5072 1904 5113 ac
1936 5071 2024 5111 sa-

438 5158 647 5231 pientia
684 5154 922 5226 prolicit,
960 5151 1285 5223 parentibus
1312 5150 1568 5206 subditus
1600 5156 1715 5216 est;
1741 5150 1892 5206 omni
1923 5150 2026 5205 ho—

439 5263 575 5303 nore
616 5246 771 5310 colit,
801 5260 911 5298 non
936 5252 1167 5297 matrem
1203 5239 1388 5305 modo,
1412 5240 1506 5294 sed
1541 5248 1599 5295 et
1634 5240 1829 5295 matris
1858 5254 2028 5310 spon-

437 5354 562 5396 sum
610 5336 833 5409 quidem
870 5334 1022 5399 olim,
1072 5340 1261 5403 postea
1308 5344 1441 5385 vero
1494 5338 1810 5386 curatorem
1862 5338 2028 5403 atque

512 5481 529 5521 ί
565 5477 775 5535 Coloss.
802 5491 860 5541 ιι,
884 5475 938 5531 9.
1004 5471 1018 5524 i
1055 5472 1159 5528 lsa.
1199 5486 1275 5535 ιιι,
1306 5468 1358 5537 1,
1386 5469 1441 5525 2.

2124 4595 2442 4668 καθαρσίοις
2479 4595 2823 4668 καθαίρεται,
2855 4599 2888 4668 ή
2924 4596 3086 4669 καινὴ
3121 4600 3217 4652 καὶ
3246 4600 3379 4672 μόνη
3416 4602 3513 4671 τῆς
3532 4603 3717 4657 οἰκου-

2131 4687 2300 4759 μένης
2330 4687 2512 4752 θυσία,
2543 4689 2571 4741 ὁ
2592 4687 2688 4741 τοῦ
2703 4688 2908 4760 κόσμου
2926 4690 3025 4761 τὴν
3043 4691 3315 4764 ἁμαρτίαν
3327 4692 3466 4762 ἄρας
3498 4695 3672 4764 ἀμνός
3698 4714 3711 4728 .

2128 4779 2238 4832 ὑπὸ
2297 4778 2392 4832 τοῦ
2435 4779 2660 4849 Συμεὼν
2708 4783 3117 4851 προσκυνεῖται,
3179 4784 3273 4835 καὶ
3329 4782 3714 4855 Σωτὴρόμοῦ

2126 4871 2221 4926 καὶ
2249 4871 2526 4941 Δεσπότης
2576 4870 3085 4942 προσαγορεύεται·
3117 4872 3307 4943 φεύγει
3337 4874 3429 4927 τὸν
3465 4876 3715 4950 Ἡρώδην

2130 4961 2272 5033 μετὰ
2303 4961 2404 5031 τῆς
2439 4960 2648 5031 μητρὸς
2683 4961 2776 5013 καὶ
2806 4959 2900 5013 τοῦ
2931 4961 3245 5032 κηδεμόνος,
3298 4964 3714 5033 καταλαμϐάνει

2122 5055 2221 5125 τὴν
2249 5053 2542 5121 Αἴγυπτον,
2584 5052 2942 5123 ἐπανέρχεται
2980 5054 3162 5120 πάλιν,
3203 5055 3410 5125 ἀγωνιᾷ
3456 5057 3547 5108 τὸν
3587 5056 3715 5127 Ἀρ-

2124 5145 2340 5217 χέλαον,
2392 5145 2473 5209 είς
2521 5145 2623 5214 τὴν
2656 5142 2912 5215 Ναζαρὲο
2964 5145 3348 5217 παραγίνεται,
3382 5147 3572 5219 ἡλικία
3614 5152 3714 5203 καὶ

2129 5239 2292 5309 σοφίᾳ
2325 5237 2647 5308 προκόπτει,
2678 5236 3040 5291 ὑποτάττεται
3082 5240 3194 5302 τοῖς
3240 5238 3478 5308 γονεῦσι,
3528 5241 3714 5312 πάσης

2126 5330 2270 5395 ἀξιοῖ
2298 5328 2468 5401 τιμῆς
2499 5328 2561 5383 οὐ
2595 5328 2695 5400 τὴν
2740 5328 2953 5401 μητέρα
2984 5329 3164 5402 μόνον,
3207 5332 3343 5435 eis?
3368 5334 3462 5388 καὶ
3489 5333 3580 5387 τὸν
3607 5336 3712 5406 τῆς

1722 5560 1961 5617 VARle
1993 5561 2395 5619 LECTIONES.

512 5679 534 5711 ⁸
556 5686 613 5736 ὲν
636 5680 966 5765 abripuit?
989 5678 1564 5765 snpplendarfuelrunt.
1589 5678 1661 5765 ως
1682 5677 2009 5765 li_djit..pri.or
2036 5678 2636 5765 habznpoaayopedwv.
2709 5681 2749 5714 ¹⁰
2773 5683 2833 5737 ὲν
2860 5681 3162 5756 κεφαλαίῳ,
3196 5698 3250 5736 κ.
3293 5699 3343 5738 τ.
3374 5680 3423 5737 λ.
3453 5683 3537 5738 Ad
3564 5700 3712 5743 mar-

442 5768 622 5827 gtnem
662 5739 845 5825 posuit
889 5739 1209 5811 Garnérius.
1252 5768 1270 5802 ι
1296 5750 1376 5805 Ex
1408 5748 1506 5805 lib.
1541 5765 1559 5804 1
1589 5748 1800 5804 Theod.
1832 5739 1907 5803 De
1931 5739 2250 5806 incantati
2383 5739 2394 5752 ’
2442 5739 2456 5754 ’
2936 5739 2950 5754 ’
3108 5739 3122 5756 ’
