3950 6226
287 270 348 336 73
1372 269 1840 332 AUCTARIUM.
1880 295 1950 304 -—
1988 269 2085 329 AD
2123 267 2300 329 TOM.
2341 269 2438 329 IV.
3461 265 3525 330 Ἠ

281 386 411 455 μόνα
453 382 547 438 καὶ
590 383 836 454 φύλακα,
887 385 984 450 τὰς
1021 387 1281 457 ἐννόμους
1328 387 1521 457 ἑορτὰς
1579 385 1841 459 ἑορτάζει,

1969 384 2269 448 :ustodem;
2292 385 2568 455 legitimos
2596 385 2839 440 celebrat
2870 386 2988 441 dies
3018 386 3206 450 festos,
3231 386 3447 441 assidet
3473 386 3529 442 in

289 475 623 549 προσεδρεύει
649 476 728 548 τῷ
773 478 930 550 ἱερῷ,
953 479 1050 550 τὴν
1085 479 1385 550 Ἰουδαῖκὴν
1416 480 1630 550 ἐλέγχει
1674 482 1849 550 παχύ-

1970 479 2176 548 emplo,
2202 477 2487 534 Judaicam
2523 477 2804 548 redarguit
2836 479 3171 540 tarditatem,
3197 478 3362 548 idque
3388 479 3530 533 duo-

287 587 427 638 τητα,
455 569 549 622 καὶ
576 567 742 622 τοῦτο
785 573 937 623 ποιεῖ
971 569 1292 624 δυοκαίδεκα
1329 571 1466 633 τέως
1497 570 1590 642 ἔτη
1614 571 1847 640 γεγονὼς

1970 569 2126 624 lecim
2176 585 2352 627 annos
2393 581 2587 639 natus;
2635 573 2904 642 quaeritur
2941 587 2971 625 a
3013 569 3360 641 parentibus,
3403 583 3530 623 cum

278 660 412 728 μόνα
452 659 592 730 μετὰ
625 659 718 712 τὸν
747 660 940 724 τόκον,
979 661 1321 732 ὲπιζητεῖται
1364 662 1514 733 παρὰ
1547 662 1656 715 τῶν
1687 679 1838 732 προσ-

1973 661 2178 715 ἐΙίειιιε
2231 672 2405 729 esset;
2457 665 2766 734 arguitura
2797 672 2993 728 matre,
3047 678 3106 718 se
3162 661 3428 726 defendit,
3477 669 3533 716 et

282 751 510 820 ηκόντων
538 750 909 820 ἀπολειφθεὶς,
940 752 1249 820 ἐγκαλεῖται
1298 752 1449 822 παρὰ
1477 752 1574 821 τῆς
1629 750 1842 822 μητρὸς.

1971 753 2216 808 )aulatim
2264 770 2417 810 suam
2472 758 2629 826 quasi
2679 756 2921 812 denudat
2973 754 3334 810 divinitatem.
3388 753 3531 809 .Cum

283 841 645 910 ἀπολογεῖται,
659 842 755 895 καὶ
767 842 868 911 ὴρὲ
878 861 951 912 μα
972 859 1089 906 πως
1119 845 1468 914 παραγυμνοῖ
1481 844 1581 913 τὴν
1597 842 1843 912 θεότητα.

1973 843 2101 898 Enim
2133 843 2339 899 diceret
2375 859 2391 899 :
2424 845 2645 901 Scitisne
2693 847 2834 916 quod
2872 849 2930 901 in
2953 849 3036 902 Itis
3065 863 3182 918 qua
3220 845 3402 901 Patris
3425 845 3533 898 mei

275 935 390 986 οὐκ
431 932 698 985 σιδατείί
719 932 848 1002 γὰρ,
889 933 1074 1003 φησιν,
1113 932 1202 986 ὅτι
1227 933 1297 987 ἐν
1325 931 1450 999 τοῖς
1473 932 1582 986 τοῦ
1620 933 1835 1000 Πατρός

1974 941 2096 996 :unt,
2131 950 2211 986 me
2243 950 2354 989 esse
2381 947 2620 1008 oporteat
2651 939 2716 991 k?
2743 938 2984 994 ostendit
3046 953 3105 993 se
3128 954 3240 992 non
3269 937 3534 992 exsistere

275 1039 386 1090 μου
420 1021 516 1075 δεῖ
537 1019 694 1076 εἷναί
715 1040 793 1093 με
811 1039 830 1087 ;
851 1024 1067 1087 δεικνὺς
1094 1023 1170 1088 ὡς
1199 1025 1259 1077 οὑ
1305 1024 1466 1094 μόνον
1490 1023 1608 1078 ἐστὶ
1635 1023 1696 1076 τὸ
1719 1024 1835 1094 ὁρῶ·

1979 1023 2012 1076 d
2060 1024 2262 1086 solum,
2309 1027 2458 1096 quod
2492 1028 2668 1082 oculis
2699 1029 2966 1094 cernitur,
3013 1028 3110 1084 sed
3149 1029 3320 1084 latere
3368 1028 3422 1082 in
3467 1041 3534 1081 eo

280 1129 454 1181 μενον,
484 1112 623 1166 ἀλλὰ
653 1113 749 1166 καὶ
776 1113 910 1176 Θεὸς
953 1114 1010 1165 ὲν
1031 1113 1110 1183 τῷ
1139 1113 1402 1184 ὁρωμένῳ
1451 1114 1840 1183 κρυπτόμενος1

1975 1115 2103 1183 ιιιοό
2133 1118 2485 1185 cernebatur,
2513 1119 2716 1184 Deum,
2741 1120 2836 1189 qui
2869 1131 2996 1176 ante
3027 1129 3246 1190 tempus
3266 1127 3431 1189 atque
3467 1133 3535 1172 ex

273 1204 608 1273 ὑπέρχρονος
629 1203 724 1257 καὶ
752 1205 1081 1273 προαιώνιος
1104 1205 1168 1257 ὲκ
1189 1204 1285 1258 τοῦ
1315 1205 1526 1276 Πατρὶς
1549 1203 1827 1276 προελθών

1977 1205 2110 1260 mini
2158 1210 2466 1265 aeternitate
2515 1226 2544 1264 a
2601 1211 2764 1266 Patre
2824 1213 3178 1281 processerit.
3220 1211 3351 1277 Qum
3403 1223 3537 1264 vero

279 1293 353 1346 Τὰ
380 1295 436 1346 δὲ
488 1294 619 1364 ἑξῆς
661 1296 761 1365 τῆς
805 1295 1126 1366 θεανδρικῆς
1161 1296 1326 1350 αὑτοῦ
1373 1296 1648 1361 πολιτείας
1692 1297 1839 1352 acditi

1971 1299 2224 1372 deinceps
2256 1313 2318 1360 ut
2339 1306 2488 1361 Deus
2512 1313 2567 1360 et
2609 1305 2775 1361 homo
2810 1306 3004 1376 egerit,
3033 1304 3417 1376 exEvangelio
3448 1301 3531 1357 di—

277 1383 337 1436 ἐκ
365 1383 458 1437 τοῦ
493 1385 831 1454 Εὑαγγελίου
863 1384 1244 1458 μαθησόμεθα.

740 1385 831 1439 ,ίου
863 1384 1244 1458 μαθησόμεθα.
1955 1406 2122 1450 scere
2150 1394 2300 1451 licet.

345 1617 387 1648 "
417 1615 556 1670 Nam
591 1616 868 1686 quomodo
889 1658 903 1682 ,
950 1616 1138 1690 inquit
1157 1661 1172 1686 ,
1213 1615 1404 1676 Patris
1430 1621 1658 1691 aequalis
1688 1639 1787 1693 per
1816 1625 2109 1681 essentiam
2135 1626 2372 1691 exsistit,
2407 1626 2501 1698 qui
2522 1627 2810 1698 perfect-us
2838 1644 2948 1682 non
2977 1629 3097 1684 est?
3127 1623 3537 1684 Videturenim

276 1707 542 1777 sapientia
568 1707 866 1777 proﬁcere;
897 1725 1021 1764 cum
1050 1711 1212 1766 Pater
1240 1713 1334 1782 qui
1363 1714 1512 1767 nullo
1540 1715 1803 1786 indigeat,
1833 1734 1935 1773 ncc
1961 1719 2265 1789 profectum
2291 1720 2564 1774 admittat.
2594 1719 3036 1774 Percontandum
3067 1737 3134 1774 ex
3158 1719 3253 1774 Dei
3278 1719 3539 1773 adversa-

276 1799 389 1861 riis,
439 1798 511 1853 de
568 1814 808 1868 quonam
851 1800 989 1855 illud
1039 1802 1248 1857 dictum
1295 1812 1510 1873 putent,
1558 1805 1873 1875 Proﬁcicbat
1908 1811 2170 1880 sapientia
2201 1818 2251 1863 et
2295 1809 2525 1880 gratia‘.
2585 1811 2751 1874 Plane
2778 1809 2998 1876 dicent,
3028 1810 3097 1864 de
3136 1809 3264 1865 Jesu
3294 1808 3538 1863 Christo.

274 1887 525 1952 Ad‘haec,
578 1889 825 1943 omnium
873 1889 1299 1957 dementissimi,
1354 1908 1671 1962 quemnam,
1717 1911 1782 1950 ac
1826 1899 2062 1968 cujatem
2099 1898 2456 1967 putatisesse
2478 1899 2758 1953 Christum
2793 1899 2860 1953 de
2884 1915 2995 1968 quo
3028 1908 3112 1953 est
3138 1899 3300 1953 Luca:
3323 1896 3544 1952 sermo?

277 1978 404 2034 Nam
460 1979 509 2034 si
558 1995 686 2034 eum
736 1995 1085 2037 communem
1139 1984 1420 2038 hominem
1463 2001 1584 2039 esse
1637 1986 1883 2053 creditis,
1936 2005 2000 2043 ac
2031 1989 2302 2060 ejusmodi
2335 1990 2662 2043 existimatis
2695 1997 2763 2043 ut
2797 1989 2933 2042 nihil
2961 1990 3161 2043 habeat
3191 2005 3358 2060 supra
3380 1988 3539 2051 alios,

276 2071 528 2139 proﬁciat
557 2077 614 2122 et
636 2069 753 2138 ipse
785 2078 847 2124 ut
871 2072 1058 2126 homo.
1093 2072 1188 2126 Sin
1213 2083 1397 2127 autem
1428 2075 1572 2129 Deus
1595 2085 1679 2129 est
1726 2075 2115 2142 factushomo,
2152 2077 2524 2146 Verbumque,
2560 2079 2638 2132 uti
2663 2079 2927 2148 scriptum
2954 2087 3059 2143 εει,
3090 2077 3296 2133 factum
3325 2094 3541 2143 cat-0";

285 2180 580 2233 quemnam
627 2166 938 2236 profectum
981 2164 1276 2234 suscipiet?
1309 2174 1426 2220 ‘aut
1473 2167 1751 2235 quomodo
1796 2169 1905 2222 erit
1952 2169 2308 2239 imperfectus
2362 2167 2456 2238 qui
2486 2170 2557 2223 sit
2585 2169 2812 2239 aequalis
2836 2170 2980 2225 Deo?
3011 2171 3146 2226 Nam
3180 2181 3236 2226 et
3259 2172 3412 2227 illum
3437 2173 3542 2226 im-

281 2253 584 2322 perfectum
624 2269 748 2309 esse
799 2260 1040 2323 oportet,
1090 2253 1186 2306 cui
1229 2261 1320 2307 est
1371 2255 1618 2324 aequalis,
1671 2255 1722 2309 si
1769 2272 1861 2310 res
1903 2257 1978 2312 ita
2009 2273 2068 2312 se
2092 2259 2300 2313 habent
2337 2267 2395 2313 ut
2422 2274 2520 2313 vos
2543 2260 2748 2314 dicitis.
2783 2259 2880 2314 Sin
2907 2272 3090 2316 autem
3123 2278 3220 2317 vos
3241 2279 3458 2333 quoque
3488 2264 3542 2318 id

278 2361 401 2400 cum
428 2346 664 2410 sentire,
695 2355 811 2400 tum
841 2344 1024 2398 dicere
1049 2342 1278 2412 impium
1304 2345 1574 2413 reputatis
1609 2345 1945 2416 (perfectum
1971 2349 2121 2403 enim
2151 2349 2369 2404 Patrem
2395 2365 2517 2404 esse
2548 2349 2892 2419 admittitis),
2925 2350 3231 2420 perfectum
3257 2354 3424 2406 etiam
3444 2368 3545 2407 ne-

277 2456 430 2497 cesse
469 2449 560 2495 est
606 2437 938 2495 existimetis
968 2435 1188 2501 Filium,
1223 2436 1317 2506 qui
1361 2437 1413 2490 ei
1453 2439 1680 2507 aequalis
1711 2438 1801 2492 sit.
1842 2439 1962 2493 Non
1988 2455 2118 2511 ergo
2147 2456 2212 2494 ea
2238 2441 2470 2506 ratione,
2495 2456 2602 2510 qua
2627 2441 2870 2496 Verbum
2896 2449 3001 2506 est,
3026 2441 3232 2497 dicitur
3251 2443 3543 2514 proﬁcere,

273 2536 374 2590 sed
399 2549 509 2604 qua
538 2533 715 2588 factus
739 2542 823 2587 est
853 2532 1038 2596 homo,
1071 2539 1127 2586 et
1150 2540 1402 2586 naturam
1427 2533 1660 2602 gestavit
1685 2549 1808 2602 qua:
1837 2534 2012 2604 possit
2041 2535 2332 2604 proﬁcere.
2360 2535 2453 2589 Ait
2479 2535 2716 2604 quodam
2742 2536 2866 2590 loco
2884 2535 3088 2590 Paulus
3112 2536 3178 2592 de
3201 2539 3542 2603 DeoVerbo,

289 2635 397 2679 tum
441 2639 565 2678 esse
620 2624 675 2678 in
709 2622 882 2677 forma
917 2620 1036 2685 Dei,
1082 2627 1195 2675 tum
1225 2635 1346 2675 esse
1378 2621 1646 2690 aequalem
1673 2621 1850 2675 Deo".
1905 2621 1961 2677 Si
1988 2623 2154 2694 igitur
2189 2639 2314 2678 cum
2346 2623 2494 2678 Patri
2524 2624 2752 2693 tequalis
2772 2634 2919 2678 esset
2945 2626 3251 2694 profectum
3279 2630 3546 2700 suscepit,

277 2732 348 2773 ac
387 2718 572 2788 reipsa
597 2715 868 2787 profecit;
906 2715 1065 2784 plane
1097 2715 1270 2785 major
1289 2716 1450 2770 Patre
1473 2723 1577 2781 est,
1614 2715 1908 2787 ipsumque
1928 2718 2230 2788 superavit,
2267 2719 2362 2787 qui
2386 2717 2482 2783 ita,
2511 2719 2591 2772 uti
2606 2733 2714 2772 'vos
2737 2718 2942 2784 dicitis,
2966 2719 3112 2775 Deus
3131 2721 3372 2776 Verbum
3418 2737 3551 2794 pro-

277 2808 435 2863 fecit.
469 2809 542 2863 At
565 2807 715 2862 istud
744 2808 992 2862 omnium
1023 2807 1482 2864 absurdissimum
1501 2817 1607 2864 est.
1644 2810 1765 2865 Non
1792 2827 1924 2883 ergo
1950 2812 2186 2882 profecit
2211 2812 2475 2877 Verbum,
2506 2827 2613 2882 qua
2639 2812 2850 2867 ratione
2876 2813 3117 2868 Verbum
3144 2823 3261 2880 est;
3293 2824 3377 2870 est
3402 2815 3550 2872 enim

291 2901 595 2971 perfectum
629 2901 774 2956 sicut
802 2901 986 2956 Pater.
1022 2899 1128 2955 Sed
1154 2907 1211 2955 et
1238 2900 1384 2956 istud
1409 2900 1618 2956 dictum
1642 2910 1727 2957 est
1751 2911 1977 2973 prepter
1997 2919 2141 2969 eam,
2165 2921 2276 2974 qua
2303 2903 2510 2958 factum
2532 2911 2615 2957 est
2635 2903 2821 2969 homo,
2855 2905 3242 2961 oeconomiam.

359 2993 419 3048 Si
462 2995 700 3065 profecit
730 2994 976 3049 Verbum
1027 3009 1150 3049 cum
1179 2993 1383 3050 factum
1409 3005 1494 3050 est
1516 2996 1682 3051 homo
1719 3011 1784 3050 ac
1807 3006 2054 3050 nostram
2080 2997 2317 3066 gestavit
2336 3011 2581 3060 carnem,
2613 3011 2724 3049 non
2750 2997 2928 3066 ipsum
2959 3013 3060 3052 nos
3082 2999 3230 3068 ‘juvit
3258 3016 3364 3068 qua
3387 2999 3555 3055 homo

294 3095 496 3150 factum
522 3100 628 3159 est,
672 3089 770 3145 sed
791 3090 843 3145 ei
875 3090 1062 3160 potius
1092 3105 1222 3145 caro
1249 3089 1651 3160 perfectionem
1673 3091 1880 3148 attulit.
1935 3091 2096 3155 Nam,
2139 3091 2184 3145 si
2210 3105 2342 3145 vere
2366 3090 2602 3162 profecit
2629 3089 2851 3160 quando
2880 3089 3190 3144 estfactum
3214 3107 3362 3158 caro,
3395 3093 3558 3162 plano

295 3194 677 3265 imperfectum
703 3201 824 3247 erat
853 3197 982 3245 ante
1019 3188 1340 3254 adventum,
1373 3204 1653 3259 nuncque,
1684 3197 1746 3244 ιιι
1771 3197 1955 3244 vestra
1977 3188 2085 3242 fert
2109 3187 2404 3252 sententia,
2437 3186 2831 3257 perfectionem
2862 3185 3122 3254 adeptum
3147 3193 3249 3240 est.
3278 3185 3403 3252 Qua
3426 3201 3558 3257 ergo

294 3286 506 3341 ratione
559 3283 762 3354 gratias
793 3281 1010 3352 agimus
1060 3289 1123 3335 ut
1153 3279 1330 3335 nostri
1359 3293 1524 3336 causa
1548 3280 1694 3335 facto
1719 3280 1932 3334 homini
1953 3320 1968 3342 ,
2023 3293 2148 3333 cum
2182 3279 2362 3347 ipsum
2391 3277 2554 3332 nobis
2579 3292 2646 3332 eo
2673 3275 2896 3331 nomine
2924 3285 3175 3346 Oporteat
3198 3278 3426 3347 gratiam
3458 3279 3558 3334 ha-

295 3382 463 3437 bere?
495 3380 565 3436 At
595 3379 702 3434 hoc
728 3377 1054 3433 absurdum.
1089 3377 1210 3432 Non
1241 3393 1376 3448 ergo
1398 3377 1634 3447 profecit
1662 3392 1770 3446 qua
1793 3376 2035 3435 Verbum
2061 3381 2151 3430 est
2175 3392 2188 3429 :
2213 3374 2308 3429 sed
2339 3374 2548 3429 dictum
2572 3373 2679 3428 hoc
2705 3373 2783 3428 ob
2810 3371 3278 3445 dispensationem
3317 3388 3388 3427 ac
3412 3387 3564 3429 com-

295 3473 564 3530 mercium
595 3472 745 3544 quod
771 3488 900 3528 cum
929 3487 1092 3528 carne
1120 3471 1334 3527 habuit.
2209 3457 2220 3467 ’

365 3571 525 3634 Item,
559 3569 750 3624 multis
794 3568 1116 3624 nominibus
1165 3569 1474 3639 appellatur
1505 3569 1604 3623 Dei
1631 3569 1871 3624 Verbum
1909 3569 1964 3623 in
1984 3568 2297 3639 Scriptura.
2357 3568 2571 3622 Dictum
2603 3574 2688 3621 est
2713 3567 2881 3631 enim,
2921 3573 3086 3636 atque
3115 3573 3200 3621 est
3225 3565 3436 3621 Filius:
3464 3580 3563 3620 vo—

292 3674 478 3722 catum
523 3674 609 3720 εει
659 3664 976 3733 Sapientia;
1039 3673 1421 3734 nuncupatum
1452 3664 1619 3729 Deus,
1662 3665 1849 3720 Virtus
1878 3681 1974 3720 seu
2004 3665 2276 3729 Potentia,
2306 3663 2483 3718 forma
2516 3670 2572 3717 et
2599 3662 2776 3732 imago
2795 3661 2998 3716 Patris.
3033 3660 3090 3715 Si
3113 3676 3265 3730 ergo,
3295 3676 3419 3715 cum
3448 3660 3565 3715 hac

290 3757 478 3812 omnia
511 3758 604 3819 sit,
642 3755 934 3826 proﬁciat;
990 3757 1166 3826 majus
1196 3755 1388 3825 utique
1417 3754 1629 3825 aliquid
1654 3755 1842 3809 dicere
1868 3763 2120 3824 possunt,
2153 3769 2317 3823 quam
2341 3752 2413 3808 sit
2434 3751 2628 3814 Filius,
2662 3749 2965 3819 Sapientia,
2995 3749 3203 3812 Virtus,
3233 3749 3399 3813 Deus,
3433 3749 3567 3805 alia-

299 3867 402 3921 que
430 3851 638 3913 omnia,
674 3865 743 3904 ne
771 3850 897 3920 quis
926 3849 1139 3920 singula
1163 3857 1468 3905 recenseat.
1505 3849 1574 3904 At
1605 3849 1833 3919 impium
1857 3857 1942 3904 est
1974 3848 2050 3902 ita
2073 3848 2280 3903 sentire
2308 3864 2322 3901 :
2350 3847 2463 3901 Deo
2491 3859 2728 3914 namque
2759 3843 2900 3897 nihil
2926 3843 3103 3912 majus
3123 3851 3229 3896 est.
3261 3841 3382 3895 Non
3405 3855 3560 3912 ergo,

297 3957 403 4012 qua
435 3951 523 3997 est
555 3941 818 4006 Verbum,
855 3940 1122 4012 proﬁcere
1147 3941 1373 3996 dicitur.

367 4034 530 4098 ltcm,
577 4035 948 4106 Principatus,
981 4037 1208 4102 Throni,
1247 4037 1682 4103 Dominationes,
1713 4037 1906 4109 Angeli
1949 4045 2005 4091 et
2030 4037 2380 4108 Archangeli,
2409 4035 2698 4106 omnisque
2724 4033 2904 4088 virtus
2942 4031 3248 4093 rationalis,
3286 4029 3475 4086 adhuc
3511 4037 3569 4085 ct

298 4129 561 4184 homines
584 4171 600 4196 ,
640 4130 808 4186 Verbi
856 4133 1281 4202 participatione
1335 4132 1404 4187 ad
1448 4149 1664 4189 omnem
1703 4134 1962 4203 pietatem
1994 4132 2224 4203 perfecti
2252 4133 2548 4194 exsistunt,
2601 4145 2664 4184 ac
2687 4127 3085 4200 perfectionem
3112 4124 3564 4195 indipiseuntur:

293 4241 410 4295 quo
449 4241 582 4296 ergo
611 4235 797 4296 pacto,
823 4225 972 4295 quod
1011 4227 1133 4282 aliis
1163 4226 1555 4297 perfectionem
1580 4226 1812 4297 przebet,
1845 4225 2227 4295 imperfectum
2253 4240 2374 4279 esse
2397 4231 2601 4293 potest,
2631 4230 2693 4276 ut
2715 4228 2770 4274 et
2793 4224 3004 4289 quagrat
3027 4214 3314 4286 proﬁcere,
3348 4223 3405 4268 et
3429 4228 3568 4282 aug-

310 4326 498 4373 mento
539 4317 729 4386 aliquo
771 4318 1131 4386 promovere?
1187 4317 1292 4383 Qui
1329 4333 1482 4380 vero,
1529 4317 1575 4372 si
1602 4332 1732 4371 vere
1759 4316 2041 4385 Sapientia
2065 4322 2168 4380 est,
2201 4315 2471 4384 sapientia
2510 4321 2692 4382 potest
2730 4306 3031 4379 proﬁcere?
3063 4304 3258 4370 Quive,
3287 4319 3420 4358 cum
3449 4300 3572 4356 aliis

305 4405 403 4460 det
441 4407 699 4476 gratiam,
756 4405 874 4476 ipse
895 4407 1076 4476 gratia
1106 4408 1347 4476 proﬁcit,
1401 4418 1661 4477 tanquam
1691 4407 1923 4476 gratiam
1956 4423 2068 4461 non
2093 4405 2360 4460 haberet?
2408 4404 2525 4458 Nisi
2556 4403 2698 4457 forte
2729 4397 2948 4454 mentiri
2979 4396 3208 4449 Paulum
3234 4395 3440 4456 dicant,
3472 4392 3567 4460 qui

305 4497 503 4552 Filium
557 4497 888 4567 sapientiam
934 4498 1228 4567 appellet°,
1280 4513 1346 4552 ac
1369 4499 1558 4568 gratia:
1583 4497 1852 4551 datorem.
1915 4499 1984 4551 At
2014 4513 2124 4550 non
2151 4495 2418 4550 mentitur
2445 4493 2695 4548 veritatis
2719 4491 2991 4547 minister.
3029 4493 3149 4546 Non
3176 4500 3304 4555 ergo
3335 4482 3571 4553 profecit

303 4603 412 4658 qua
442 4589 659 4642 ratione
692 4587 935 4643 Verbum
963 4595 1048 4642 est
1082 4605 1094 4640 :
1127 4586 1222 4641 sed
1253 4595 1512 4656 tanquam
1541 4585 1610 4640 de
1638 4585 1862 4640 homine
1885 4584 2111 4649 dicitur,
2147 4584 2241 4653 qui
2266 4593 2455 4637 nostra
2483 4581 2668 4636 omnia
2698 4581 2873 4635 nostri
2900 4595 3062 4633 causa
3084 4574 3464 4644 assumpserit.
3529 4616 3532 4620 .

373 4679 532 4747 Quod
553 4689 640 4734 est
663 4679 1070 4749 imperfectum,
1101 4678 1171 4734 ad
1200 4678 1254 4732 id
1278 4693 1495 4748 semper
1515 4678 1800 4733 contendit
1829 4676 1976 4747 quod
2003 4675 2309 4746 perfectum
2331 4682 2442 4740 est;
2474 4673 2797 4744 utprimum
2824 4670 3048 4740 quidem
3070 4669 3253 4722 locum
3282 4668 3335 4719 in
3360 4679 3470 4736 quo
3489 4674 3574 4719 est

305 4783 646 4839 contemnat,
701 4775 964 4844 velutque
1007 4790 1224 4845 semper
1269 4775 1521 4829 altiorem
1573 4789 1637 4828 ac
1679 4774 1965 4827 meliorem
2005 4779 2232 4841 quaerat.
2267 4770 2432 4826 Verbi
2461 4770 2634 4839 gratia
2660 4785 2672 4821 :
2700 4783 2800 4821 nos
2821 4763 3075 4826 homines
3100 4761 3438 4833 proﬁcimus,
3474 4762 3570 4829 qui

309 4868 581 4939 sapientia
615 4883 680 4922 ac
707 4868 1011 4922 virtutibus
1039 4867 1162 4921 aliis
1192 4867 1455 4938 paulatim
1484 4865 1743 4921 meliores
1766 4864 1973 4928 effecti,
2008 4866 2089 4919 sic
2115 4865 2181 4919 ad
2211 4865 2335 4917 vitae
2357 4862 2756 4933 perfectionem
2782 4859 3048 4912 feramur.
3084 4857 3156 4911 At
3188 4856 3284 4910 Dei
3308 4854 3570 4918 Verbum,

308 4977 435 5018 cum
470 4963 526 5016 in
548 4961 712 5016 Patre
737 4961 828 5027 sit,
863 4976 1102 5032 quonam
1130 4959 1352 5014 tandem
1384 4959 1674 5014 excurret?
1705 4957 1992 5024 Quodnam
2024 4972 2154 5012 vero
2183 4963 2540 5025 augmentum
2569 4952 2854 5022 suscipiet,
2887 4949 3035 5020 quod
3063 4949 3137 5003 ita
3165 4948 3471 5020 perfectum
3499 4946 3573 5000 sit

312 5063 371 5108 ut
396 5060 574 5107 totum
607 5051 667 5104 in
694 5065 753 5106 se
785 5051 1006 5106 Patrem
1030 5034 1576 5117 habeatftotumque
1603 5048 1780 5117 ipsum
1819 5045 2061 5101 vicissim
2093 5045 2149 5098 in
2172 5046 2331 5100 Patre
2353 5041 2614 5097 exsistat?
2648 5041 2703 5094 Si
2728 5041 2897 5107 enim,
2933 5055 3056 5094 cum
3087 5040 3302 5094 Patrem
3324 5037 3576 5107 impleret

310 5149 582 5223 (crassius
606 5147 757 5202 enim
791 5148 945 5202 velut
975 5147 1078 5201 sub
1107 5146 1357 5216 exemplo
1383 5145 1657 5213 dicatur),
1715 5143 2023 5223 profectum
2053 5141 2341 5211 quemdam
2372 5147 2796 5209 augmentumve
2817 5135 3087 5206 suscepit;
3143 5132 3320 5188 Patris
3345 5130 3577 5186 excessit

312 5245 471 5308 fines,
497 5243 659 5297 Patre
681 5242 739 5297 in
766 5257 878 5312 quo
896 5248 1016 5319 erat
1039 5241 1297 5297 cﬁectum
1318 5241 1515 5310 majus.
1537 5239 1704 5309 Atqui
1726 5254 1834 5292 non
1856 5238 2090 5292 excessit
2112 5238 2348 5300 Patrem,
2372 5234 2467 5289 sed
2499 5235 2553 5288 in
2577 5251 2644 5289 eo
2670 5249 2890 5304 semper
2905 5233 3209 5303 perfectum
3236 5230 3288 5283 in
3311 5227 3575 5298 perfecto,

397 5397 421 5438 Ιι
448 5397 582 5454 Luc.
620 5413 680 5463 ιι,
713 5397 802 5453 49.
886 5393 905 5434 ι
939 5395 1073 5449 Luc.
1100 5410 1156 5459 ιι,
1183 5393 1273 5449 52.
1345 5402 1384 5431 ω
1417 5393 1570 5449 Joan.
1599 5409 1636 5457 ι,
1667 5394 1755 5447 M.
1857 5401 1880 5429 η
1913 5394 1953 5448 Ρ

1265 5435 1273 5448 .
1345 5402 1384 5431 ω
1417 5393 1570 5449 Joan.
1599 5409 1636 5457 ι,
1667 5394 1755 5447 14.
1857 5401 1880 5429 η
1913 5392 2149 5461 Philipp.
2183 5409 2239 5458 ιι,
2263 5391 2316 5445 6.
2423 5403 2443 5423 °
2479 5390 2647 5457 lCor,
2675 5409 2713 5455 ι,
2738 5390 2825 5444 24.

1607 5533 1690 5589 VA
1703 5533 1836 5588 ιιιίΕ
1871 5531 2162 5589 LECTION
2171 5532 2272 5588 ES.

389 5653 429 5687 "
457 5653 598 5714 Loco
626 5654 720 5711 cit.
765 5653 876 5722 leg.
910 5649 1110 5721 ᾔδειτε.
1189 5649 1230 5679 ⁸⁸
1253 5647 1332 5702 Ex
1367 5648 1614 5706 Combcf.
1656 5651 1900 5706 Biblioth.
1935 5653 2192 5716 conciam,
2223 5659 2356 5706 tom.
2402 5655 2444 5715 Ι,
2490 5666 2610 5722 pag.
2661 5649 2785 5716 602,
2831 5665 2919 5721 ap.
2953 5645 3202 5706 Galland.
3252 5642 3344 5712 IX,
3377 5641 3500 5700 420.

620 5751 909 5813 ΡΔΤΒΟΙ..
955 5745 1071 5807 Gn.
1112 5744 1421 5806 LXXXIV.
3113 5742 3150 5806 3
