3950 6226
381 296 453 359 75
1587 292 1902 354 OPERUM
1942 290 2432 355 THEODORETI
2798 282 2805 295 λ
3559 299 3631 359 76

383 402 799 473 perfectumaue
844 402 1056 459 habens
1103 404 1155 459 in
1189 401 1371 473 seipse
1398 400 1632 456 exsistit.
1668 400 1791 455 Non
1818 415 1949 471 ergo
1976 399 2211 470 profecit
2245 417 2352 473 qua
2378 402 2619 457 Verbum
2648 409 2762 468 est;
2818 402 2911 459 sed
2940 403 3242 475 perfectum
3273 405 3416 462 idem
3450 408 3630 478 Ipsum

384 502 590 562 manet,
623 496 872 567 nullique
903 498 1196 552 mutationi
1219 496 1538 552 obnoxium.

452 616 725 674 Praeterea
753 618 831 672 ait
858 617 1058 673 Paulus
1091 617 1158 672 de
1187 617 1327 672 Filio
1356 634 1369 668 :
1400 610 1711 668 Humiliavit
1737 614 2095 684 semetipsum,
2124 614 2351 683 formam
2378 616 2512 668 servi
2541 616 2799 687 accipiens
2818 626 2864 670 Ρ.
2897 615 3035 671 Cum
3063 616 3249 687 itaque
3272 618 3457 674 nullus
3482 634 3547 675 ea
3575 636 3636 676 re

384 709 693 764 oﬁ‘endatur
714 749 728 773 ,
765 724 889 775 nec,
935 725 1059 763 cum
1086 707 1242 763 audit
1286 706 1605 760 humiliasse
1636 705 2015 775 semetipsum,
2050 705 2257 760 humile
2282 705 2414 774 quid
2439 707 2638 761 sentiat
2669 705 2737 761 de
2763 707 2875 762 Deo
2898 707 3103 771 Verbo,
3135 709 3269 779 quin
3300 710 3485 780 potius
3513 712 3637 783 ejus

383 799 685 857 admiretur
714 800 1087 864 clementiam;
1142 798 1421 868 quomodo
1450 813 1562 852 non
1588 795 1931 868 superﬂuum
1958 813 2026 852 eo
2050 796 2280 862 oﬁ‘endi,
2327 798 2473 866 quod
2507 798 2802 867 profecisse
2834 815 2960 854 eum
2987 800 3310 856 audiamus?
3352 802 3637 873 Siquidem

381 893 553 956 enim,
607 906 675 947 eo
723 891 871 962 quod
919 890 1244 945 humiliatus
1274 898 1380 956 est,
1433 888 1573 945 nihil
1606 890 1786 945 deitas
1810 891 1942 945 laesa
1963 896 2068 955 est,
2101 905 2206 945 nec
2234 890 2426 960 utique
2455 890 2599 961 quod
2626 890 2925 961 profecerit
2951 893 3197 948 laedenda
3220 903 3306 953 est
3332 913 3344 949 :
3374 911 3458 959 ac,
3489 897 3638 953 sicut

382 991 557 1046 nostri
583 1005 747 1045 causa
771 986 1081 1043 humiliavit
1112 989 1497 1059 semetipsum,
1552 987 1634 1042 sic
1658 995 1714 1040 et
1740 985 1916 1039 nostri
1944 998 2109 1041 causa
2139 984 2369 1054 suscipit
2393 984 2721 1054 profectum,
2755 993 2818 1039 ut
2844 1001 2945 1041 nos
2971 987 3169 1042 iterum
3196 988 3250 1042 in
3273 1002 3340 1044 eo
3369 989 3638 1059 sapientia

382 1086 752 1158 proﬁciamus,
789 1088 883 1158 qui
913 1087 1043 1141 olim
1073 1095 1300 1157 peccato
1331 1085 1515 1141 effecti
1540 1100 1733 1140 sumus
1761 1085 2030 1155 jumentis
2057 1085 2296 1149 similes;
2332 1085 2794 1158 proﬁciamusque
2818 1089 3018 1161 gratia,
3054 1089 3150 1159 qui
3173 1090 3303 1144 olim
3336 1087 3467 1143 Adae
3492 1100 3637 1157 prte-

382 1177 737 1232 varicationis
791 1177 872 1232 rei
921 1193 1114 1232 sumus
1147 1177 1322 1231 habiti
1360 1177 1508 1231 odio.
1546 1175 1739 1230 Omnia
1767 1175 1916 1230 enim
1945 1183 2135 1229 nostra
2166 1176 2339 1230 nostri
2365 1190 2530 1230 causa
2559 1176 2615 1232 in
2643 1178 2886 1248 seipsum
2917 1181 3162 1251 suscepit
3185 1178 3460 1243 Christus,
3491 1186 3554 1231 ut
3577 1176 3638 1231 in

384 1269 580 1324 melius
611 1279 809 1324 cuncta
835 1276 1159 1335 commutet,
1194 1269 1439 1339 bonique
1463 1269 1646 1324 omnis
1678 1267 1965 1322 hominum
1994 1267 2185 1337 generi
2218 1266 2488 1323 efﬁciatur
2514 1270 2870 1340 principium.

450 1384 729 1438 Naturalis
774 1384 863 1439 lex
886 1392 990 1448 est,
1045 1399 1167 1453 quae
1217 1398 1328 1437 non
1373 1383 1519 1438 sinat
1559 1382 1837 1437 hominem
1872 1382 2069 1452 majori
2112 1383 2274 1450 longe
2304 1383 2601 1453 prudentia
2628 1384 2921 1455 praeditum
2944 1401 3088 1451 esse,
3141 1401 3304 1455 quam
3329 1400 3432 1455 pro
3459 1382 3642 1439 mtatis

383 1474 548 1529 modo
581 1492 594 1528 :
629 1475 725 1529 sed
758 1484 813 1529 et
845 1474 901 1528 in
926 1475 1090 1530 nobis
1124 1474 1198 1529 ita
1223 1482 1599 1543 comparatum
1626 1481 1731 1538 est,
1768 1482 1828 1528 ut
1850 1473 2045 1545 judicii
2066 1473 2152 1528 vis
2178 1474 2586 1543 quodammodo
2614 1475 2791 1531 aetatis
2817 1477 3159 1547 profectibus
3182 1493 3367 1533 comes
3386 1478 3637 1533 exsistat.

383 1566 517 1622 Erat
542 1582 673 1637 ergo
704 1565 946 1621 Verbum
982 1565 1035 1619 in
1068 1580 1232 1619 carne
1264 1563 1468 1619 factum
1502 1564 1688 1628 homo,
1716 1571 1771 1618 et
1798 1565 2103 1634 perfectum
2134 1574 2289 1631 erat;
2322 1581 2448 1620 cum
2472 1566 2732 1622 nimirum
2761 1567 2859 1623 Dei
2888 1569 3159 1638 sapientia
3185 1586 3249 1625 ac
3272 1570 3448 1625 virtus
3468 1578 3637 1625 esset.

383 1659 485 1719 Cui
514 1670 698 1716 tamen
728 1661 985 1715 humanm
1014 1659 1189 1714 indoli
1212 1667 1424 1713 natura:
1450 1659 1754 1714 cedendum
1780 1667 1919 1724 erat,
1973 1674 2044 1713 ne
2072 1659 2205 1729 quid
2236 1675 2440 1714 novum
2471 1661 2866 1716 contuentibus
2893 1662 3192 1730 videretur,
3237 1678 3471 1733 corpore
3501 1678 3641 1733 pau-

384 1755 539 1810 latim
564 1763 848 1811 crescente
883 1763 942 1809 ut
971 1756 1137 1808 homo
1163 1769 1283 1809 sese
1313 1754 1579 1824 prodebat
1615 1771 1628 1808 :
1667 1754 1833 1823 inque
1861 1753 1981 1808 dies
2005 1753 2252 1825 singulos
2278 1754 2583 1823 sapientius
2614 1770 2737 1810 cum
2763 1755 3104 1824 videntibus,
3138 1767 3253 1813 tum
3282 1758 3642 1813 audientibus

386 1844 687 1917 apparebat
739 1864 753 1898 :
805 1861 931 1901 cum
980 1845 1243 1901 nimirum
1277 1844 1334 1899 in
1362 1845 1640 1909 omnibus,
1670 1854 1733 1900 ut
1762 1845 1972 1900 dictum
2002 1854 2109 1910 est,
2142 1847 2449 1917 perfectum
2476 1855 2656 1915 esset,
2693 1848 2911 1909 tametsi
2943 1866 3290 1906 communem
3316 1860 3524 1906 natura:
3552 1851 3642 1905 in-

386 1936 569 1993 dolem
620 1936 916 1992 retinebat.
977 1937 1115 1992 Cum
1156 1940 1289 2007 er'go
1338 1935 1518 2001 audis,
1554 1935 1872 2004 Proﬁciebat
1899 1936 2160 1995 sapientia
2190 1946 2240 1991 et
2267 1940 2475 2009 gratia,
2527 1939 2820 2008 ngfactam
2848 1940 2924 1994 illi
2956 1942 3240 2012 sapientiae
3267 1940 3644 1997 accessionem

384 2030 623 2100 aliquam
655 2030 938 2086 existimes
968 2028 1092 2100 (Dei
1117 2029 1267 2085 enim
1295 2029 1537 2085 Verbum
1573 2029 1782 2085 nullius
1812 2029 1986 2100 eget),
2036 2030 2133 2086 sed
2163 2034 2290 2101 quia
2313 2032 2634 2088 videntibus
2661 2034 2966 2103 sapientius
2993 2049 3213 2104 semper
3242 2042 3407 2104 atque
3431 2032 3651 2105 gratius

383 2133 523 2190 erat,
556 2124 685 2180 inde
710 2124 978 2196 proﬁcere
1007 2125 1218 2181 dictum
1244 2133 1360 2192 est;
1400 2132 1462 2180 ut
1490 2125 1617 2180 inde
1641 2126 1754 2195 jam
1781 2125 2172 2182 admirantium
2201 2127 2443 2193 habitus,
2475 2144 2639 2199 quam
2670 2129 2848 2200 ipsius
2873 2129 3046 2200 magis
3066 2129 3388 2200 proﬁceret.

451 2242 610 2311 Quod
640 2243 697 2296 in
724 2243 912 2313 aliquo
938 2242 1179 2313 proﬁcit,
1210 2242 1361 2297 aliud
1386 2248 1471 2298 est
1504 2242 1573 2297 ab
1604 2258 1670 2299 eo
1705 2243 1760 2297 in
1788 2258 1898 2312 quo
1925 2244 2165 2313 prolicit.
2219 2244 2356 2299 Cum
2382 2260 2512 2316 ergo
2550 2246 2711 2301 Jesus
2736 2246 2918 2302 dictus
2945 2249 3018 2300 sit
3040 2246 3314 2316 sapientia
3338 2242 3607 2315 proﬁcere
3628 2283 3645 2308 ,

385 2350 498 2391 non
539 2335 811 2402 sapientia
856 2332 1217 2404 proﬁciebat,
1271 2332 1369 2389 sed
1402 2334 1458 2387 in
1486 2333 1578 2387 illa
1609 2334 1830 2388 animus
1851 2333 2112 2388 hominis.
2171 2333 2307 2389 Cum
2341 2350 2399 2389 se
2428 2334 2576 2390 enim
2608 2335 2857 2405 quotidie
2881 2335 3061 2390 deitas
3094 2336 3148 2389 in
3177 2350 3247 2389 eo
3267 2335 3550 2405 detegeret
3579 2348 3648 2388 ac

386 2423 795 2491 manifestaret,
849 2425 1046 2494 majori
1067 2439 1287 2494 semper
1311 2424 1631 2479 videntibus
1657 2423 2011 2478 admirationi
2043 2424 2371 2479 habebatur.
2435 2425 2661 2495 Hocque
2689 2425 2796 2480 sibi
2821 2425 2942 2480 vult
2969 2424 3116 2496 quod
3145 2424 3351 2479 dictum
3373 2432 3476 2488 est,
3506 2422 3647 2477 Pro-

385 2514 593 2587 ﬁciebat
619 2517 904 2587 sapientia.
962 2514 1046 2569 Ad
1076 2517 1223 2570 hunc
1249 2514 1472 2569 modum
1506 2514 1777 2585 sapientia
1806 2513 2130 2588 moﬁciebat
2156 2514 2470 2569 humanitas
2498 2532 2511 2568 :
2540 2522 2737 2571 natura
2766 2516 3007 2570 humana
3030 2514 3353 2584 sapientiam
3380 2511 3646 2579 induens;

385 2607 493 2665 hoc
511 2616 617 2673 est,
639 2609 735 2664 Dei
759 2607 997 2663 Verbum
1020 2606 1285 2677 paulatim
1306 2622 1405 2677 per
1428 2620 1595 2675 opera
1621 2621 1685 2660 ac
1709 2605 1992 2660 mirabiles
2017 2604 2248 2660 ell‘ectus
2267 2613 2607 2676 assumptum
2634 2606 2897 2676 templum
2926 2605 3070 2676 apud
3095 2605 3345 2660 videntes
3360 2603 3650 2669 deiﬁcans,

386 2718 454 2759 ea
502 2705 609 2760 sibi
658 2705 873 2760 ratione
929 2703 1237 2775 profectum
1295 2703 1620 2759 asciscebat.
1658 2703 1720 2756 In
1747 2703 1900 2756 hunc
1926 2702 2153 2756 modum
2187 2711 2387 2756 natura
2423 2701 2663 2756 humana
2691 2701 2960 2772 sapientia
2986 2700 3327 2771 proﬁciebat,
3391 2713 3491 2768 per
3514 2712 3650 2753 eam

386 2796 660 2854 deiﬁcata.
695 2795 1062 2864 Quamobrem
1094 2810 1198 2850 nos
1226 2811 1445 2865 quoque
1475 2794 1545 2848 ad
1574 2795 1714 2866 ejus,
1732 2792 1877 2864 quod
1910 2809 2013 2864 pro
2037 2792 2201 2849 nobis
2225 2794 2391 2848 homo
2404 2793 2615 2848 factum
2638 2802 2743 2860 cst,
2762 2794 2927 2849 Verbi
2954 2790 3396 2853 similitudinem,
3416 2800 3532 2845 tum
3549 2789 3650 2845 ﬁlii

387 2892 484 2948 Dei
507 2890 766 2963 appellati
812 2904 1023 2953 sumus,
1051 2898 1165 2942 tum
1187 2887 1283 2942 dii.
1320 2886 1651 2943 Proﬁciehat
1673 2903 1804 2957 ergo
1827 2887 2068 2942 humana
2086 2893 2284 2941 natura
2305 2885 2596 2955 sapientia,
2625 2900 2657 2940 a
2681 2886 3040 2957 corruptione
3056 2884 3124 2940 ad
3150 2883 3652 2953 incorruptionem,

386 2998 551 3061 atque
577 2988 647 3043 ab
677 2988 930 3042 humana:
953 2985 1167 3039 ratione
1197 2991 1406 3040 natura:
1437 2984 1506 3039 ad
1533 2983 1757 3038 deitatis
1781 2982 2108 3054 dignitatem
2135 2990 2413 3053 provecta.

455 3099 680 3163 Audivi,
715 3098 915 3167 inquit,
947 3112 1018 3152 ex
1051 3110 1206 3151 sacra
1236 3093 1547 3166 Scriptura,
1584 3095 1679 3150 Dei
1711 3094 1955 3150 Verbum
1983 3092 2190 3149 factum
2217 3094 2499 3148 hominem
2526 3094 2656 3150 Iesu
2686 3095 2941 3150 sortitum
2974 3092 3422 3165 appellationem.
3459 3091 3648 3162 ipsum

385 3205 517 3262 ergo
553 3198 640 3246 est
683 3187 832 3259 quod
871 3184 1216 3257 proﬁciebat.
1279 3183 1402 3238 Noli
1429 3185 1580 3238 enim
1610 3183 1883 3248 dividere,
1933 3198 2058 3239 cum
2089 3198 2262 3237 unum
2298 3183 2503 3238 Paulus
2529 3183 2811 3239 Christum
2837 3183 3125 3255 praedicet.
3161 3183 3327 3255 Atqui
3358 3184 3402 3238 si
3428 3184 3652 3238 videtur

386 3284 698 3357 profectum
727 3282 996 3350 recipere,
1028 3280 1190 3350 plane
1214 3278 1510 3335 conﬁcitur
1537 3278 1718 3348 ipsum
1750 3277 2136 3349 imperfectum
2160 3292 2305 3333 esse.
2341 3276 2446 3345 Qui
2469 3295 2624 3344 vero,
2662 3294 2787 3335 cum
2813 3278 3084 3351 ejusmodi
3109 3277 3201 3342 sit,
3232 3277 3479 3348 perfecte
3500 3275 3652 3332 Patri

385 3374 493 3430 erit
530 3371 776 3442 aequale?
830 3369 944 3424 Nec
985 3368 1107 3422 Filii
1152 3368 1417 3423 deitatem
1453 3368 1652 3433 laedes;
1687 3383 1791 3424 nee
1829 3366 1997 3424 Verbi
2023 3367 2371 3440 dignitatem,
2400 3367 2508 3423 etsi
2533 3369 2639 3424 hoc
2660 3379 3085 3439 perseveranter
3120 3368 3295 3433 dicas,
3325 3366 3648 3442 imminues,

388 3465 523 3537 quin
570 3463 639 3519 iis
684 3461 820 3532 ipsis
865 3460 1068 3530 quibus
1097 3459 1376 3514 victurum
1404 3468 1458 3515 te
1487 3475 1699 3528 speras,
1743 3460 1978 3516 victoria
2005 3461 2190 3535 cades.
2246 3460 2302 3516 Si
2325 3461 2473 3515 enim
2498 3461 2727 3516 omnino
2755 3460 2997 3517 Verbum
3020 3461 3164 3516 nosti
3195 3475 3415 3515 carnem
3443 3460 3650 3514 factum

387 3566 556 3628 atque
594 3555 878 3611 hominem
899 3593 915 3618 ,
953 3552 1033 3606 uti
1065 3551 1255 3606 divina
1282 3551 1569 3621 Scriptura
1595 3551 1872 3621 loquitur,
1910 3553 2104 3623 quidni
2133 3562 2189 3609 et
2216 3553 2397 3623 ipsum
2427 3570 2551 3624 quae
2575 3554 2788 3609 homini
2815 3570 3056 3627 congrua
3079 3564 3243 3621 sunt,
3277 3554 3398 3610 sine
3421 3562 3655 3625 peccato

387 3652 502 3725 pati
545 3649 834 3706 concedis?
868 3648 1007 3704 Nam
1059 3647 1190 3717 quia
1239 3646 1522 3717 profectus
1571 3646 1808 3702 debetur
1848 3648 2005 3704 carni
2027 3690 2042 3715 ,
2081 3648 2299 3704 dicatur
2327 3648 2600 3720 proﬁcere
2636 3666 2747 3721 qua
2776 3652 2992 3708 ratione
3022 3653 3227 3707 factum
3256 3658 3344 3706 est
3374 3651 3429 3705 in
3455 3664 3648 3715 carne,

389 3745 621 3816 ejusque
647 3743 754 3799 sibi
782 3743 1038 3797 innoxias
1060 3742 1384 3797 affectiones
1404 3741 1644 3799 asciscit.
1674 3742 1794 3798 Non
1820 3743 1969 3798 enim
1993 3742 2225 3799 alterius
2246 3745 2534 3816 cujusdam
2558 3754 2680 3801 erat
2699 3760 2850 3808 caro,
2880 3746 2976 3801 sed
3004 3745 3179 3816 ipsius
3199 3745 3386 3800 Verbi.
3407 3746 3486 3800 At:
3504 3745 3653 3800 sicut

390 3840 573 3911 ipsum
601 3853 766 3895 carne
798 3853 1020 3909 passum
1046 3852 1168 3894 esse
1197 3837 1457 3904 dicimus,
1512 3838 1618 3895 etsi
1647 3854 1777 3895 caro
1801 3839 1920 3895 sola
1949 3856 2113 3911 passa
2135 3841 2238 3909 sit;
2292 3843 2514 3912 quando
2548 3858 2729 3913 neque
2754 3858 2976 3913 passum
3001 3852 3087 3898 est
3119 3851 3181 3897 ut
3205 3841 3372 3906 Deus,
3407 3839 3503 3895 sed
3530 3840 3655 3910 ejus

390 3934 702 4004 patiebatur
724 3948 925 4003 corpus
959 3950 972 3986 :
1007 3932 1088 3987 sic
1113 3940 1171 3986 et
1194 3933 1465 4002 proﬁcere
1489 3934 1726 3999 dicatur,
1756 3934 1863 3989 etsi
1891 3920 2196 3990 nullum‘ut
2219 3936 2366 3990 Deus
2394 3936 2578 3991 carnis
2604 3937 2724 4006 ipso
2745 3936 2995 4006 profectu
3023 3936 3331 4006 profectum
3354 3934 3647 4003 reciperet.

390 4028 621 4100 ipseque
642 4026 855 4090 fateris,
889 4024 987 4080 Dei
1014 4023 1354 4089 adversarie,
1385 4022 1485 4079 Dei
1511 4024 1755 4080 Verbum
1781 4039 2004 4080 carnem
2034 4024 2241 4095 factum
2266 4042 2425 4082 esse:
2450 4027 2597 4099 quod
2625 4026 2761 4082 nihil
2788 4027 2938 4089 aliud
2962 4028 3190 4091 indicat,
3212 4041 3377 4097 quam
3402 4024 3651 4083 induisse

370 4134 642 4186 carnem,
694 4127 860 4189 atque
901 4116 1183 4171 hominem
1211 4114 1511 4170 exstitisse.
1550 4115 1706 4176 Sicut
1726 4131 1879 4186 ergo,
1914 4132 2041 4173 cum
2066 4132 2322 4187 magnum
2342 4119 2476 4189 quid
2506 4118 2575 4175 de
2596 4119 2778 4175 Verbo
2806 4119 3074 4185 audieris,
3109 4119 3367 4189 quodque
3389 4118 3469 4172 illi
3498 4115 3652 4171 nudo

390 4219 701 4284 congruat,
761 4225 827 4266 ac
877 4217 1174 4278 antequam
1201 4222 1424 4263 carnem
1456 4206 1747 4273 indueret,
1801 4217 1863 4262 ut
1890 4223 2019 4263 cum
2048 4208 2256 4265 dicitur
2278 4210 2395 4275 lux,
2424 4210 2704 4284 splendor.
2736 4211 2918 4267 Patris
2944 4207 3242 4282 sapientia,
3282 4225 3394 4264 non
3425 4224 3651 4265 carnem

389 4304 674 4375 intelligis,
709 4301 808 4358 sed
846 4299 994 4371 quod
1052 4299 1112 4354 in
1146 4314 1311 4354 carne
1358 4298 1600 4387 Verbum
1633 4298 1966 4355 inhabitavit
2023 4318 2039 4356 :
2102 4301 2177 4356 ita
2208 4317 2335 4357 cum
2364 4301 2573 4373 aliquid
2602 4303 2657 4358 in
2691 4302 2994 4374 Scripturis
3023 4305 3193 4359 sacris
3224 4303 3435 4358 dictum
3459 4300 3651 4368 fuerit,

390 4396 538 4469 quod
575 4396 680 4452 soli
720 4395 872 4452 carni
912 4394 1210 4449 conveniat
1255 4391 1373 4447 sive
1416 4392 1625 4463 speciei
1667 4392 1939 4459 humanae,
1999 4410 2068 4450 ne
2099 4394 2153 4449 in
2183 4396 2426 4451 Verbum
2446 4396 2673 4463 referas,
2710 4397 2806 4453 sed
2840 4407 3050 4452 natura:
3072 4396 3254 4452 carnis
3285 4396 3489 4458 tribue,
3525 4406 3655 4463 quae

390 4491 494 4550 sibi
519 4491 611 4548 illa
626 4490 886 4547 vindicat.
905 4486 1042 4544 Cum
1067 4501 1199 4557 ergo
1227 4485 1372 4556 quod
1400 4485 1696 4556 proﬁceret
1718 4485 1945 4552 dicitur,
1971 4502 2078 4541 non
2110 4487 2224 4557 ipsa
2248 4503 2345 4559 per
2366 4505 2424 4545 se
2453 4489 2725 4560 sapientia
2750 4489 3213 4561 proﬁciebat,qua
3238 4488 3505 4559 sapientia
3530 4494 3651 4553 est;

390 4586 487 4641 sed
532 4585 800 4657 sapientia
848 4584 1124 4639 humanus
1161 4580 1425 4651 paulatim
1449 4580 1688 4647 animus,
1738 4597 1839 4650 per
1856 4596 1976 4636 eam
2002 4581 2184 4638 clarus
2205 4584 2445 4640 evadens
2467 4600 2532 4640 ac
2552 4585 2915 4655 conspicuus;
2972 4585 3175 4656 quippe
3222 4600 3348 4641 cum
3381 4596 3653 4656 organum

389 4684 537 4734 esset
577 4678 716 4749 ejus,
752 4690 873 4748 qua:
906 4675 964 4730 in
1016 4687 1085 4729 eo
1109 4678 1231 4727 erat
1259 4670 1505 4738 deitatis,
1541 4671 1649 4727 hoc
1676 4681 1948 4744 praestans
1977 4680 2141 4742 atque
2165 4676 2507 4741 ministrans,
2539 4685 2600 4732 ut
2626 4675 2721 4731 illa
2750 4678 3016 4748 paulatim
3038 4693 3098 4734 se
3135 4692 3202 4732 ex
3232 4677 3496 4748 operibus
3519 4688 3652 4747 pro-

391 4767 566 4826 deret.

458 4884 702 4941 Observa
742 4876 924 4942 autem
975 4901 1084 4941 non
1133 4884 1358 4951 dixisse,
1394 4883 1621 4940 Verbum
1671 4892 1850 4939 autem
1884 4883 2209 4955 proﬁciebat,
2254 4884 2368 4953 sed
2415 4886 2597 4953 Iesus;
2630 4900 2699 4942 ne
2726 4886 2935 4942 nudum
2953 4870 3204 4943 Verbum.
3221 4883 3515 4956 intelligas,
3547 4882 3650 4943 sed

321 5018 335 5036 κ
391 4990 748 5053 posteaquam
783 4998 912 5037 caro
943 4982 1150 5038 laetum
1185 4990 1289 5038 est.
1348 4980 1505 5049 Quod
1541 4982 1586 5037 si
1616 4979 1886 5052 proﬁcere
1928 4980 2157 5047 dicitur,
2197 4998 2266 5039 eo
2295 4982 2441 5053 quod
2472 4983 2606 5038 illud
2644 4983 2951 5054 susceperit
2980 4981 3127 5054 quod
3156 4990 3241 5036 est
3259 4989 3448 5036 natum
3474 4977 3648 5050 proﬁ-

392 5091 540 5143 cere,
572 5075 677 5133 hoc
703 5086 787 5132 est
813 5078 1109 5132 humanam
1138 5087 1415 5142 naturam,
1443 5078 1564 5149 ejus
1580 5076 1836 5148 ‘prol‘cCto
1868 5076 1921 5130 id
1947 5076 2144 5145 fuerit;
2179 5093 2243 5132 ac
2275 5093 2380 5147 qua
2408 5078 2499 5133 illa
2528 5077 2854 5148 praedictum
2880 5086 2983 5140 est,
3009 5074 3277 5147 proﬁcere
3310 5073 3521 5129 dictum
3551 5073 3648 5131 sit.

394 5164 494 5222 Sic-
513 5166 660 5222 enim
691 5164 905 5237 singula
939 5182 1061 5236 quae
1090 5165 1374 5232 dicuntur,
1412 5167 1470 5221 in
1494 5182 1596 5222 suo
1626 5182 1859 5237 quaeque
1894 5166 2202 5221 consistent
2239 5167 2455 5233 ordine,
2504 5175 2564 5222 ut
2606 5184 2784 5237 neque
2817 5183 2880 5223 ea
2914 5182 3035 5237 quae
3057 5166 3207 5221 nudo
3229 5165 3411 5222 Verbo
3440 5182 3651 5223 conve-

392 5253 575 5319 niunt,
606 5254 676 5310 ad
698 5254 1005 5310 humanam
1026 5254 1393 5311 detrahantur
1419 5257 1713 5323 rationem,
1746 5270 1930 5328 neque
1950 5254 2192 5311 humana
2228 5254 2297 5311 ad
2328 5255 2551 5314 deitatis
2573 5259 2844 5314 rationem
2876 5265 3260 5329 promoveant.

468 5419 495 5460 ι)
529 5408 763 5478 Philipp.
797 5423 858 5473 ιι,
887 5408 940 5463 7.
