3950 6226
324 298 384 359 ’Π
1428 294 1877 357 AUCTARIUM
1939 319 2005 331 --
2046 295 2146 357 ΔΙ)
2181 297 2359 360 ΤΟΜ.
2391 299 2489 362 ιν.
3512 292 3585 356 73

387 406 491 462 Kal
516 401 730 459 εἶπεν⁴³
752 402 905 475 αὐτῷ
924 403 1210 468 όδιάϐολος
1228 425 1240 434 ·
1270 406 1332 458 Et
1362 406 1406 457 Υ
1405 403 1493 470 ἰός
1511 402 1685 458 εἶτοῦ
1715 402 1884 468 Θεοῦ,

2056 405 2124 461 Ει
2161 407 2299 464 dixit
2330 410 2382 464 ei
2411 408 2667 465 diabolus
2712 425 2723 460 :
2762 405 2819 461 Si
2844 406 3010 460 Filius
3053 405 3152 459 De!
3180 423 3233 459 es
3256 447 3268 471 ,
3301 406 3383 459 die
3416 407 3582 475 lapidi

324 498 441 553 είπὲ
475 495 552 563 τῷ
581 496 734 560 λίθῳ
780 496 1054 563 tanta)“,
1081 496 1181 549 ἵνα
1212 494 1454 565 γένηται
1486 493 1685 564 ἄρτος.
1724 493 1896 564 ’Υπὲρ

326 592 492 661 πάσης
524 588 627 658 τῆς
660 589 941 661 ἡμετέρας
981 587 1194 658 φύσεως
1225 591 1254 642 ὁ
1303 586 1396 641 τοῦ
1421 587 1556 640 Θεοῦ
1589 587 1762 653 Λόγος
1796 586 1896 657 τὴν

326 679 378 746 ἐξ
405 678 559 750 ἡμῶν
584 676 851 732 ἀνέλαϐεν
882 677 1155 749 ἀπαρχὴν,
1177 677 1263 730 ἵνα
1282 676 1372 730 διὰ
1402 676 1583 745 πάσης
1610 674 1779 745 αὐτὴν
1796 675 1897 745 τῆς

326 769 512 840 ἀρετῆς
538 767 768 836 ἀγαγὼν
795 768 1075 839 προτρέζῃ
1106 769 1202 838 μὲν
1227 770 1303 830 είς
1327 769 1502 838 πάλην
1538 767 1627 819 τὸν
1652 767 1896 835 ἀνταγω-

327 862 519 929 νιστὴν,
553 858 705 929 δείξῃ
732 860 789 912 δὲ
823 860 1091 931 ἀήττητον
1118 859 1207 912 τὸν
1241 860 1501 930 ἀθλητὴν,
1557 858 1650 911 καὶ⁸
1707 858 1898 911 τοῦτον

329 951 418 1022 μὲν
442 948 796 1022 στειρανὼσῃ,
830 950 1045 1003 ἐκείνου
1098 949 1154 1002 δὲ
1204 949 1305 1021 τὴν
1333 945 1506 1019 ἧτταν
1536 947 1768 1019 κηρύξῃ,
1806 948 1900 1001 καὶ

328 1043 688 1113 καταθαρῤεἶν
728 1041 897 1095 αὐτοῦ
934 1042 1141 1106 πάντας
1164 1042 1585 1114 παρασκευάσῃ.

402 1134 691 1202 Ἀνάγεται
715 1134 898 1186 τοίνυν
924 1134 1002 1196 εἰς
1030 1133 1128 1203 τὴν
1161 1134 1263 1203 ἔρῃ
1274 1150 1393 1203 μον,
1420 1134 1495 1196 ὡς
1540 1135 1620 1196 εἰς
1641 1131 1904 1202 άρμοδίαν

330 1225 439 1278 τινὰ
477 1224 846 1293 παλαίστραν,
878 1222 984 1276 ὑπὸ
1011 1222 1106 1275 τοῦ
1154 1222 1507 1291 Πνεύματος·
1541 1222 1805 1288 ἀνάγεται
1844 1219 1900 1271 δὲ

329 1317 417 1385 οὐχ
444 1317 473 1367 ὁ
503 1316 639 1378 Θεὸς
683 1316 877 1382 Λόγος,
920 1314 1037 1369 ἀλλ’
1069 1316 1098 1367 ό
1133 1317 1200 1369 ὲκ
1235 1314 1550 1385 σπέρματος
1588 1312 1753 1365 Δαϐὶδ
1800 1310 1904 1365 ὑπὸ

329 1408 413 1462 τοῦ
440 1408 586 1462 θείου
613 1408 789 1476 Δόγου
817 1407 1043 1477 ληφθεὶς
1063 1409 1211 1470 ναός.
1240 1407 1316 1459 υύ
1333 1406 1441 1477 γὰρ
1462 1406 1555 1459 τὸν
1578 1404 1709 1457 Θεὸν
1733 1404 1904 1470 Λόγον

333 1503 402 1564 εἰς
429 1500 527 1571 τὴν
549 1500 689 1569 πρὸς
713 1499 806 1552 τὸν
833 1498 1081 1552 διάϐολον
1111 1499 1291 1568 πάλην
1329 1497 1649 1565 άπηγάγετο
1682 1494 1905 1564 Πνεῦμα

330 1592 383 1645 τὸ
404 1592 581 1661 άγιον,
613 1590 729 1644 ἀλλ’
758 1590 817 1643 ὃν
853 1592 910 1643 ἑν
935 1593 1001 1661 τῇ
1033 1590 1300 1661 Παρθένῳ
1336 1588 1594 1643 διέπλασε
1651 1587 1731 1657 τῷ
1783 1586 1905 1656 θεῷ

332 1690 478 1759 Λόγῳ
501 1687 654 1742 ναόν.
761 1722 766 1726 -

1997 501 2107 565 isti,
2140 508 2198 553 ut
2228 500 2329 571 ﬁat
2358 503 2516 574 panis
2550 511 2602 554 (ι.
2628 500 2868 555 Verbum
2899 498 2996 553 Dei
3037 497 3313 569 primitias
3338 512 3403 552 ex
3425 497 3586 552 nobis

1998 590 2298 659 assumpsit
2326 606 2424 661 pro
2450 599 2561 645 tota
2592 597 2782 644 nostra
2821 596 3038 651 natura,
3061 593 3121 641 ut
3167 585 3314 641 illam
3342 603 3443 657 per
3468 602 3587 641 om-

1999 694 2098 734 nes
2134 680 2359 735 virtutis
2389 680 2594 751 gradus
2641 693 2992 747 promovens,
3039 678 3414 732 adversarium
3463 677 3588 746 qui-

1998 770 2125 825 dem
2167 780 2520 841 promoveret
2553 770 2625 825 ad
2661 771 2886 832 luctam,
2934 769 3199 825 invictum
3230 785 3360 824 vero
3412 769 3588 824 athle-

2002 870 2110 915 tam
2154 864 2486 928 ostenderet,
2538 872 2596 919 et
2648 862 2796 916 hunc
2849 872 3179 927 coronaret,
3254 862 3401 916 illius
3457 875 3588 916 vero

2000 954 2211 1009 cladem
2250 955 2589 1024 praedicaret,
2612 968 2914 1024 eiunesque
2952 953 3017 1007 ad
3051 952 3366 1008 audendum
3390 961 3585 1008 contra

2003 1047 2182 1117 ipsum
2209 1055 2565 1117 praepararet.

2076 1140 2384 1193 Adducitur
2438 1138 2621 1206 itaque
2660 1138 2715 1191 in
2751 1137 3031 1193 desertum
3070 1153 3101 1191 a
3146 1137 3356 1207 Spiritu
3381 1179 3394 1202 ,
3436 1138 3590 1192 velut

2005 1232 2059 1285 iu
2111 1240 2291 1300 aptam
2325 1231 2654 1299 palaestram,
2693 1245 2802 1283 non
2829 1229 3052 1298 quidem
3095 1228 3210 1297 ipse
3242 1228 3389 1283 Deus
3431 1229 3587 1299 123

2002 1321 2242 1376 Verbum
2265 1361 2280 1385 ,
2320 1321 2415 1374 sed
2452 1320 2714 1389 templum
2755 1335 2822 1373 ex
2848 1321 3059 1374 semine
3102 1320 3324 1373 Davidis
3351 1336 3381 1373 a
3410 1319 3589 1373 Verbo

2003 1411 2194 1466 divino
2241 1421 2581 1481 susceptum.
2642 1411 2833 1480 Neque
2887 1411 3033 1464 enim
3084 1410 3326 1479 Spiritus
3368 1420 3590 1465 sanctus

2005 1503 2179 1557 Deum
2212 1502 2450 1557 Verbum
2475 1502 2544 1556 ad
2565 1502 2769 1556 luctam
2801 1501 3067 1556 adversus
3101 1501 3381 1556 diabolum
3411 1501 3587 1565 duxit,

2005 1594 2102 1649 sed
2154 1594 2443 1665 templum,
2481 1594 2629 1664 quod
2670 1595 2784 1649 Deo
2830 1594 3008 1649 Verbo
3055 1594 3355 1650 fabricatus
3396 1605 3484 1649 est
3534 1595 3590 1649 in

2004 1684 2254 1755 Virgine.

393 1781 501 1833 Καὶ
547 1776 799 1849 νηστεύει
850 1775 949 1846 μὲν
981 1774 1041 1828 οὐ
1084 1772 1228 1844 πέρα
1280 1770 1493 1839 μέτρων
1536 1768 1636 1837 τῆς
1668 1765 1900 1834 φύσεως·

2075 1779 2156 1833 Ac
2183 1778 2394 1849 jejuuat
2415 1776 2662 1846 quidem,
2698 1791 2807 1830 non
2827 1784 3010 1831 tamen
3050 1775 3192 1831 ultra
3226 1785 3436 1831 natura:
3471 1791 3591 1832 mo-

331 1872 505 1935 ᾶσιτος
574 1870 685 1941 γὰρ
733 1867 1001 1922 διετέλεσε
1058 1864 1467 1935 τεσσαράκοντα
1523 1858 1756 1929 ἡμέρας,
1811 1856 1908 1909 καὶ

336 1962 649 2034 ἰσαρίθμους
686 1960 912 2022 νύκτας,
958 1958 1032 2028 μὴ
1063 1956 1295 2025 θελήσας
1325 1952 1631 2025 ὑπερϐῆναι
1653 1952 1763 2006 τῶν
1800 1947 1910 2002 πά-

330 2052 411 2106 λαι
438 2049 883 2123 νενηστευκότων
931 2048 993 2100 τὸ
1032 2047 1249 2118 μέτρον,
1303 2043 1391 2097 ἵνα
1439 2043 1585 2113 φύγῃ
1630 2039 1732 2111 τὴν
1774 2038 1912 2107 πρὸς

330 2144 487 2200 αὐτὸν
520 2144 549 2195 ὀ
577 2140 870 2204 ἀντίπαλος
903 2138 1101 2208 πάλην,
1129 2138 1214 2191 ἵνα
1247 2136 1345 2206 μὲν
1374 2133 1649 2204 γνωρίσας
1682 2131 1744 2183 τὸ
1773 2146 1910 2201 κρυ-

333 2238 595 2306 πτόμενον
658 2232 807 2304 φύγῃ
870 2231 971 2303 τὴν
1027 2231 1160 2300 πρὸς
1228 2228 1289 2282 τὸ
1335 2226 1657 2296 φαινόμενον
1706 2224 1910 2293 μάχην.

334 2329 529 2385 Τούτου
573 2327 735 2399 χάριν
785 2324 921 2396 μετὰ
962 2324 1053 2376 τὸν
1084 2319 1481 2392 προειρημένον
1529 2317 1638 2370 τῶν
1691 2313 1913 2386 ἡμερῶν

333 2423 579 2495 ἀριθμὸν,
612 2420 716 2489 τῆς
753 2416 1098 2486 ἀνθρωπείας
1146 2413 1359 2483 φύσεως
1385 2408 1675 2480 ὑποφαίνει
1719 2406 1782 2459 τὸ
1810 2404 1914 2457 πά-

334 2515 441 2579 θος,
478 2515 576 2568 καὶ
616 2512 893 2581 συγχωρεῖ
935 2511 1001 2579 τῇ
1047 2507 1207 2579 πείνῃ
1251 2506 1438 2576 χώραν
1481 2501 1691 2566 λαϐεῖν,
1742 2497 1913 2567 λαϐὴν

334 2606 520 2675 ἐκείνῳ
541 2602 633 2657 διὰ
658 2602 755 2673 τῆς
790 2601 982 2670 πείνης
1011 2597 1205 2662 διδούς.
1229 2599 1304 2652 Οὐ
1345 2596 1454 2667 γὰρ
1499 2594 1703 2664 ἐτόλμα
1740 2608 1914 2663 προσ-

334 2696 526 2761 ελθεῖν,
544 2692 716 2747 πολλὰ
742 2691 870 2761 περὶ
886 2688 1048 2743 αὑτὸν
1080 2687 1364 2756 θεοπρεπῆ
1390 2684 1649 2754 γινόμενα
1674 2680 1913 2751 θεωρῶν.

338 2787 440 2840 Καὶ
459 2786 570 2854 γάρ
591 2783 813 2851 ἄγγελοι
850 2780 1131 2851 τεχθέντος
1153 2779 1432 2849 ἐχόρευον,
1465 2776 1562 2830 καὶ
1581 2775 1759 2844 ἀστὴρ
1783 2774 1913 2825 ἀνα-

336 2880 510 2942 τείλας
537 2877 746 2948 μάγους
771 2874 1112 2944 ἐποδήγησεν
1138 2873 1217 2933 εἰς
1252 2868 1622 2940 προσκύνησιν
1652 2868 1778 2928 τοὺς
1807 2865 1908 2933 τῆς

338 2971 499 3025 αὑτοῦ
524 2969 804 3038 φάλαγγος
846 2965 1196 3037 κορυφαίους,
1238 2963 1328 3016 καὶ
1363 2960 1527 3014 αὐτὸν
1556 2958 1703 3030 ἐώρα
1734 2958 1914 3011 πᾶσαν

340 3066 402 3118 ἐκ
430 3059 627 3124 παιδὸς
674 3058 936 3130 μετιόντα
961 3054 1329 3125 δικαιοσύνην,
1362 3051 1781 3123 βδελυττόμενον
1813 3064 1915 3101 κα-

339 3155 478 3219 κίαν,
534 3149 947 3224 μυσαττόμενον
985 3146 1268 3218 πονηρίαν,
1317 3143 1458 3198 κατά
1501 3142 1598 3214 τὴν
1632 3142 1715 3205 εἰς
1753 3139 1914 3194 αὐτὸν

339 3244 710 3317 γεγενημένην
771 3241 878 3296 ὑπὸ
937 3237 1033 3294 τοῦ
1104 3238 1382 3310 προφήτου
1447 3235 1791 3307 πρόρρησιν,
1834 3233 1915 3287 ὅτι

341 3339 485 3406 Πρὶν
517 3337 559 3406 ἢ
579 3334 805 3407 γνῶναι
841 3331 1030 3388 αὐτὸν
1060 3329 1285 3401 ἀγαθὸν
1313 3328 1412 3382 καί
1437 3328 1648 3389 κακὸν,
1687 3325 1923 3381 ἀπειθεῖ

340 3429 591 3499 πονηρίᾳ
622 3428 728 3482 τοῦ
773 3423 1137 3486 ἐκλέξασθαι
1163 3421 1229 3475 τό
1259 3420 1505 3490 ἀγαθόν.
1549 3418 1709 3471 Ἐϐόα
1730 3418 1787 3471 δὲ
1821 3420 1914 3472 καὶ

340 3524 369 3574 ὀ
405 3521 660 3590 Ἰωάννης
679 3532 693 3547 ’
732 3516 857 3573 Ἴδε
887 3518 920 3569 ὁ
971 3512 1185 3582 Ἀμνὸς
1211 3513 1317 3566 τοῦ
1363 3509 1512 3564 Θεοῦ
1540 3512 1573 3565 ὁ
1600 3511 1784 3579 αἴρων
1804 3508 1918 3578 τὴν

343 3613 637 3684 ἁμαρτίαν
682 3609 790 3664 τοῦ
821 3607 1076 3675 κόσμου.
1122 3603 1313 3675 Πατὴρ
1356 3602 1561 3658 ἄνωθεν
1594 3601 1913 3674 ἐμαρτύρη-

344 3720 451 3758 σεν·
488 3697 681 3766 Οὗτός
711 3700 886 3754 ἐστιν
920 3700 953 3752 ό
1002 3697 1137 3761 Υίός
1178 3712 1296 3765 μου
1337 3695 1371 3750 ό
1419 3694 1745 3763 ἀγαπητὸς,
1774 3694 1846 3748 ἐν
1870 3687 1920 3761 ᾧ

340 3794 675 3862 ηὐδόκησα.
720 3789 828 3845 Τοῦ
860 3786 1177 3858 Πνεῦματος
1217 3787 1251 3857 ἡ
1285 3786 1444 3857 χάρις
1464 3779 1735 3857 ἐφοίτησε.
1778 3786 1921 3840 Ταῦ-

342 3902 427 3951 τα,
458 3885 557 3939 καὶ
600 3885 706 3938 ὅσα
754 3880 999 3946 τοιαῦτα,
1044 3879 1137 3933 τὸν
1177 3877 1423 3932 διάϐολον
1472 3877 1918 3933 καταπλήττοντα

343 3976 660 4045 προσελθεῖν
683 3974 785 4028 οὐκ
808 3973 893 4026 εῐα
919 3971 996 4042 τῷ
1022 3971 1119 4039 τῆς
1142 3968 1416 4041 ἡμετέρας
1450 3968 1663 4037 φύσεως
1688 3968 1916 4040 ἀθλητῇ.

422 4068 511 4133 Ὠς
553 4066 613 4120 δὲ
668 4066 768 4135 τῆς
800 4063 989 4134 πείνης
1026 4061 1124 4132 τὴν
1154 4060 1457 4130 προσϐολὴν
1477 4060 1787 4126 ὑπεδέξατο,
1829 4061 1921 4113 καὶ

343 4152 477 4212 εἶδεν
522 4156 688 4210 αὐτὸν
725 4154 937 4226 τροφῆς
976 4151 1322 4225 ἀνθρωπίνης
1355 4153 1627 4222 δεόμενον,
1656 4153 1749 4205 καὶ
1783 4170 1920 4223 καρ-

340 4252 518 4320 τερεῖν
552 4245 872 4318 περαιτέρω
916 4244 1024 4313 τῷν
1061 4242 1312 4297 παλαιῶν
1350 4242 1559 4314 ἀνδρῶν
1592 4242 1652 4295 οὗ
1694 4241 1923 4311 δυνάμε-

343 4358 447 4402 νον,
479 4340 880 4411 προσέρχεται,
911 4334 1081 4408 λαϐὴν
1102 4334 1345 4405 οἰόμενος
1370 4332 1606 4405 ἐρημίαν
1638 4333 1919 4403 μεγίστην,

2010 1868 2165 1935 dum,
2208 1871 2325 1925 sine
2366 1869 2492 1923 cibo
2518 1867 2729 1938 peragit
2768 1867 3129 1938 quadraginta
3164 1867 3284 1923 dies
3309 1876 3365 1923 et
3402 1878 3595 1925 noctes

2008 1960 2261 2026 totidem,
2292 1960 2487 2015 nolens
2518 1974 2710 2014 eorum
2734 1959 2827 2029 qui
2852 1958 2982 2013 olim
3007 1959 3340 2029 jejunarant,
3368 1975 3593 2015 mensu-

2009 2067 2128 2107 ram
2176 2052 2464 2115 excedere,
2512 2066 2582 2105 ne
2612 2050 2964 2105 adversarius
3003 2050 3336 2120 singularem
3386 2052 3591 2107 luctam

2012 2144 2307 2215 refugeret,
2338 2158 2514 2214 eoque
2548 2143 2788 2212 cognito,
2813 2143 2958 2212 quod
2982 2143 3204 2208 latebat,
3236 2159 3471 2215 pugnam
3495 2145 3593 2199 ad-

2013 2250 2209 2292 versus
2242 2235 2295 2290 id
2318 2235 2466 2305 quod
2489 2234 2811 2305 apparebat,
2838 2233 3191 2288 detrectaret.
3226 2234 3359 2289 Eam
3380 2235 3455 2289 ob
3474 2250 3594 2290 rem

2012 2339 2138 2400 post
2179 2329 2478 2398 expletum,
2520 2328 2614 2396 qui
2648 2327 2832 2382 dictus
2862 2333 2966 2390 est,
3016 2325 3234 2381 dierum
3279 2341 3593 2392 numerum,

2013 2419 2360 2476 affectionem
2401 2426 2616 2473 naturae
2649 2418 2904 2473 humana:
2932 2416 3197 2481 declarat,
3229 2417 3430 2487 datque
3464 2417 3595 2472 fami

2012 2507 2218 2599 lo‘cum,
2276 2507 2440 2562 simul
2488 2523 2590 2579 per
2633 2506 2834 2562 famem
2886 2506 3203 2563 adversario
3247 2508 3596 2564 occasionem

2014 2598 2288 2669 praebens,
2337 2598 2484 2654 u'nde
2510 2603 2525 2621 '
2557 2598 2737 2669 ipsum
2766 2600 3226 2669 apprelienderet.
3260 2602 3394 2657 Nam
3435 2618 3595 2659 acce-

2016 2688 2150 2744 dere
2186 2704 2297 2743 non
2343 2688 2599 2754 audebat,
2625 2704 2751 2744 cum
2786 2690 2956 2745 multa
2989 2690 3175 2746 divina
3221 2692 3369 2747 circa
3418 2694 3595 2764 ipsum

2017 2780 2312 2851 contigisse
2339 2789 2625 2835 cerneret:
2653 2780 2925 2851 siquidem
2951 2783 3153 2852 angeli,
3184 2798 3311 2838 cum
3336 2800 3595 2841 nascere-

2017 2878 2128 2935 tur,
2145 2871 2344 2925 choros
2364 2879 2608 2941 egerant,
2640 2881 2831 2926 exorta
2853 2872 3008 2927 stella
3029 2873 3211 2943 Magos
3238 2888 3349 2929 suae
3372 2875 3600 2945 phalan-

2017 2962 2100 3032 gis
2141 2962 2464 3032 coryphaaos
2511 2962 2803 3016 adoratum
2854 2963 3106 3027 duxerat,
3157 2964 3335 3034 ipsum
3377 2982 3598 3037 quoque

2017 3062 2267 3119 noverat,
2288 3055 2400 3125 jam
2419 3053 2546 3107 inde
2569 3069 2600 3107 a
2624 3069 2817 3123 puero,
2837 3070 3055 3108 omnem
3081 3055 3349 3125 justitiam
3373 3058 3596 3125 sectari,

2017 3142 2279 3199 detestari
2333 3143 2672 3213 nequitiam,
2719 3143 3126 3212 improbitatem
3168 3147 3469 3212 exsecrari,
3505 3163 3596 3204 se-

2018 3232 2260 3288 cundum
2318 3232 2697 3302 proplieticam
2761 3232 3178 3302 praedictionem
3228 3253 3243 3289 :
3296 3238 3595 3309 Antequam

2018 3325 2314 3394 cognoverit
2343 3340 2473 3394 puer
2500 3326 2694 3378 bonum
2722 3323 2805 3379 vel
2833 3324 3058 3389 malum,
3097 3327 3398 3397 reprobabit
3440 3330 3599 3385 mali-

2021 3416 2171 3476 tiam,
2203 3422 2259 3465 ιιι
2292 3411 2451 3481 eligat
2479 3412 2673 3467 bonum
2693 3422 2737 3467 τ.
2765 3412 3053 3468 Clamabat
3100 3417 3269 3471 etiam
3312 3418 3552 3475 Joannes
3579 3439 3593 3475 :

2021 3502 2153 3558 Ecce
2179 3504 2362 3574 Agnus
2392 3502 2509 3568 Dei,
2530 3505 2619 3574 r[ui
2645 3503 2785 3558 tollit
2813 3513 3029 3575 peccata
3058 3508 3244 3561 mundi
3263 3515 3308 3563 '.
3344 3509 3600 3567 Testatus

2019 3593 2199 3649 fuerat
2245 3595 2410 3650 etiam
2450 3593 2519 3649 de
2548 3595 2689 3649 caelo
2717 3595 2880 3650 Pater
2916 3613 2930 3648 :
2965 3596 3066 3651 Hic
3114 3604 3191 3651 est
3238 3597 3404 3655 Filius
3452 3618 3596 3656 meus

2019 3686 2236 3741 dilectus
2274 3689 2330 3740 in
2359 3703 2461 3756 quo
2502 3687 2627 3741 milii
2673 3687 2967 3757 complacui
2993 3690 3036 3742 ί.
3064 3689 3209 3756 Quin
3231 3693 3396 3746 etiam
3421 3694 3597 3762 gratia

2022 3780 2260 3851 Spiritus
2278 3781 2576 3837 advenerat
2607 3798 2622 3834 :
2647 3790 2811 3852 atque
2836 3782 2953 3837 haec
2984 3782 3222 3852 aliaque,
3248 3798 3373 3838 cum
3397 3785 3597 3841 diabo-

2020 3874 2133 3928 lum
2166 3880 2463 3937 terrerent,
2485 3888 2613 3928 eum
2644 3889 2753 3929 non
2782 3875 3036 3930 sinebant
3070 3876 3141 3930 ad
3170 3885 3380 3933 natura!
3394 3889 3597 3936 nostra:

2020 3966 2280 4021 athletam
2307 3966 2589 4022 accedere.

2098 4059 2257 4130 124.
2278 4057 2387 4114 Sed
2424 4059 2517 4113 ubi
2538 4060 2776 4130 primum
2808 4060 2969 4117 famis
3000 4062 3415 4133 impressionem
3437 4079 3599 4121 exce-

2021 4151 2122 4222 pit,
2138 4166 2377 4221 eumque
2397 4151 2650 4207 diabolus
2670 4153 2909 4209 humano
2925 4155 3052 4210 cibo
3073 4155 3410 4226 indigentem
3434 4156 3593 4222 vidit,

2021 4257 2125 4298 nec
2156 4250 2336 4297 tamen
2372 4258 2534 4314 supra
2567 4248 2804 4314 majores
2838 4247 3137 4317 patientem
3177 4247 3392 4315 inedire,
3433 4264 3594 4305 acce-

2023 4333 2124 4397 dit,
2171 4334 2523 4390 solitudinem
2572 4344 2722 4390 ratus
2754 4351 2877 4392 esse
2901 4340 3367 4410 opportunitatem
3419 4341 3595 4397 maxio

343 4433 436 4484 καὶ
468 4433 718 4501 νικήσειν
751 4427 949 4500 ῥᾳδίως
987 4425 1277 4480 πιστεύων.
1304 4426 1411 4478 Καὶ
1434 4423 1684 4495 καθάπερ
1717 4426 1773 4477 ὲν
1808 4426 1911 4487 τοῖς

2023 4438 2189 4487 mam,
2227 4439 2393 4494 seque
2417 4424 2575 4479 facile
2598 4425 2862 4481 victorem
2894 4427 3007 4481 fore
3020 4428 3269 4483 credens.
3292 4430 3371 4483 Ac
3401 4445 3597 4498 quem-

343 4520 597 4590 πολέμοις
670 4519 762 4572 τὸν
844 4517 1183 4587 πανταχόθεν
1248 4518 1314 4586 τῇ
1398 4513 1672 4583 πανοπλίᾳ
1755 4532 1919 4568 κεκα-

343 4612 616 4683 λυμμένον
684 4608 1081 4675 κατατοξεῦσαί
1147 4625 1231 4672 τις
1284 4607 1520 4670 ἐθέλων,
1608 4606 1728 4660 ὅλον
1782 4607 1918 4677 πάρ-

346 4702 515 4772 ρωθεν
566 4705 685 4766 τοῖς
725 4700 1028 4770 ὀφθαλμοῖς
1066 4697 1415 4767 περισκοπῶν
1474 4697 1702 4768 ἐρευνᾷ,
1749 4712 1914 4763 γεγυ-

345 4793 626 4864 μνωμένον
661 4792 821 4864 μέλος
854 4789 1145 4861 ἐπιζητῶν,
1168 4790 1254 4843 ἵνα
1293 4790 1406 4841 ἐκεῖ
1433 4787 1593 4860 ῥίψας
1638 4786 1698 4840 τὸ
1742 4787 1914 4856 βέλος,

344 4885 432 4937 τὸν
458 4884 753 4945 ἀντίπαλον
799 4882 1001 4955 πλήξῃ’
1049 4880 1222 4945 οὕτως
1275 4884 1304 4933 ὁ
1341 4880 1607 4945 διάϐολος,
1646 4879 1793 4951 πάσῃ
1823 4879 1913 4934 τὸν

2022 4518 2316 4573 admodum
2368 4519 2425 4573 in
2460 4519 2639 4583 bellis,
2684 4521 2728 4575 si
2755 4521 2879 4590 quis
2914 4521 3191 4576 hominem
3228 4522 3363 4576 velit
3387 4529 3594 4577 tectum

2016 4610 2165 4664 omni
2191 4626 2466 4666 armorum
2492 4627 2689 4682 genere
2732 4611 2898 4667 ferire
2931 4613 3137 4683 jaculo,
3180 4620 3352 4666 totum
3378 4612 3597 4669 eminus

2016 4701 2193 4756 oculis
2231 4700 2685 4770 circumspiciens
2735 4701 2987 4771 vestigat,
3023 4700 3232 4754 nudum
3265 4701 3487 4772 aliquod
3506 4702 3593 4757 in-

2021 4793 2247 4863 quirens
2269 4792 2600 4856 membrum,
2631 4792 2684 4846 in
2704 4792 2850 4861 quod
2886 4791 3131 4846 immisso
3150 4792 3353 4862 jaculo,
3394 4793 3593 4849 adver-

2020 4885 2226 4939 sarium
2250 4893 2401 4954 petat
2430 4900 2442 4936 :
2472 4884 2552 4938 sic
2585 4883 2837 4938 diabolus
2858 4881 3140 4937 Christum
3171 4884 3408 4940 intuitus
3441 4885 3591 4942 omni

345 4974 573 5049 Χριστὸν
606 4973 926 5046 δικαιοσύνῃ
968 4972 1417 5043 καθωπλισμένον
1437 4971 1600 5042 ὁρῶν,
1626 4972 1720 5026 καὶ
1754 4971 1911 5025 τόπον

2016 4977 2229 5048 iustitia
2260 4977 2612 5039 instructum,
2666 4989 3028 5044 quaerensque
3080 4984 3454 5047 opportunum
3507 4977 3592 5031 lo-

347 5064 597 5137 ἁρμόδιον
626 5064 833 5134 ζητῶν,
870 5065 938 5124 ἵν’
977 5066 1094 5118 ἐκεῖ
1129 5063 1189 5118 τὸ
1231 5063 1382 5133 βέλος
1410 5063 1692 5133 άκοντίσῃ,
1728 5062 1802 5126 ὡς
1831 5056 1916 5115 εὖ·

351 5173 439 5227 ρεν
469 5159 841 5229 ἀναφανεῖσαν
884 5156 986 5226 τὴν
1041 5157 1250 5220 πεῖναν,
1298 5156 1661 5226 προσέρχεται
1710 5158 1916 5224 θαρσα-

354 5251 497 5317 λέως,
530 5253 607 5318 ὡς
646 5252 828 5324 εὑρὼν
852 5250 916 5305 τὸ
953 5248 1306 5321 ξητοόμενον,
1330 5250 1408 5312 ὠς
1444 5249 1537 5302 τοῦ
1574 5248 1918 5319 προπάτορος

2019 5084 2168 5132 cum,
2193 5082 2304 5136 quo
2334 5068 2503 5121 telum
2564 5067 2925 5138 intorqueret,
2959 5068 3144 5124 statim
3190 5076 3354 5137 atque
3384 5060 3595 5122 invenit

2017 5157 2216 5214 famem
2246 5173 2306 5212 se
2333 5156 2680 5227 prodentem,
2718 5158 2982 5215 audacter
2999 5158 3232 5222 accedit,
3271 5160 3498 5229 perinde
3528 5172 3592 5212 ac

2020 5249 2066 5303 si
2101 5248 2395 5319 repetisset
2427 5249 2904 5320 quodqumrebat,
2939 5260 2997 5306 et
3028 5251 3189 5322 primi
3218 5253 3464 5321 parentis
3503 5250 3587 5306 af-

416 5371 589 5428 sLuc.
619 5389 692 5437 iv,
721 5373 776 5429 3.
859 5379 883 5408 τ
918 5368 1023 5423 lsa.
1056 5384 1150 5433 vu,
1177 5368 1264 5423 16.
1342 5378 1363 5406 '
1399 5367 1556 5424 Joan.
1593 5382 1632 5431 ι,
1661 5366 1753 5424 29.
1817 5365 1835 5403 ί
1872 5367 1911 5422 Μ

2016 5366 2063 5422 i1.
2093 5382 2176 5424 ιιι.
2208 5365 2293 5421 17.

1622 5525 1857 5581 VARUS
1897 5524 2189 5581 LECTION
2196 5524 2296 5580 ES.

410 5645 451 5679 ¹³
469 5647 569 5702 Καὶ
600 5644 777 5710 εἶπεν,
814 5662 872 5697 κ.
899 5659 953 5695 τ.
978 5639 1030 5711 λ.
1062 5639 1142 5695 Ad
1184 5640 1388 5696 librum
1414 5639 1801 5711 quintumista
1846 5640 2140 5711 pertinere,
2174 5638 2387 5711 monuit
2422 5639 2741 5711 ,Garnerius,
2776 5653 2840 5693 ex
2894 5636 3008 5692 sola
3059 5636 3389 5707 conjectura.
3427 5634 3585 5707 Apud

348 5713 673 5777 “creatorem
704 5718 845 5791 haec
864 5709 1275 5768 desiderantur.
1354 5711 1397 5743 ιι
1417 5709 1612 5779 τούτῳ.
1662 5710 1858 5764 Aberat
1897 5711 1963 5764 ab
1990 5710 2229 5766 editione
2262 5710 2453 5782 priori.
