3950 6226
323 361 381 425 81
1470 370 1887 432 AUCTARIUB

1995 397 2053 407 —
2088 373 2188 432 AD
2221 372 2400 433 TOM.
2438 374 2537 433 ιν.
3515 379 3593 443 82

392 472 631 544 Ἥλγησε
687 474 790 545 μὲν
820 466 906 541 ’ὡς
952 476 1205 549 ἡττηθεὶς
1234 477 1383 544 ἅπαξ
1414 479 1443 532 6
1500 479 1762 550 Πονηρὸς,
1797 480 1887 532 οὐκ

2074 480 2235 551 126
2264 480 2449 534 Doluit
2493 479 2996 551 quidemmeqnam
3040 480 3130 538 ille
3174 482 3343 538 semel
3382 482 3581 544 victus.

320 563 664 634 ἀπηγόρευσε
715 565 773 619 δὲ
818 567 918 638 τὴν
956 568 1144 640 νίκην,
1196 567 1440 632 ἀκούσας
1489 570 1567 633 ὼς
1611 569 1896 641 ἄνθρωπος

320 655 420 724 εἴη’
451 656 574 708 Οὐκ
613 655 713 709 ἐπ’
753 656 912 727 ἄρτῳ
941 660 1079 730 γὰρ,
1115 659 1272 730 φησὶ,
1299 659 1466 730 μόνῳ
1510 658 1750 727 ζήσεται
1789 660 1896 714 ἇν-

317 747 562 812 θρωπος.
608 746 706 799 Διὸ
753 747 1016 819 δευτέραν
1047 748 1198 820 αὺτῷ
1230 750 1322 803 καὶ⁵
1359 750 1552 821 τρίτην
1590 745 1748 814 αὖθις
1776 752 1897 803 πεί-

319 852 413 904 ραν
445 836 695 908 προᾴδει,
738 837 819 909 πὴ
854 840 952 909 μὲν
994 838 1189 908 λέγων’
1217 842 1290 895 El
1334 840 1465 907 Υἱὸς
1499 838 1559 896 εἷ
1588 841 1694 896 τοῦ
1724 841 1896 907 Θεοῦ,

312 924 465 990 βάλε
511 928 782 983 σεαυτὸν
809 931 1040 985 ἀνωθεν
1078 932 1127 963 ³⁸⁵
1158 939 1173 955 ⁸
1197 931 1375 999 κάτω,
1415 933 1511 987 καὶ
1548 932 1636 987 διά
1685 932 1897 987 κενοδοο

317 1017 431 1082 Eia;
451 1018 844 1075 ἐπιϐουλεύων·
885 1022 961 1094 πὴ
1007 1022 1064 1076 δέ
1101 1022 1202 1087 τάς
1243 1024 1342 1095 τῆς
1377 1025 1709 1096 οἰκουμένης
1735 1025 1895 1096 βασι-

316 1108 458 1173 λείας
502 1110 839 1180 ἐπιδεικνὺς,
871 1114 965 1166 καὶ⁵
998 1114 1203 1178 ταύτας
1231 1115 1557 1175 ἀντιδώσειν
1601 1116 1897 1187 ὑπισχνού-

318 1216 497 1267 μενος,
550 1203 600 1254 εἰ
656 1204 924 1275 πρότερον
973 1205 1104 1278 παρ’
1143 1194 1310 1261 αύτοῦ
1359 1206 1460 1276 τὴν
1521 1206 1896 1279 προσκύνησιν

315 1290 484 1346 λάὸοι.
525 1291 619 1358 Ὠς
664 1294 724 1348 δέ
770 1296 933 1350 πάλιν
979 1296 1142 1352 αὐτὸν
1187 1298 1296 1351 τῶν
1328 1298 1575 1353 παλαιῶν
1622 1298 1895 1371 ἀνέμνησε

315 1383 579 1455 νομίμων,
622 1387 721 1441 καὶ
761 1386 997 1453 ἐδίδαξεν
1036 1389 1120 1443 ὅτι
1164 1389 1267 1443 οὐκ
1308 1389 1560 1453 ἀνέξεται
1589 1389 1761 1460 ἐτέρῳ
1784 1388 1895 1442 τινὶ

312 1475 371 1527 τὸ
399 1475 543 1529 θεῖον
564 1476 737 1549 γέρας
774 1480 1184 1550 προσενεγκεῖν,
1225 1479 1508 1551 ὑπέμνησε
1538 1479 1598 1533 δὲ
1636 1480 1732 1535 καὶ⁸
1773 1479 1894 1534 ἐτέ-

316 1582 422 1637 ρων
450 1565 550 1621 τοῦ
575 1568 715 1623 Θεοῦ
752 1569 1096 1641 διδαγμάτων
1126 1570 1556 1643 διαγορευόντων
1598 1572 1674 1644 μὴ
1698 1573 1894 1644 πειρά-

315 1654 426 1721 ζειν
476 1656 573 1712 τὸν
627 1659 737 1713 τῶν
787 1661 925 1715 ὅλων
957 1661 1112 1729 Θεὸν,
1142 1664 1171 1717 6
1201 1663 1302 1734 μὲν
1348 1663 1560 1735 ἀπέδρα
1599 1663 1699 1734 τῆς
1726 1664 1895 1736 ἥττης

314 1749 408 1821 τὴν
438 1751 710 1822 αίσχύνην
756 1754 819 1807 οὐ
861 1754 1064 1825 φέρων,
1118 1755 1212 1810 καὶ⁵
1257 1755 1469 1810 δειλιῶν
1508 1757 1601 1810 καὶ
1650 1757 1893 1829 τρέμων,

315 1840 533 1912 καὶτῆς
553 1844 872 1913 τυραννίδος
896 1845 1330 1917 ἐκύληθήσεσθαι
1348 1847 1685 1919 προσδοκῶν.
1709 1849 1895 1903 Πάντα
1928 1835 1965 1889 Π

313 1930 418 2003 γὰρ
464 1932 637 1988 αὐτοῦ
676 1936 923 2000 κενώσας
970 1937 1037 1992 τά
1077 1937 1229 2009 βέλη,
1269 1938 1366 1993 καὶ
1390 1939 1572 2002 πάσας
1598 1939 1764 1993 αὐτοῦ
1792 1939 1894 2010 τῆς

311 2022 526 2095 ἀπάτης
569 2025 672 2089 τάς
710 2025 888 2090 πάλας
935 2027 1316 2099 προσενεγκὼν
1336 2071 1352 2095 ,
1388 2029 1629 2099 ἄτρωτον
1651 2024 1775 2101 εὗρε
1800 2030 1896 2083 καὶ

314 2114 579 2187 ἀήττητον
629 2117 723 2171 τὸν
756 2117 1017 2190 ἀθλητὴν,
1040 2119 1136 2174 καὶ
1175 2119 1252 2184 ὡς
1276 2119 1352 2191 τῷ
1386 2120 1559 2191 ’Δδάμ
1585 2122 1895 2192 προσελθὼν

311 2206 405 2278 οὐχ
438 2199 626 2280 εὗρεν,
667 2207 728 2262 δν
762 2209 1155 2282 προσεδόκησε.

380 2407 470 2480 Τῷ
505 2407 565 2462 δὲ
591 2408 789 2479 νικητῇ
825 2407 1218 2478 προσελθόντες
1258 2409 1503 2478 ἄγγελοι,
1531 2410 1582 2464 οἳ
1610 2410 1893 2483 πόρρωθεν

313 2499 579 2573 ἐθεώρουν
618 2498 719 2571 τὴν
753 2500 955 2570 πάλην,
979 2499 1231 2572 καθάπερ
1262 2501 1403 2565 τινὲς
1436 2502 1663 2572 ἐρασταὶ
1708 2501 1893 2571 διηκό-

312 2608 451 2655 νουν,
483 2590 761 2662 ἐχόρευον,
807 2590 1094 2660 εὐφήμουν
1126 2590 1220 2643 τὸν
1250 2589 1510 2663 ἀθλητὴν,
1539 2592 1890 2661 ἐστεφάνουν,

313 2682 697 2753 ἀνεκήρυττον,
727 2679 946 2753 ἔχαιρον
982 2682 1078 2736 ἐπὶ
1118 2684 1186 2755 τῇ
1212 2682 1319 2736 τῶν
1351 2684 1658 2754 ὁμοδούλων
1683 2684 1893 2757 ἀνθρὼ-

312 2791 424 2827 πων
458 2772 769 2845 ἐλευθερίᾳ,
802 2775 1096 2843 ἐγάννυντο
1133 2773 1230 2828 τοῦ
1254 2775 1551 2830 ἀντιπάλου
1589 2776 1691 2848 τὴν
1720 2771 1890 2847 ἧτταν

312 2865 558 2937 ὁρῶντες.

372 2978 561 3034 Ταῦτα
583 2981 685 3052 τὴν
725 2980 1105 3054 ’Δπολιναρίου
1144 2981 1528 3054 ματαιολογίαν
1562 2983 1795 3054 ἐλέγχει,
1829 2982 1890 3046 ὃς

309 3071 422 3125 ἀντὶ
449 3070 543 3126 νοῦ
578 3072 672 3126 τὸν
707 3072 841 3128 Θεὸν
885 3073 1059 3142 Λόγον
1097 3074 1379 3144 ἐνοικῆσαι
1426 3075 1577 3144 λέγει
1604 3078 1670 3147 τῇ
1711 3092 1881 3140 προσ-

2000 586 2106 625 nec
2133 579 2316 626 tamen
2343 572 2411 627 de
2435 572 2664 627 victoria
2700 588 2851 643 spem
2886 575 3107 645 abjeeit,
3139 590 3263 630 cum
3290 576 3439 631 hunc
3463 593 3587 632 esse

2001 661 2280 717 hominem
2303 663 2540 727 audiret,
2560 664 2654 733 qui
2684 663 2903 719 dicebat
2930 683 2941 716 ε
2967 665 3085 720 Non
3113 682 3250 736 pane
3271 666 3443 721 solum
3460 670 3588 724 vivit

1997 754 2172 808 homo.
2202 755 2591 811 Ideo-alteram
2634 755 2759 825 ipsi,
2802 756 3132 826 tertiamque
3166 758 3431 813 continuo
3461 766 3584 813 ten-

1999 844 2269 901 tationem
2294 845 2447 901 velut
2493 846 2765 917 pmcinit,
2807 847 2972 902 modo
3017 846 3240 918 quidem
3264 848 3454 903 dicens
3490 846 3599 903 :Si

1997 934 2165 990 Filius
2190 935 2285 990 Dei
2311 954 2386 1002 es,
2421 940 2568 991 mitte
2597 946 2645 991 te
2670 939 2935 1005 deorsum,
2953 939 3171 995 inanem
3197 941 3423 1012 gloriam
3446 941 3584 995 insi-

1997 1024 2152 1082 diose
2203 1026 2498 1083 consulens
2547 1044 2560 1080 :
2600 1029 2763 1084 modo
2811 1044 2978 1100 regna
3023 1030 3267 1085 universi
3309 1039 3581 1086 terrarum

1997 1117 2148 1174 orbis
2185 1126 2489 1184 ostentans,
2535 1134 2709 1189 eaque
2747 1135 2806 1176 se
2844 1121 3242 1178 retributurum
3279 1122 3612 1192 Spondens,-

1996 1209 2223 1281 siprius
2247 1210 2317 1265 ab
2345 1226 2413 1266 eo
2461 1210 2801 1266 adorationis
2839 1213 3047 1268 cultum
3094 1212 3418 1284 accepisset.
3468 1213 3571 1268 Seu

1996 1311 2288 1374 postquam
2315 1304 2495 1375 ipsum
2518 1303 2772 1360 Christus
2802 1304 2872 1359 ad
2911 1313 3160 1361 veterum
3201 1305 3575 1360 institutorum

1996 1398 2321 1452 memoriam
2368 1397 2666 1462 revocavit,
2702 1397 3000 1467 docuitque
3042 1411 3101 1452 se
3125 1411 3235 1452 non
3258 1396 3582 1451 commissu-

1997 1505 2140 1555 rum,
2167 1498 2229 1545 ut
2253 1489 2523 1544 honorem
2550 1490 2662 1544 Deo
2688 1488 2937 1544 debitum
2966 1487 3124 1543 alteri
3138 1486 3393 1557 cuiquam
3424 1486 3580 1542 exhi-

1995 1580 2174 1645 beret,
2204 1595 2310 1636 nec
2328 1595 2441 1636 non
2472 1579 2762 1635 admonuit
2787 1578 3021 1635 aliorum
3048 1578 3147 1634 Dei
3172 1577 3577 1632 mandatorum.

1996 1689 2118 1743 quae
2153 1674 2402 1739 edicunt,
2449 1689 2559 1728 non
2589 1676 2608 1693 '
2648 1671 2971 1727 tentandum
3018 1684 3139 1727 esse
3194 1670 3577 1726 universorum

1996 1766 2170 1821 Deum
2197 1782 2211 1819 :
2246 1765 2458 1837 aufugit
2481 1765 2571 1820 ille
2591 1764 2839 1836 quidem,
2866 1778 2978 1818 non
3000 1762 3186 1819 ferens
3221 1760 3576 1833 ignominiam

1996 1856 2168 1912 cladis
2200 1872 2335 1921 suas,
2372 1870 2689 1926 pavensque
2733 1869 2797 1910 ac
2830 1853 3281 1917 contremiscam,
3319 1866 3484 1921 seque
3511 1865 3577 1906 es

1995 1950 2286 2022 tyrannide
2345 1950 2715 2021 dejiciendum
2766 1955 3127 2018 exspectans,
3191 1945 3394 2017 quippe
3453 1960 3579 1999 cum

1995 2042 2280 2098 exhaustis
2307 2040 2566 2096 omnibus
2612 2040 2758 2103 telis,
2800 2038 3169 2106 omnibusque
3203 2035 3466 2090 adhibitis
3496 2036 3579 2089 luo

1995 2133 2182 2189 etandi
2224 2133 2368 2188 dolis
2412 2132 2820 2188 invulneratum
2860 2127 3174 2200 reperisset,
3202 2125 3577 2195 invictumque

1994 2225 2258 2297 pugilem,
2300 2239 2405 2280 nec
2451 2225 2669 2295 qualem
2700 2220 3075 2292 exspectabat,
3111 2233 3235 2274 cum
3277 2217 3345 2272 ad
3398 2217 3575 2287 ipsum

1995 2315 2229 2385 perinde
2259 2322 2426 2384 atque
2454 2313 2522 2368 ad
2552 2312 2822 2368 Adamum
2857 2309 3164 2365 accederet.

2061 2407 2252 2477 Angeli
2278 2407 2373 2476 qui
2415 2420 2652 2475 pugnam
2695 2402 2914 2459 eminus
2935 2398 3279 2471 spectabant,
3312 2398 3581 2452 acceden-

1993 2507 2076 2550 tes
2115 2495 2333 2558 victori,
2370 2496 2522 2549 velut
2556 2493 2718 2548 amici
2753 2491 2977 2563 quidam
3024 2488 3431 2550 ministrabant,
3456 2503 3579 2559 age—

1991 2588 2233 2657 bantque
2258 2587 2509 2648 choreas,
2542 2593 2598 2640 et
2624 2585 2959 2656 gratulantes
2977 2581 3286 2647 victoriam,
3314 2579 3575 2634 athletam

1992 2677 2353 2741 coronabant,
2376 2676 2635 2731 laudibus
2654 2674 2984 2740 adiciebant,
3017 2681 3073 2729 et
3103 2672 3427 2728 laetabantur
3460 2680 3576 2725 tum

1991 2771 2061 2825 de
2086 2786 2481 2826 conservorum
2525 2770 2810 2825 hominum
2836 2770 3113 2836 libertate,
3144 2777 3258 2823 tum
3280 2766 3351 2823 de
3384 2765 3579 2820 adver-

1992 2864 2122 2918 sarii
2152 2863 2331 2928 clade,
2367 2878 2531 2934 quam
2555 2863 2933 2918 intuebantur.
3354 2870 3357 2873 ‘

2064 2975 2191 3031 Haac
2234 2976 2623 3047 Apollinaris“
2670 2984 2912 3048 arguunt
2947 2977 3275 3040 vanitatem,
3329 2975 3423 3046 qui
3475 2993 3573 3046 pro

1992 3069 2207 3125 ratione
2266 3070 2373 3142 (vel
2424 3069 2629 3142 mente)
2686 3072 2858 3125 Deum
2907 3071 3146 3127 Verbum
3193 3070 3247 3123 in
3298 3077 3575 3139 assumpta

307 3162 565 3236 ληφθείση
598 3164 785 3235 σαρκί.
821 3165 885 3218 Et
928 3166 1036 3236 γάρ
1065 3166 1166 3220 οὐκ
1202 3161 1347 3237 εἶχεν
1383 3167 1725 3237 ἀνθρώπινον
1761 3168 1885 3222 νοῦν

1995 3177 2156 3218 carne
2182 3163 2382 3217 asserit
2410 3162 2705 3217 habitasse.
2730 3163 2867 3217 Nam
2912 3162 2957 3216 si
2990 3178 3100 3215 non
3138 3161 3331 3215 habuit
3377 3161 3571 3215 intuta-

307 3255 734 3325 ἡὰναληφθεῖσα
762 3255 946 3325 φύσις,
996 3258 1127 3321 Θεὸς
1157 3258 1259 3328 μὲν
1305 3254 1374 3331 ἦν
1404 3260 1435 3313 6
1478 3262 1611 3332 πρὸς
1650 3262 1742 3315 τὸν
1768 3261 1884 3317 διά-

307 3345 454 3399 ϐολον
483 3346 919 3419 ἀγωνισάμενος,
946 3347 1079 3412 Θεὸς
1106 3349 1163 3402 δὲ
1193 3349 1222 3402 6
1255 3348 1354 3421 τὴν
1404 3350 1569 3421 νίκην
1608 3352 1883 3422 ἀναδησά-

312 3454 490 3508 μενος,
519 3437 657 3491 Θεοῦ
687 3437 746 3492 δὲ
780 3439 1148 3511 νενικηκότος,
1180 3440 1292 3510 ἐγὼ
1322 3441 1420 3513 μὲν
1445 3442 1637 3496 ούδένα
1671 3444 1887 3498 ἀπωνά-

311 3546 412 3599 μην
450 3530 554 3601 τῆς
584 3531 742 3602 νίκης
767 3575 783 3596 ,
831 3531 909 3596 ὡς
954 3532 1105 3585 οὐδὲν
1154 3535 1235 3597 είς
1284 3534 1490 3603 ταύτην
1533 3534 1880 3605 είσενεγκών.

319 3622 476 3677 Ἀλλά
535 3623 632 3677 καὶ
673 3623 772 3695 τῆς
824 3621 1077 3678 ἐντεῦθεν
1126 3625 1470 3697 εὐφροσύνης
1520 3626 1882 3698 γεγύμνωμαι

305 3713 395 3766 ἐπὶ
434 3714 721 3787 τροπαίοις
747 3713 993 3785 γαυριῶν
1026 3714 1347 3787 ἀλλοτρίοις·
1396 3718 1555 3789 αὐχεῖ
1601 3718 1659 3772 δὲ
1692 3721 1720 3773 6
1768 3719 1884 3773 διά·

306 3803 453 3869 ὕθλος
481 3804 577 3859 καὶ
623 3803 899 3875 κομπάζει
944 3804 1041 3858 καὶ
1077 3805 1220 3876 μέγα
1252 3809 1442 3876 φρονεί
1488 3809 1585 3861 καὶ
1620 3807 1883 3880 σεμνύνε-

307 3911 409 3960 ται,
433 3895 510 3960 ὡς
531 3894 654 3966 Θεῷ
692 3895 964 3960 παλαίσας
997 3897 1092 3952 καὶ
1125 3897 1232 3951 ὑπὸ
1258 3898 1393 3952 Θεοῦ
1422 3899 1670 3971 ἡττηθείς
1688 3918 1705 3934 ·
1736 3901 1882 3974 μέγα

309 3992 408 4061 γὰρ
428 3986 580 4042 αὐτῶ
606 3987 703 4042 καὶ
725 3987 787 4043 τδ
807 3988 1104 4061 ἡττηθῆναι
1136 3989 1243 4046 ὑπὸ
1264 3991 1420 4046 Θεοῦ.

372 4166 654 4237 Χρήσαιτο
699 4163 745 4219 δ’
774 4164 841 4220 ἂν
883 4167 978 4221 καὶ
1015 4167 1402 4237 δικαιολογίαις
1455 4170 1735 4241 εὐλόγοις,
1789 4174 1882 4226 καὶ

307 4257 464 4311 εἴποι·
515 4256 682 4325 Ἐγὼ,
722 4257 971 4312 Δέσποτα
1005 4260 1097 4312 καὶ
1130 4260 1332 4330 ποιητὰ
1350 4260 1458 4315 τῶν
1480 4262 1639 4327 ὅλων,
1662 4263 1721 4316 οὐ
1745 4263 1883 4333 πρὸς

308 4345 366 4399 σέ
393 4347 495 4421 τὴν
526 4348 714 4419 μάχην
747 4348 1105 4422 ἀνεδεξάμην⁸
1144 4347 1261 4404 οἴδα
1292 4353 1400 4424 γάρ
1446 4370 1540 4406 σου
1574 4355 1673 4425 τὴν
1701 4354 1880 4419 ἀξίαν,

307 4433 603 4507 ἐπίσταμαι
641 4438 743 4509 τὴν
771 4438 1040 4504 ἐξουσίαν,
1092 4440 1346 4509 γινώσκω
1386 4442 1485 4515 τὴν
1525 4445 1879 4511 δεσποτείαν,

1983 3270 2111 3309 nam
2133 3262 2371 3309 mentem
2410 3254 2566 3324 127
2602 3264 2878 3323 assumpta
2908 3262 3104 3307 natura
3127 3294 3141 3317 ,
3178 3253 3320 3308 Deus
3351 3253 3570 3323 quidem

1983 3344 2089 3400 erit
2108 3346 2174 3411 ¹²,
2224 3345 2319 3415 qui
2364 3354 2557 3400 contra
2587 3344 2864 3399 diabolum
2895 3344 3126 3399 certavit
3157 3362 3168 3397 :
3203 3344 3345 3397 Deus
3384 3344 3569 3405 etiam,

1983 3438 2079 3509 qui
2123 3437 2414 3494 victoriam
2465 3448 2725 3509 operatus
2791 3439 3034 3505 est,Deo
3082 3447 3265 3493 autem
3311 3447 3571 3506 operante

1982 3531 2288 3596 victoriam,
2307 3548 2408 3602 ego
2439 3531 2661 3602 quidem
2682 3531 2750 3586 de
2781 3531 2883 3586 hac
2905 3531 3134 3586 victoria
3163 3529 3300 3583 nihil
3321 3529 3572 3583 utilitatis

1984 3623 2192 3694 accepi,
2222 3624 2374 3678 velut
2414 3623 2510 3693 qui
2549 3623 2688 3678 nihil
2732 3622 2862 3677 huic
2899 3621 3101 3677 inferre
3127 3619 3426 3692 potuerim.
3465 3619 3571 3673 Sed

1983 3726 2039 3770 et
2080 3715 2289 3780 laetitia,
2336 3731 2459 3785 qua:
2499 3730 2567 3769 ex
2593 3714 2696 3771 hac
2740 3731 2800 3770 re
2828 3715 3075 3785 contigit,
3126 3713 3350 3785 privor,
3397 3728 3565 3782 super

1984 3806 2276 3876 triumphis
2305 3804 2501 3860 alienis
2526 3806 2836 3871 exsultans;
2874 3803 3135 3874 tripudiat
3168 3810 3351 3857 autem
3380 3801 3573 3857 diabo—

1983 3898 2091 3961 lus,
2122 3904 2179 3951 et
2208 3896 2511 3962 extollitur,
2536 3903 2594 3952 et
2623 3895 2892 3967 superbit,
2918 3906 3082 3965 atque
3098 3893 3385 3965 gloriatur,
3412 3895 3569 3962 quasi

1983 4003 2111 4043 cum
2163 3988 2277 4043 Deo
2332 3987 2571 4042 luctatus
2604 3986 2675 4041 sit
2693 3987 2738 4018 ’³
2773 4004 2786 4039 :
2822 4001 3078 4057 magnum
3133 3990 3219 4039 est
3258 3982 3407 4037 enim
3455 3983 3567 4047 illi,

1982 4080 2147 4134 etiam
2170 4095 2199 4133 a
2218 4080 2329 4134 Deo
2364 4079 2635 4148 superari.

2055 4168 2169 4225 Hac
2206 4169 2373 4224 etiam
2397 4185 2530 4225 usus
2548 4167 2869 4225 defensione
2900 4169 3296 4225 convenienter
3318 4169 3570 4224 diabolus

1984 4260 2098 4315 Deo
2129 4259 2313 4315 dicere
2353 4268 2571 4329 poterat
2605 4278 2617 4312 :
2648 4260 2784 4330 Ego,
2831 4259 3060 4313 Domine
3104 4268 3160 4314 et
3202 4267 3417 4314 creator
3445 4258 3567 4311 uni—

1985 4365 2294 4416 versorum,
2337 4366 2447 4405 non
2477 4359 2666 4405 contra
2702 4359 2754 4406 te
2798 4359 3074 4405 certamen
3117 4350 3417 4420 assumpsi;
3455 4350 3569 4403 scio

1984 4456 2222 4511 namque
2245 4440 2563 4511 dignitatem
2592 4448 2761 4507 tuam,
2804 4442 3049 4513 intelligo
3091 4448 3435 4510 potestatem,
3473 4456 3567 4491 co-

306 4528 549 4598 ὁμολογῶ
588 4530 691 4602 τὴν
725 4530 993 4599 δουλείαν,
1039 4532 1136 4586 xal.
1180 4532 1278 4604 τὴν
1322 4535 1660 4590 ἀποστασίαν
1700 4537 1875 4590 νοσῶ·

1995 4547 2183 4602 gnosco
2206 4531 2659 4597 dominationem,
2712 4531 2887 4588 fateor
2930 4532 3274 4593 servitutem,
3318 4530 3568 4599 quamvis

309 4622 621 4694 παραχωρῶ
648 4622 708 4676 δὲ
743 4623 839 4678 καὶ
880 4624 1133 4694 ἀγγέλοις
1172 4626 1274 4695 τῆς
1301 4626 1456 4698 νίκης
1489 4628 1584 4681 καὶ
1609 4630 1743 4683 πᾶσι
1772 4633 1884 4693 τοῖς

309 4710 479 4778 ἁγίοις
533 4712 760 4785 δήμοις,
792 4705 866 4768 ὧν
895 4730 1024 4767 ποτε
1073 4715 1167 4769 καὶ
1205 4716 1234 4768 6
1279 4716 1622 4789 ταλαίπωρος
1660 4714 1739 4783 εἷς
1782 4720 1883 4773 ῦπ-

1984 4624 2168 4694 rel'uga
2189 4639 2309 4677 esse
2344 4638 2639 4693 cognosear
2675 4641 2687 4676 :
2726 4623 3012 4678 victoriam
3047 4638 3176 4676 vero
3211 4621 3370 4689 cedo,
3393 4629 3449 4674 et
3472 4638 3567 4677 au-

1981 4717 2141 4787 gelis,
2182 4724 2239 4769 et
2277 4715 2427 4769 omni
2458 4716 2672 4770 ccclesti
2721 4713 3086 4777 multitudini,
3135 4729 3198 4767 ex
3234 4713 3434 4782 quibus
3463 4714 3564 4770 ali-

306 4803 468 4875 ῆρχον
498 4805 753 4877 ἐγώ.Τὴν
772 4806 830 4860 δὲ
858 4807 1039 4878 μάχην
1067 4808 1202 4877 πρὸς
1230 4808 1416 4862 τοῦτον
1437 4811 1792 4883 ἀνεδεξάμην,
1815 4813 1883 4884 ἢν

1995 4806 2200 4878 ]uando
2219 4814 2276 4862 et
2298 4822 2399 4876 ego
2419 4806 2605 4861 infelix
2620 4807 2958 4861 exstiterant.
2977 4804 3181 4860 Contra
3206 4804 3359 4859 hunc
3381 4813 3566 4859 autem

307 4893 410 4946 ἀπὸ
436 4894 612 4967 πηλοῦ
644 4895 745 4966 μὲν
787 4894 1101 4961 διέπλασας,
1130 4898 1247 4950 κατ’
1265 4900 1450 4952 εἰκόνα
1467 4899 1523 4952 δὲ
1558 4900 1657 4971 σὴν
1681 4901 1837 4972 ἐποίη
1856 4932 1871 4942 ο

310 4998 404 5047 σας
458 4986 556 5040 καὶ
619 4986 892 5058 ἐτίμησας
918 4986 996 5058 τῷ
1026 4987 1188 5056 λόγῳ,
1232 4988 1326 5042 καὶ
1361 4991 1690 5061 παραδείσου
1732 4993 1880 5048 πολί-

312 5090 405 5143 την
442 5076 811 5147 κατέστησας,
869 5077 965 5130 καὶ
1005 5077 1110 5148 γῆς
1154 5080 1250 5132 καὶ
1297 5080 1566 5152 θαλάττης
1611 5082 1878 5154 δεσπότην

314 5167 603 5239 ἀπέφηνας.
622 5169 847 5235 Τοῦτον,
890 5169 1076 5242 ἀπάτῃ
1109 5174 1474 5242 χρησάμενος,
1497 5176 1585 5227 οὖν
1625 5175 1865 5248 ἀνάγκῃ,

316 5259 582 5332 νενίκηκα·
634 5261 826 5316 τοῦτον
882 5261 1044 5332 μέχρι
1073 5262 1170 5332 τῆς
1203 5265 1441 5336 σήμερον
1471 5267 1680 5338 ἡμέρας
1710 5267 1875 5319 νικῶν

1980 4901 2196 4970 suscepi
2226 4908 2525 4963 certamen,
2580 4916 2744 4969 quem
2791 4899 2859 4953 de
2910 4888 3043 4953 limo
3090 4898 3354 4963 formasti,
3405 4906 3460 4952 et
3499 4899 3564 4952 ad

1988 4991 2280 5063 imaginem
2306 5002 2452 5047 tuam
2490 4991 2693 5054 fecisti,
2721 4999 2777 5044 et
2812 4991 3018 5045 ratione
3047 4990 3325 5044 honorasti
3348 5030 3361 5054 ,
3388 4998 3443 5045 ct
3472 5005 3566 5058 pa-

1988 5085 2156 5139 radisi
2194 5085 2369 5140 civem
2405 5082 2755 5149 constituisti,
2797 5092 2853 5139 et
2883 5091 3044 5138 terra:
3085 5082 3361 5152 marisque
3392 5081 3573 5135 domi-

1988 5175 2554 5248 num’dcmonstrasti.
2578 5175 2735 5229 Hunc
2755 5176 3096 5238 seductione,
3118 5190 3225 5228 non
3244 5173 3564 5228 necessitate

1987 5267 2178 5336 ἀθίκτρὶ
2199 5269 2272 5331 ²“;
2307 5266 2456 5322 hunc
2473 5282 2644 5337 usque
2671 5267 2725 5320 in
2746 5266 3077 5322 hodiernum
3112 5265 3257 5319 diem
3281 5280 3561 5333 superare,

1597 5442 1829 5499 VARUE
1871 5442 2272 5501 LECTIONES.

378 5582 438 5614 ²⁹⁶
457 5584 538 5640 ἀν.
563 5583 698 5639 Luc.
724 5599 801 5645 tv,
820 5582 878 5647 9,
902 5582 1287 5705 Ιρξλντεῦθεν.
1364 5584 1405 5614 ²¹
1436 5584 1553 5638 ch
1578 5584 1920 5652 Apollinaris,
1939 5596 2044 5640 (te.
2073 5588 2149 5641 Ex
2176 5586 2341 5640 Mario
2372 5587 2671 5641 Mercatore
2705 5585 2925 5654 quidem
2951 5583 3066 5637 hzcc
3095 5580 3378 5649 desumpta
3412 5591 3558 5643 sunt,

378 5652 518 5705 dnon
538 5671 679 5705 onus
700 5654 807 5705 fuit
840 5653 947 5705 hoc
991 5668 1090 5705 oco
1117 5671 1252 5705 nova
1281 5655 1899 5705 interpretatione.nuia
1921 5667 2098 5705 textus
2129 5658 2344 5705 (ἔκρους
2368 5658 2599 5705 maxima
2622 5672 2685 5705 ex
2721 5664 2877 5705 narte
2900 5669 3023 5705 cum
3050 5652 3241 5704 Latino
3265 5652 3558 5704 consentit.

318 5652 518 5725 seducti
538 5671 679 5725 opus
700 5654 807 5725 fuit
840 5653 947 5709 hoc

319 5723 501 5780 "Erit.
539 5723 914 5781 scribendum
940 5730 1083 5779 esset
1116 5735 1249 5777 erat.

315 5796 428 5862 (ειν.
451 5796 538 5853 Vel
570 5796 756 5869 potius
786 5795 908 5848 viri.

1329 5725 1371 5755 '3
1416 5725 1559 5777 Luci.
1596 5726 1680 5777 sit.
1727 5726 1875 5778 Ach
1919 5728 2067 5797 juxta
2104 5737 2305 5780 textum
2346 5728 2614 5787 Grtccum,
2653 5734 2699 5777 et
2741 5724 2958 5795 inferior
2993 5723 3302 5775 disrcssrrit.

1027 5668 1090 5707 c0
1117 5671 1252 5708 nova
1281 5655 1899 5722 interpretatione,quia
1921 5667 2098 5710 textus
2129 5658 2344 5711 (inertis
2368 5658 2599 5710 maxima
2622 5672 2685 5709 ex
2721 5652 2877 5723 parte
2900 5669 3023 5708 cum
3050 5652 3241 5704 Latino
3265 5652 3558 5723 consentit.

3377 5721 3418 5752 ﬂ
3452 5720 3556 5775 ιιι-
