3950 6226
300 332 373 398 83
1531 338 1847 401 OPERUM
1884 335 2376 400 THEODORETI
3490 327 3561 395 84

302 442 562 515 dejicere,
607 455 677 496 ac
712 443 874 495 morti
924 441 1141 497 tradere
1190 457 1302 496 non
1350 456 1533 508 cesso;
1589 456 1884 512 persevero

2004 445 2082 498 ca‘t
2119 443 2351 515 βάλλων,
2382 441 2478 494 καὶ
2517 439 2595 510 τῷ
2634 437 2851 509 θανάτῳ
2894 436 3279 508 παραπέμπων
3309 437 3559 492 διατελῶο

298 536 449 590 hunc
480 532 549 589 ad
583 532 820 587 stadium
843 532 1173 603 perducens,
1206 539 1263 587 et
1285 547 1498 587 mecum
1525 531 1720 587 luctari
1737 548 1879 603 prae-

299 625 537 696 cipiens.
584 624 730 694 Ipse,
766 633 1045 695 spectator
1092 622 1318 689 assiste;
1368 622 1531 677 etiam
1572 631 1688 678 arte
1717 640 1880 694 quam

300 713 520 769 athleta:
566 712 868 777 insumunt,
921 708 1149 768 ostende
1191 712 1351 781 128
1380 712 1577 767 luctari
1616 712 1883 769 :demon—

301 816 413 861 ειη
446 813 503 860 et
534 804 783 860 instituta
811 802 1188 860 certaminis"
1215 821 1228 856 :
1266 818 1428 874 tinge,
1461 812 1516 858 ut
1552 805 1737 870 voles;
1767 813 1883 860 Ian-

302 906 421 952 tum
474 913 545 953 ne
596 896 766 950 huic‘
801 896 1063 950 auxilium
1108 894 1357 964 praebeas
1398 910 1551 949 :non
1603 896 1751 950 enim
1804 897 1884 952 sic

302 989 481 1045 audax
513 1004 614 1060 ego
636 998 694 1044 et
725 997 908 1043 mente
931 986 1198 1056 privatus,
1226 993 1289 1042 ut
1307 986 1600 1043 adversum
1630 995 1684 1043 te
1708 986 1883 1043 facto-

303 1094 421 1135 rem
455 1090 668 1135 certare
689 1084 1022 1148 pertentem.

376 1262 503 1318 Hec
521 1259 591 1317 ad
622 1260 965 1317 Salvatorem
982 1259 1263 1317 Christum
1291 1262 1440 1333 juste
1459 1260 1712 1316 diabolus
1737 1260 1888 1315 dice-

302 1361 411 1419 ret,
453 1353 499 1408 si
528 1368 641 1408 non
678 1360 825 1409 esset
852 1352 1041 1418 homo,
1072 1352 1170 1410 sed
1210 1354 1378 1419 Deus,
1398 1352 1497 1424 qui
1535 1367 1637 1422 pro
1661 1351 1885 1406 homine

304 1444 611 1500 decertaret
626 1445 693 1497 ²⁴⁶.

377 1535 435 1592 Si
466 1536 615 1593 enim
649 1537 705 1591 in
731 1535 955 1593 Christo
977 1551 1134 1592 mens
1162 1535 1401 1593 humana
1432 1550 1545 1592 non
1571 1542 1712 1601 erat,
1738 1535 1887 1591 Deus

306 1634 492 1682 autem
521 1642 624 1697 pro
654 1637 841 1684 mente
865 1628 1137 1684 exsistens
1178 1628 1513 1699 eperabatur
1553 1627 1735 1682 omnia
1766 1642 1889 1697 qua!

306 1717 515 1773 mentis
534 1725 664 1775 sunt
692 1736 705 1772 :
733 1720 876 1774 Deus
904 1727 1041 1783 erat,
1071 1719 1166 1789 qui
1198 1719 1609 1775 laboravitcum
1634 1733 1885 1788 corpore;

1983 536 2172 591 τοῦτον
2205 537 2285 600 εἰς
2305 535 2365 588 τὸ
2398 532 2610 587 στάδιον
2639 529 2886 601 ἀγαγὼν,
2918 530 3013 583 καὶ
3042 528 3292 583 παλαίειν
3325 530 3449 599 ἐμοὶ
3474 547 3563 584 κε-

1984 626 2200 689 λεύσας.
2249 624 2419 682 Αὐτὸς
2456 621 2618 692 γενοῦ
2653 620 2853 690 θεατὴς
2884 620 2978 673 καὶ
3023 618 3132 672 τῶν
3165 619 3565 690 παλαισμάτων

1983 716 2342 786 ἀγωνοθέτης.
2377 715 2440 768 Εἰ
2467 714 2523 767 δὲ
2559 712 2738 784 βούλει
2761 711 2860 766 καί⁸
2898 710 2966 775 τά
2990 710 3336 782 παιδοτρίϐου
3366 714 3564 775 ποιεῖν,

1982 807 2189 873 δίδαξον
2230 806 2514 870 παλαίειν,
2579 802 3034 873 ὑπόδειξοναὺτῷ
3087 802 3186 865 τὰς
3246 803 3342 874 τῆς
3386 802 3547 873 νίκης

1989 898 2181 963 λαϐάς,
2214 898 2453 968 ἄλειψον,
2490 896 2567 959 ὡς
2612 894 2834 959 ἐθέλεις,
2874 895 3033 964 μόνον
3083 892 3158 964 μὴ
3197 895 3565 965 συμμαχήσῃς

1985 994 2289 1048 παλαίοντι·
2341 992 2401 1044 οὑ
2435 990 2546 1061 γάρ
2577 988 2720 1043 οὕτω
2773 989 2980 1060 θρασὺς
3010 986 3142 1056 ἐγὼ,
3172 987 3269 1040 καὶ
3299 987 3393 1040 τοῦ
3433 1004 3565 1057 φρο-

1984 1087 2094 1140 νείν
2150 1081 2481 1155 ἐξεστηκὼς,
2521 1082 2599 1147 ὥς
2656 1098 2739 1135 σοι
2776 1080 2855 1152 τῷ
2894 1080 3092 1151 ποιητῇ
3146 1077 3396 1132 παλαίειν
3450 1080 3568 1131 ἐπι-

1985 1176 2260 1249 χειρῆσαι.

2055 1265 2222 1319 Ταῦτ’
2269 1265 2336 1318 ἂν
2378 1259 2532 1317 εἶπεν
2559 1262 2588 1315 6
2643 1260 2889 1324 διάϐολος
2936 1260 3123 1315 δίκαια
3155 1257 3294 1331 πρὸς
3327 1256 3419 1310 τὸν
3450 1259 3567 1310 Σω-

1985 1358 2127 1429 τῆρα
2178 1355 2433 1427 Χριστὸν,
2469 1354 2628 1426 εἰπερ
2666 1353 2769 1407 οὑκ
2801 1352 3088 1425 ἀνθρωπος
3135 1348 3228 1423 ἦν,
3260 1348 3401 1406 ἀλλά
3434 1349 3570 1412 Θεὸς

1988 1453 2016 1504 6
2043 1448 2163 1504 ἀνιῖι
2190 1447 2483 1520 ἀνθρώπου
2525 1445 2794 1501 παλαίων.

2058 1541 2122 1594 Εἰ
2150 1542 2259 1612 γάρ
2285 1540 2385 1593 οὑκ
2416 1535 2484 1610 ἦν
2526 1541 2586 1592 έν
2645 1536 2792 1607 αὑτῷ
2844 1535 2970 1600 νοῦς
3008 1533 3386 1605 ἀνθρώπινος,
3433 1532 3569 1595 Θεὸς

1988 1630 2045 1683 δὲ
2076 1631 2198 1684 ἀντὶ
2235 1628 2328 1683 νοῦ
2364 1629 2625 1700 ὑπάρχων
2647 1629 2714 1680 τά
2743 1624 2818 1696 τῷ
2849 1624 2925 1695 νῷ
2950 1624 3172 1696 ἐνήργει
3198 1622 3566 1694 προσήκοντα’

1991 1722 2124 1787 Θεὸς
2157 1723 2256 1794 μὲν
2283 1718 2353 1793 ἦν
2376 1724 2403 1776 6
2425 1720 2503 1791 τῷ
2534 1720 2747 1789 σώματι
2778 1717 3155 1788 συμπονήσας,
3178 1713 3310 1778 Θεὸς
3337 1714 3396 1766 δὲ
3438 1714 3467 1766 6
3500 1712 3569 1765 τὰ

306 1806 463 1862 Deus
510 1817 649 1873 erat,
684 1808 779 1878 qui
828 1809 962 1863 alias
1005 1808 1247 1864 hominis
1286 1809 1568 1880 passiones
1611 1809 1891 1865 sustinuit.

2004 1815 2133 1869 ἄλλα
2174 1814 2241 1868 τά
2285 1812 2606 1886 ἀνθρώπινα
2637 1809 2942 1881 ὑπομείνας
2991 1806 3312 1879 παθήματα.
3353 1805 3415 1858 Εἰ
3437 1804 3572 1867 Θεὸς

307 1897 466 1965 Quod
487 1899 535 1955 si
575 1908 758 1954 autem
798 1899 910 1962 ille,
937 1904 1031 1969 qui
1067 1900 1306 1956 luctatus
1334 1909 1421 1956 est
1445 1900 1710 1971 vicitque,
1737 1901 1888 1956 Deus

307 1997 448 2053 erat,
497 1989 566 2044 ad
600 2004 686 2044 me
739 1997 889 2044 certe
940 1989 1169 2045 victoria
1212 2007 1325 2046 non
1379 1992 1641 2062 pertinet,
1672 1990 1770 2046 sed
1823 1991 1891 2046 ad

307 2078 503 2145 Deum,
525 2080 620 2150 qui
641 2080 913 2150 justitiam
939 2095 1159 2137 omnem
1185 2084 1416 2153 peregit.
1450 2083 1556 2139 Sed
1588 2085 1780 2154 procul
1818 2083 1896 2138 fa-

308 2179 490 2227 cessat
518 2172 843 2242 Apollinarii
874 2174 1198 2244 nugacitas:
1222 2190 1324 2229 nos
1355 2183 1560 2241 autem,
1585 2190 1747 2245 quam
1780 2174 1911 2230 εει-ί

306 2270 466 2317 vator
519 2264 731 2334 peregit
781 2263 1271 2333 dispensationem,
1311 2265 1479 2322 fuisse
1531 2264 1895 2321 necessariam

308 2354 776 2411 demonstremus.

377 2446 650 2516 Quoniam
688 2456 836 2504 totus
853 2449 1019 2504 homo
1047 2447 1314 2519 deceptus
1340 2458 1445 2515 est,
1471 2458 1729 2520 totusque
1764 2464 1896 2519 pee-

309 2546 434 2593 cato
466 2539 781 2604 succubuit,
804 2552 1041 2609 cumque
1066 2554 1223 2594 mens
1246 2546 1371 2594 ante
1390 2555 1592 2609 corpus
1623 2539 1899 2609 deceptio-

308 2644 437 2685 nem
467 2630 749 2686 admiserit
776 2630 954 2701 (prius
980 2631 1129 2687 enim
1166 2631 1368 2686 mentis
1384 2645 1686 2687 consensus
1704 2645 1898 2700 pecca-

310 2727 429 2774 tum
462 2720 615 2775 velut
636 2720 950 2786 adumbrat,
977 2735 1181 2790 corpus
1210 2720 1409 2776 deinde
1426 2720 1742 2790 operatione
1763 2720 1897 2775 illud

308 2811 529 2883 format)
562 2813 725 2869 :ideo
746 2812 1005 2869 Christus
1035 2813 1322 2878 Dominus,
1363 2820 1780 2871 cumnaturam
1814 2810 1897 2866 la-

308 2918 469 2974 psam
494 2904 707 2974 erigere
728 2903 913 2968 vellet,
947 2902 1047 2957 toti
1072 2919 1295 2958 manum
1320 2902 1571 2973 porrigit,
1594 2911 1895 2972 totamque,

310 3008 532 3049 carnem
566 2994 690 3049 dico
720 3003 776 3049 et
808 3002 1071 3057 mentem,
1108 3008 1228 3063 quae
1260 2994 1326 3048 ad
1361 2991 1652 3063 imaginem
1675 2991 1899 3048 Creato-

310 3081 390 3136 ris
416 3080 557 3137 facta
589 3083 988 3154 est,jacentem
1014 3081 1234 3135 attollit.
1268 3081 1390 3136 Non
1425 3080 1611 3151 itaque
1646 3080 1896 3151 despexit

2004 3108 2108 3163 ρει·
2144 3091 2243 3162 τὴν
2277 3090 2458 3163 σάρκα
2500 3090 2643 3160 φημὶ
2692 3090 2788 3143 καὶ
2819 3088 2910 3142 τὸν
2958 3087 3102 3150 νοῦν,
3133 3086 3207 3151 ὡς
3242 3085 3361 3138 κατ’
3392 3083 3578 3137 εἰκόνα

312 3181 553 3229 mentem
573 3184 725 3230 tanto
746 3176 957 3230 honore
986 3174 1259 3239 all'ectam,
1286 3183 1507 3244 tamque
1542 3172 1777 3245 indigam
1806 3190 1898 3228 cu-

313 3266 545 3321 rationis
579 3283 592 3319 :
623 3282 803 3337 neque
846 3282 971 3320 eum
1001 3273 1309 3320 assumeret
1349 3265 1404 3320 id
1444 3266 1715 3331 hominis,
1751 3264 1899 3336 quod

314 3357 508 3412 morbo
533 3364 589 3411 et
635 3364 921 3411 senectute
972 3356 1383 3426 corrumpitur,
1440 3357 1699 3426 quodque
1736 3357 1899 3412 morti

313 3446 611 3502 obnoxium
647 3454 751 3511 est,
785 3447 994 3517 sprevit
1020 3446 1155 3501 illud
1182 3445 1328 3516 quod
1362 3446 1689 3510 immortale,
1722 3446 1901 3516 quod-

315 3552 423 3608 que
453 3536 718 3591 orationis
732 3535 1030 3606 particeps,
1061 3543 1119 3589 et
1139 3533 1206 3589 ad
1240 3534 1535 3605 imaginem
1565 3532 1707 3605 (Dei)
1743 3534 1903 3603 129

316 3628 542 3690 factum,
582 3635 746 3695 atque
775 3625 1021 3694 insuper,
1057 3630 1119 3678 ut
1146 3623 1605 3694 ipsimetdicunt,
1655 3624 1799 3677 male
1825 3623 1904 3678 af-

315 3718 554 3786 fectum;
587 3717 683 3773 sed
723 3717 1089 3772 inveteratam
1118 3725 1374 3771 naturam
1407 3714 1900 3785 renovat-ittotam,

317 3828 421 3868 nec
447 3812 619 3883 ipsius
639 3820 850 3883 partem
872 3824 1036 3871 unam
1069 3824 1268 3864 novam
1296 3807 1510 3871 refecit,
1551 3808 1778 3862 alteram
1803 3823 1903 3861 an-

324 3905 591 3974 tiquatam
618 3904 749 3958 licet
773 3912 939 3973 atque
966 3908 1305 3971 corruptam,
1326 3899 1630 3953 insanatam
1658 3896 1901 3968 reliquit,

321 3995 625 4065 praesertim
653 4010 778 4049 cum
811 3995 882 4049 sit
905 3993 1251 4065 prmstantior
1277 3990 1569 4063 potiorque
1599 3990 1905 4064 intelligen-

324 4086 462 4141 tium
485 4096 833 4142 naturarum.

391 4177 711 4233 Absurdum
750 4192 1023 4247 namque,
1085 4190 1287 4246 corpus
1313 4173 1535 4245 quidein
1576 4174 1785 4228 luteum
1841 4188 1904 4229 ac

321 4278 623 4333 terrenum,
670 4268 1131 4340 passionibusque
1174 4265 1499 4336 implicitum
1542 4266 1766 4331 assumi,
1814 4279 1904 4319 as-

321 4369 713 4430 sumptumque
729 4359 793 4413 ad
813 4359 1092 4415 dexteram
1117 4357 1416 4428 majestatis
1432 4356 1686 4411 collocari
1706 4374 1720 4421 ;
1751 4372 1904 4410 men-

1990 1907 2047 1961 δὲ
2070 1908 2098 1962 ὁ
2130 1906 2401 1970 παλαίσας
2427 1906 2521 1959 καὶ
2551 1906 2802 1975 νικήσας.
2846 1898 3001 1970 κάγὼ
3037 1901 3136 1971 τῆς
3159 1900 3317 1968 νίκης
3346 1899 3572 1967 ὲστὲρη-

1996 2014 2117 2069 μαι.
2144 1996 2276 2060 Θεὸς
2302 1996 2361 2050 δὲ
2394 1998 2422 2050 ὁ
2469 1994 2567 2065 τήν
2626 1992 2974 2062 δικαιοσύνην
3022 1990 3242 2045 ἅπασαν
3292 1984 3572 2058 ητορθώ·

1992 2107 2113 2152 σας.
2156 2089 2294 2143 Ἀλλ’
2337 2087 2560 2142 ἀπέστω
2606 2088 2653 2119 ’⁷
2688 2089 2721 2157 ή
2778 2085 2874 2140 τοῦ
2944 2079 3331 2154 Ἀπολιναρίου
3381 2078 3571 2133 ἀδολε-

1995 2185 2140 2254 oxias
2171 2185 2331 2253 ἡμεῖς
2358 2182 2416 2235 δὲ
2440 2180 2703 2251 δείξωμεν
2732 2180 2832 2249 τὴν
2860 2176 2953 2232 τοῦ
2980 2177 3233 2248 Σωτῆρος
3258 2171 3573 2245 οἰκονομίαν

1992 2275 2307 2345 ἀναγκαίως
2334 2273 2728 2344 γεγενημένην.

2058 2449 2299 2520 [Επειδὴ
2325 2448 2434 2520 γάρ
2462 2448 2608 2511 ἅπας
2633 2449 2661 2500 6
2683 2445 2966 2517 ἄνθρωπος
2993 2441 3273 2514 ἠπατήθη,
3305 2439 3401 2494 καὶ
3426 2437 3573 2500 ἅπας

1996 2540 2100 2595 ὑπὸ
2124 2540 2222 2611 τὴν
2257 2539 2537 2611 ἁμαρτίαν
2583 2538 2819 2606 ἐγένετο,
2851 2536 2945 2590 καὶ
2978 2534 3084 2606 πρὸ
3120 2534 3214 2588 τοῦ
3247 2530 3496 2602 σώματος
3546 2530 3574 2582 6

1997 2631 2121 2695 νοῦς
2147 2631 2248 2703 τὴν
2277 2631 2497 2701 ἀπάτην
2522 2630 2842 2696 ὑπεδέξατοο
2871 2629 3135 2699 πρότερον
3164 2625 3272 2697 γάρ
3307 2622 3454 2695 ήτοῦ
3481 2620 3574 2675 νοῦ

2000 2720 2397 2792 συγκατάθεσις
2453 2723 2787 2793 σκιαγραφεῐ
2827 2721 2927 2790 τὴν
2960 2717 3260 2790 ἁμαρτίαν,
3293 2711 3392 2769 εἷθ’
3427 2712 3574 2767 οὕτω

1999 2814 2089 2869 διὰ
2124 2816 2225 2885 τῆς
2258 2812 2542 2886 ἐνεργείας
2573 2813 2634 2866 τὸ
2674 2812 2833 2884 σῶμα
2858 2810 3064 2881 ταύτην
3102 2810 3317 2881 μορφοῖο
3350 2807 3575 2869 εἰκότως

1999 2910 2027 2962 6
2067 2906 2344 2976 Δεσπότης
2391 2905 2627 2977 Χριστὸς
2678 2907 3037 2958 πεπτωκυῖαν
3076 2902 3237 2973 φύσιν
3274 2900 3575 2970 ἀναστῆσαι

2003 2998 2345 3070 βουλόμενος,
2392 2997 2541 3067 πάσῃ
2576 3000 2735 3069 χεῖρα
2765 2995 2973 3067 ὀρέγει,
3016 2995 3109 3048 καὶ
3143 2993 3403 3064 κειμένην
3436 2990 3577 3059 ἐγεί-

2002 3184 2244 3252 ὲγεγόνει
2276 3182 2374 3237 τοῦ
2429 3184 2733 3246 κτίσαντος.
2773 3182 2886 3234 Οὑκ
2920 3175 3011 3234 οῦν
3045 3179 3278 3248 ἠτίμασε
3310 3177 3400 3231 τὸν
3437 3176 3579 3229 οῦτω

2000 3277 2178 3347 τίμιον
2198 3274 2491 3345 θεραπείας
2524 3275 2795 3344 δεόμενον’
2824 3273 2943 3326 οὑδὲ
2969 3272 3029 3325 τὸ
3056 3272 3151 3343 μὲν
3187 3268 3565 3340 φθειρόμενον,

2002 3365 2096 3419 καὶ
2136 3365 2276 3435 νόσῳ
2300 3366 2394 3418 καὶ
2425 3364 2573 3435 γήρᾳ
2622 3363 2716 3416 καὶ
2754 3361 2968 3433 θανάτῳ
3011 3359 3290 3424 δουλεῦον,
3321 3355 3578 3411 ἀνέλαϐε·

2001 3456 2062 3509 τὸ
2096 3455 2153 3509 δὲ
2185 3456 2451 3510 ἀθάνατον
2481 3453 2575 3508 καὶ
2603 3453 2822 3522 λογικὸν
2842 3454 2937 3507 καὶ
2976 3454 3095 3507 κατ’
3126 3451 3309 3506 εἰκόνα
3349 3464 3579 3518 γεγενη-

2006 3548 2164 3618 μένον
2201 3548 2442 3618 παρεῖδε,
2485 3547 2580 3601 καὶ
2621 3545 2794 3599 ταῦτα
2838 3544 3042 3610 κακῶς,
3076 3544 3153 3609 ὣς
3189 3560 3343 3614 φασι,
3372 3537 3571 3594 διακεί-

2010 3654 2190 3707 μενον,
2235 3637 2372 3691 ἀλλὰ
2402 3639 2582 3691 πᾶσαν
2629 3636 3035 3691 παλαιωθεῖσαν
3083 3637 3180 3706 τὴν
3228 3633 3388 3703 φύσιν
3429 3633 3579 3684 ὲνεοο

2006 3727 2222 3797 ποίησε,
2259 3729 2352 3781 καὶ
2385 3729 2446 3781 οὑ
2482 3729 2540 3782 τὸ
2576 3730 2673 3798 μὲν
2716 3728 2887 3797 αὐτῆς
2930 3727 3113 3781 καινὸν
3164 3725 3577 3798 ἀπειργάσατο,

2004 3816 2067 3871 τὸ
2128 3817 2185 3871 δὲ
2241 3818 2694 3891 πεπαλαιωμένον
2752 3819 2848 3873 καὶ
2894 3818 3285 3890 διεφθαρμένον
3360 3816 3581 3870 ἀνίατον

2006 3909 2175 3973 εἴασε,
2210 3909 2509 3964 καὶταῦτα
2552 3909 2880 3981 τιμιώτατον
2916 3910 3183 3981 ὑπάρχον,
3217 3906 3311 3962 καὶ
3344 3908 3440 3979 τῆς
3470 3906 3581 3960 τῶν

2005 4001 2212 4071 νοητῶν
2246 4001 2462 4073 μοίρας.

2083 4176 2318 4228 ’Λτοπον
2351 4174 2480 4246 γὰρ,
2500 4175 2561 4228 τὸ
2588 4178 2687 4247 μὲν
2716 4177 2874 4246 σῶμα
2909 4177 2968 4229 τὸ
3000 4176 3222 4247 πήλινον
3259 4174 3351 4228 καὶ
3377 4174 3581 4245 χοῖκὸν,

2007 4267 2103 4320 καὶ
2140 4266 2338 4320 πάθεσι
2390 4266 2838 4337 συνεζευγμένον,
2887 4267 2980 4320 καὶ
3018 4266 3459 4339 προσληφοῆναι,
3490 4268 3584 4321 καὶ

2007 4358 2413 4429 ἀναληφθῆναι,
2464 4359 2559 4412 καὶ
2592 4360 2654 4411 ὲκ
2689 4358 2880 4424 δεξιῶν
2910 4359 3009 4428 τῆς
3046 4358 3421 4429 μεγαλοσὺνης
3447 4360 3581 4412 καθο

324 4459 434 4506 tem
455 4467 588 4506 vero
610 4450 961 4515 invisibilem,
998 4450 1385 4515 immortalem,
1406 4448 1658 4505 animalis
1683 4449 1896 4515 ducem,

2011 4450 2342 4519 ιδρυνθῆναι’
2376 4450 2467 4503 τὸν
2505 4448 2561 4503 δὲ
2594 4451 2718 4505 νοῦν
2751 4451 2842 4504 τὸν
2879 4451 3131 4523 ἀόρατον,
3171 4451 3263 4503 τὸν
3292 4450 3581 4513 ἀθάνατον,

324 4545 393 4600 ad
420 4546 710 4616 imaginem
737 4547 836 4601 Dei
873 4546 1095 4609 factam,
1122 4547 1371 4616 corporis
1397 4548 1547 4602 velut
1574 4549 1816 4619 aurigam
1841 4564 1906 4604 ac

326 4637 791 4708 gubernatricem,
815 4648 873 4695 et
910 4638 1212 4694 harmoniae
1235 4638 1490 4709 petitam,
1524 4642 1681 4712 cujus
1700 4642 1907 4696 beneﬂ-

327 4728 415 4783 cio
443 4727 533 4793 ﬁt,
560 4739 622 4783 ut
644 4730 810 4785 homo
842 4747 953 4786 non
977 4731 1048 4786 sit
1072 4746 1269 4800 expers
1295 4729 1543 4796 rationis,
1575 4731 1670 4786 sed
1692 4732 1909 4801 sapien-

330 4820 441 4885 tiae,
485 4822 618 4876 artis
645 4832 702 4877 et
736 4823 979 4879 scientia:
1020 4822 1239 4879 abunde
1289 4823 1587 4893 particeps,
1640 4824 1907 4893 abjectam

329 4912 485 4969 humi
516 4912 709 4979 fuisse,
733 4929 834 4969 nec
862 4930 1205 4970 communem
1226 4930 1350 4970 eum
1382 4929 1611 4985 corpore
1638 4914 1904 4969 honorem

331 5002 639 5073 accepisse:
667 5013 927 5069 mentem,
953 5004 1196 5074 inquam,
1219 5008 1237 5028 ⁶
1265 5006 1423 5076 cujus
1445 5021 1603 5061 causa
1630 5012 1686 5060 et
1706 5021 1907 5076 corpus

333 5095 666 5151 conditionis
692 5104 777 5152 est
799 5096 1078 5151 rationalis
1097 5105 1153 5150 et
1180 5096 1328 5166 leges
1346 5097 1469 5152 latae
1493 5106 1641 5161 sunt,
1670 5104 1727 5151 et
1752 5095 1905 5151 facta!

332 5186 638 5256 prophetiae
665 5203 683 5244 ι
714 5195 938 5258 propter
971 5200 1135 5257 quam
1175 5186 1499 5259 certamina,
1528 5185 1708 5252 luctae,
1737 5184 1907 5240 victo-

2002 4543 2093 4596 τὸν
2124 4543 2364 4614 ἡγεμόνα
2395 4541 2487 4597 τοῦ
2543 4542 2702 4609 ζὼου,
2740 4544 2831 4597 τὸν
2861 4546 2977 4598 κατ’
3006 4544 3188 4597 εἰκόνα
3233 4545 3383 4597 θείαν
3418 4560 3584 4612 γεγε-

2003 4634 2255 4706 νημένον,
2283 4636 2370 4687 τὸν
2418 4633 2511 4689 τοῦ
2546 4634 2797 4706 σώματος
2846 4636 3058 4706 ἡνίοχον
3094 4637 3188 4688 καὶ
3214 4636 3579 4706 κυϐερνήτην,

2006 4728 2098 4781 καὶ
2134 4726 2411 4796 μουσικὸν,
2441 4726 2507 4779 δι’
2535 4725 2595 4779 ὃν
2631 4726 2729 4780 οῦκ
2762 4727 2952 4794 ἄλογος
2987 4729 3019 4798 ἡ
3054 4726 3368 4797 ἀνθρωπεία
3398 4726 3579 4795 φύσις,

2005 4820 2140 4873 ἀλλὰ
2184 4820 2375 4887 σοφίας
2420 4819 2513 4872 καὶ
2564 4821 2758 4891 τέχνης
2783 4821 2879 4875 καὶ
2919 4822 3229 4891 ἐπιστήμης
3270 4821 3580 4886 ἀνάπλεως,

2008 4912 2196 4966 τοῦτον
2229 4910 2565 4983 ἀπερρίφθαι
2610 4913 2780 4976 κάτω,
2831 4912 2924 4966 καὶ
2955 4915 3054 4982 τῆς
3085 4911 3179 4965 τοῦ
3224 4911 3474 4982 σώματος
3507 4912 3581 4983 μὴ

2014 5005 2440 5077 μεταλαγχάνειν
2482 5003 2667 5075 τιμῆς,
2705 5003 2772 5057 δι’
2804 5003 2865 5055 ὃν
2912 5003 2972 5056 τὸ
3026 5003 3184 5073 σῶμα
3229 5003 3329 5071 τῆς
3356 5003 3581 5071 λογικῆς

2010 5097 2226 5167 ἐγένετο
2271 5097 2520 5160 κτίσεως,
2552 5096 2620 5149 δι’
2652 5094 2711 5149 ὃν
2751 5094 3061 5166 νομοθεσίαι
3098 5098 3191 5149 καὶ
3222 5098 3576 5166 προφητεῖαι,

2011 5186 2077 5240 δι’
2112 5187 2172 5242 ὃν
2217 5186 2429 5256 ἀγῶνες
2465 5186 2558 5239 καὶ
2592 5185 2757 5241 πάλαι
2798 5186 2889 5239 καί
2916 5185 3063 5239 νίκαι
3088 5185 3184 5240 καὶ
3223 5188 3580 5258 ἀναρρήσεις,

1640 5344 1876 5400 VARIAE
1914 5343 2318 5401 LECTIUNES.

409 5477 456 5511 "
479 5476 599 5543 Ipse
621 5503 678 5548 5—
706 5476 951 5548 {imitata
986 5476 1310 5530 certaminis.
1351 5476 1430 5548 Et;
1459 5475 1647 5533 Graeco
1678 5476 1753 5531 ita
1783 5478 2156 5533 restituendus
2179 5485 2263 5533 est
2301 5487 2481 5533 textus
2502 5477 2657 5532 Marii
2681 5476 2997 5533 Mercatoris
3024 5496 3037 5532 :
3066 5479 3184 5548 Ipse
3218 5487 3578 5548 spectatomn

339 5557 396 5603 et
420 5547 735 5620 certaminis
759 5545 1157 5620 moderatorem
1186 5561 1332 5615 agas.
1373 5546 1827 5620 Siquevolueris
1874 5549 2007 5603 artis
2031 5548 2401 5620 gymnasticae
2422 5556 2809 5620 pmceptorem
2844 5563 3021 5617 agere,
3046 5545 3421 5620 doceas'illum
3443 5566 3578 5620 quo-

341 5617 632 5688 modosit
678 5615 1021 5688 certandum,
1068 5615 1469 5688 commonstres
1504 5617 1580 5672 illi
1624 5633 1732 5687 qua
1778 5620 1988 5673 ratione
2019 5615 2334 5674 obtineatur
2354 5615 2615 5672 victoria.‘
2677 5617 2723 5648 "
2750 5615 3074 5688 Dec_ertarct.
3115 5615 3580 5688 Reliquardes'unt

344 5687 485 5757 apud
526 5687 753 5742 Marium
794 5685 1183 5757 Mercator-em.
1245 5687 1291 5718 ³⁷
1315 5687 1426 5740 ἀλλ’
1454 5685 1691 5746 ἀπέστω.
1725 5704 1777 5741 κ.
1810 5706 1858 5742 τ.
1888 5689 1938 5742 λ.
1971 5689 2254 5743 Notandus
2303 5688 2406 5742 iste
2434 5687 2589 5741 locus
2618 5693 2806 5757 contra
2830 5686 3175 5757 Garnerium.
3209 5685 3302 5757 qui
3330 5687 3585 5743 Theodo-

348 5755 521 5811 retum
554 5758 608 5810 in
643 5755 991 5811 recensendis
1016 5755 1331 5825 Apollinarii
1359 5759 1639 5812 erroribus
1661 5760 1807 5829 justo
1838 5758 2143 5813 breviorem
2175 5757 2342 5813 fuisse
2379 5757 2628 5826 perhi'tet
2664 5758 2720 5813 in
2752 5756 2882 5811 diss.
2914 5756 2967 5820 2,
2995 5772 3112 5826 cap.
3142 5760 3190 5812 4.
