3950 6226
385 350 453 415 37
739 332 779 398 δ

1503 347 1879 409 GARNERII
1914 343 2416 406 DISSERTATIO
2454 344 2499 404 I.
3578 340 3659 404 88

383 468 795 520 destructurum
822 502 837 529 ,
874 461 1163 518 hominum
1191 477 1338 519 vero-
1365 468 1577 517 natura:
1609 474 1851 532 praesens
1878 474 1950 514 re-

2071 459 2243 532 αὐτὴν
2281 458 2738 530 διαφθείρουσαν;
2789 461 2852 530 τῇ
2897 458 2954 514 δὲ
2999 459 3160 531 φύσει
3198 457 3309 512 τῶν
3345 455 3664 528 ἀνθρώπων-

383 554 628 611 medium
680 553 747 608 ad
806 554 1238 625 recuperandam
1289 553 1578 624 pristinam
1631 550 1862 622 gratiam
1908 558 1964 605 et

382 646 852 702 immortalitatem
889 646 1172 702 amissam.

452 736 522 792 Ut
544 735 692 790 enim
728 735 866 806 ipse,
894 751 1020 790 cum
1072 751 1232 790 suum
1282 733 1654 805 improbitatis
1685 747 1962 788 venenum

379 829 530 900 ligno
593 827 840 884 scientiae
893 827 1216 894 infudisset,
1270 837 1525 882 naturam
1577 827 1969 898 degustantem'

383 921 631 990 corrupit
655 937 669 988 ;
705 921 787 976 ita
809 935 944 976 cum
959 920 1226 975 voluisset
1247 934 1470 975 carnem
1488 919 1829 974 Dominicam
1861 916 1962 972 de-

379 1014 604 1081 glutire,
639 1019 936 1084 corruptus
968 1021 1054 1068 est
1083 1011 1140 1067 vi
1175 1011 1477 1068 divinitatis
1515 1011 1573 1067 in
1610 1025 1777 1066 carne
1809 1010 1959 1066 exsi-

378 1105 596 1159 stentis.
1121 1095 1124 1100 ’

445 1194 622 1262 Quare
657 1210 915 1266 magnum
951 1193 1153 1250 divinae
1185 1193 1590 1250 incarnationis
1633 1195 1957 1268 mysterium

378 1301 510 1340 vere
545 1301 764 1356 semper
792 1287 1116 1358 mysterium
1139 1296 1244 1342 est.
1281 1287 1431 1342 Deus
1461 1287 1608 1342 enim
1637 1303 1804 1358 super
1836 1301 1958 1342 om-

374 1393 502 1432 nem
565 1378 932 1433 substantiam
997 1379 1290 1445 exsistens,
1347 1378 1458 1434 imo
1521 1378 1736 1434 inﬁnite
1792 1393 1962 1447 super

372 1481 593 1521 omnem
628 1467 1317 1538 supersubstantialitatem
1371 1468 1625 1538 positus,
1677 1481 1805 1523 cum
1859 1483 1957 1522 vo-

372 1558 569 1613 luisset
601 1558 670 1614 ad
703 1559 1070 1614 substantiam
1100 1559 1314 1626 venire,
1350 1557 1958 1630 supersubstantialiter

372 1651 880 1707 substantialisatus
931 1659 1036 1707 est.
1073 1650 1253 1719 Quare
1306 1660 1534 1723 propter
1570 1652 1844 1717 homines,
1893 1660 1956 1706 ut

2067 551 2406 623 ἀλεξιτήριον
2435 549 2573 622 πρὸς
2593 549 2691 623 τὴν
2720 548 2781 616 ἐξ
2820 551 2992 622 ἀρχῆς
3028 550 3190 622 χάριν
3231 549 3322 604 καὶ
3347 547 3650 603 ἀθανασίαν

2065 643 2262 697 ἅναλου
2272 643 2467 715 μένην.

2149 736 2238 800 Ὧς
2284 735 2390 805 γὰρ
2445 733 2610 798 αὐτὸς
2649 733 2739 788 τὸν
2786 733 2862 789 ἱὸν
2917 732 3115 789 ἑαυτοῦ
3173 732 3276 804 τῆς
3327 732 3528 795 κακίας
3569 731 3650 802 τῷ

2065 823 2206 897 ξύλῳ
2231 825 2331 896 τῆς
2347 824 2604 897 γνώσεως
2635 825 2854 896 ἐγχέας,
2881 824 2980 895 τὴν
3007 822 3352 894 γευσαμένην
3372 821 3658 892 διέφθειρε

2062 917 2244 987 φύσιν
2276 917 2421 972 οὕτω
2454 918 2550 972 καὶ
2585 917 2752 980 αὐτὸς
2779 918 3047 988 ἐμφαγεῖν
3070 916 3170 986 τῆς
3203 915 3406 986 σαρκὸς
3445 914 3647 984 βουλη-

2061 1010 2173 1074 θεὶς
2201 1009 2296 1064 τοῦ
2321 1008 2616 1072 Δεσπότου,
2639 1011 2706 1082 τῇ
2727 1009 2955 1081 δυνάμει
2980 1007 3077 1079 τῆς
3113 1007 3172 1060 ὲν
3200 1008 3337 1078 αὐτῇ
3373 1004 3644 1076 διεφθάρη

2061 1102 2332 1173 θεότητος.

2134 1193 2296 1249 Ὅθεν
2329 1193 2511 1250 καὶτὸ
2551 1193 2695 1265 μέγα
2726 1192 2828 1263 τῆς
2859 1191 3011 1257 θείας
3047 1189 3518 1260 ὲνανθρωπήσεως
3547 1204 3648 1257 μυ-

2061 1287 2283 1358 στήριον
2334 1286 2421 1340 ἀεὶ
2475 1284 2644 1348 ὅντως
2679 1284 2980 1356 μυστήριόν
3027 1284 3196 1338 ἐστιν.
3248 1281 3307 1334 Ὅ
3355 1279 3465 1350 γὰρ
3510 1277 3646 1340 Θεὸς

2059 1377 2390 1448 ὑπερούσιος
2410 1376 2508 1443 ὢν,
2549 1377 2645 1430 καὶ
2675 1375 2764 1429 ἔτι·
2785 1375 3241 1448 ὑπερουσιότητος
3275 1371 3461 1441 πάσης
3485 1369 3652 1424 ἀπείὲ-

2068 1487 2180 1542 ρως
2212 1468 2696 1540 ὑπερανεστηκὼς,
2742 1469 2824 1534 είς
2877 1468 3068 1522 οὐσίαν
3111 1466 3288 1520 ἐλθεῖν
3320 1462 3642 1536 βουληθεὶς,

2056 1561 2396 1632 ὑπερουσίως
2415 1560 2670 1633 οὐσιὼθη.
2688 1559 2779 1614 Διὸ
2797 1561 2901 1617 καὶ·
2934 1558 3078 1632 ὑπὲρ
3099 1556 3400 1629 ἀνθρώπων
3416 1555 3492 1618 ὼς
3517 1553 3645 1622 φιλ-

2055 1652 2338 1726 ἅνθρωπος
2383 1653 2447 1706 ὲκ
2521 1652 2620 1722 τῆς
2683 1651 2792 1706 τῶν
2831 1649 3135 1723 ἀνθρώπων
3183 1648 3373 1712 οὐσίας
3422 1645 3643 1717 ἀληθῶς

371 1751 492 1797 erat
515 1742 802 1798 hominum
827 1742 1261 1808 amantissimus,
1296 1751 1512 1812 sumpta
1534 1757 1602 1797 ex
1639 1741 1950 1797 hominibus

2062 1744 2341 1816 ἅνθρωπος
2377 1742 2638 1813 γεγονὼς,
2682 1742 2774 1797 τδν
2812 1742 2907 1798 τοῦ
2951 1743 3068 1806 πῶς
3115 1741 3406 1815 ἄνθρωπος
3443 1739 3639 1807 γέγονε

372 1835 682 1891 substantia
723 1851 854 1891 vere
901 1835 1067 1890 homo
1124 1835 1323 1901 lactus,
1363 1835 1587 1890 modum
1623 1849 1734 1904 quo
1779 1834 1950 1890 factus

2062 1836 2256 1907 τρόπον
2295 1835 2447 1908 μένει
2478 1835 2771 1898 διαπαντὸς
2805 1834 2945 1905 ἔχων
2979 1834 3338 1905 ἀνέκφαντονο
3373 1831 3515 1902 ὑπὲρ
3549 1830 3642 1882 ἀν.

372 1925 540 1981 homo
555 1933 662 1992 est,
697 1926 922 1982 omnino
956 1925 1291 1982 ineﬂ‘abilem
1322 1941 1540 1996 semper
1580 1924 1746 1980 habet
1777 1942 1790 1978 :
1827 1937 1954 1995 pro-

376 2026 500 2087 pter
531 2018 785 2076 homines
807 2018 956 2074 enim
982 2019 1150 2074 homo
1177 2018 1358 2074 factus
1387 2024 1495 2074 est.

438 2106 624 2175 Quare
651 2107 872 2165 divinus
895 2109 1011 2181 ipse
1046 2108 1340 2179 Apostolus
1368 2107 1517 2164 clare
1551 2107 1955 2178 contemplatus

369 2199 615 2271 mysterii
647 2199 930 2266 virtutem,
961 2200 1038 2256 ait
1070 2217 1084 2254 :
1111 2199 1262 2255 Iesus
1286 2199 1524 2256 Christus
1550 2201 1663 2254 heri
1693 2207 1744 2253 et
1774 2199 1949 2266 hodie,

367 2289 506 2343 idem
527 2299 576 2344 et
594 2291 707 2362 ipse
725 2292 782 2346 in
804 2291 1001 2346 uacula
1019 2293 1076 2360 l5A;
1101 2291 1400 2347 ostendens
1415 2289 1694 2362 quomodo
1719 2305 1942 2362 semper

367 2397 575 2437 novum
610 2381 683 2438 sit
729 2383 1074 2456 mysterium,
1107 2392 1165 2440 et
1198 2384 1516 2441 nullatenus
1567 2383 1770 2441 mentis
1798 2399 1957 2440 com-

367 2474 736 2545 prehensione
761 2482 1091 2532 veterascat.

828 2725 985 2798 I32
1032 2740 1182 2782 nou:
1217 2740 1484 2782 GABNERII.

434 2835 497 2890 In
526 2853 784 2892 sermone.
807 2838 1196 2896 Framentum
1232 2841 1341 2896 hoc
1370 2839 1622 2896 exhibuit
1650 2838 1948 2896 Vaticanus

362 2907 687 2982 codegfltiil2
725 2923 845 2979 pag.
882 2907 984 2982 85.!
1002 2911 1180 2966 Locus
1211 2926 1345 2966 vero
1370 2910 1619 2981 Gregorii
1653 2910 1944 2982 Theologi,

362 2993 479 3050 quo
498 2977 884 3050 Theodoretus
910 2980 1105 3050 utitur,
1140 2984 1468 3050 desumptus
1484 2977 1582 3036 'est
1605 2996 1672 3034 ex
1693 2977 1947 3037 sermone

360 3048 721 3121 apologetico,
763 3065 874 3120 quo
910 3049 1211 3121 Gregorius
1237 3048 1509 3106 rationem
1536 3050 1779 3106 reddidit
1804 3049 1945 3121 fugae

361 3133 476 3173 sua:
515 3118 569 3173 in
595 3118 852 3185 Pontum,
889 3118 1055 3190 quem
1090 3121 1148 3176 in
1182 3121 1364 3176 locum
1400 3123 1540 3176 clam
1567 3135 1626 3176 se
1659 3118 1942 3177 subduxe-

360 3197 468 3312 Fat,
495 3204 620 3312 etiam
648 3191 938 3312 p‘resbyter
968 3191 1147 3246 factus
1170 3201 1338 3257 esset,
1363 3201 1422 3248 ct
1444 3192 1824 3263 episcopatum
1850 3207 1940 3246 re-

383 3272 524 3312 ormi
567 3275 662 3312 are
693 3300 723 3312 ..

383 3269 723 3314 ormidaret-

430 3328 515 3382 Ea:
544 3331 697 3403 tertio
728 3331 770 3403 ξι
809 3330 960 3403 libro.
995 3330 1150 3403 Quin
1184 3330 1319 3386 illud
1361 3332 1746 3403 fragmentum:
1763 3333 1938 3402 perti-

357 3407 487 3472 neat
521 3399 598 3472 ad
625 3400 849 3472 tertium
886 3401 1088 3454 librum
1126 3399 1471 3472 Pentalogii,‘
1497 3403 1682 3472 nullus
1719 3399 1931 3457 dubito.

359 3467 476 3524 lloc
498 3470 643 3525 enim
688 3471 745 3525 in
776 3472 917 3527 libro
949 3478 1266 3525 sanctorum
1317 3467 1544 3525 Patrum
1576 3471 1644 3526 de
1677 3472 1931 3527 incarna-

360 3541 509 3595 tione
531 3540 841 3595 doctrinam
876 3539 1260 3596 Theodoretus
1286 3541 1455 3595 refert
1479 3541 1544 3594 ³⁸.

426 3611 622 3680 Nullus
647 3611 854 3680 pariter
887 3610 1082 3680 dubito
1113 3611 1250 3680 quin
1274 3612 1440 3666 etiam
1489 3618 1666 3664 totum
1693 3611 1746 3666 id
1780 3619 1933 3666 attu-

2052 1925 2289 1997 θρώπων
2326 1926 2436 1999 γὰρ
2465 1926 2688 1997 γέγονεν
2715 1926 3026 1999 ἄνθρωπος.

2129 2105 2291 2160 Ὅθεν
2347 2103 2444 2160 καὶ
2495 2103 2659 2170 αὐτὸς
2705 2107 2734 2159 ὁ
2765 2105 2908 2170 θεῖος
2948 2106 3271 2172 Ἀπόστολος
3321 2109 3506 2180 σαφῶς
3535 2109 3633 2163 τοῦ

2055 2197 2355 2271 μυστηρίου
2386 2197 2758 2268 διασιωπήσας
2780 2199 2882 2268 τὴν
2909 2198 3161 2272 δύναμιν,
3197 2203 3382 2273 φησιν’
3401 2203 3637 2274 Ἰησοῦς

2049 2290 2308 2361 Χριστὸς
2343 2288 2486 2359 χθὲς
2519 2289 2620 2344 καί
2642 2289 2930 2360 σήμερον,
2959 2295 2993 2346 ό
3027 2293 3211 2364 αὐῖὸς
3243 2294 3343 2348 καὶ
3371 2297 3458 2362 εις
3489 2295 3638 2363 τοὺς

2051 2381 2274 2449 αἰῶνας
2296 2421 2314 2448 ,
2353 2381 2532 2452 δηλῶν
2569 2381 2644 2445 ὡς
2691 2382 2779 2436 ἀεὶ
2834 2383 3020 2438 καινὸν
3060 2385 3122 2439 τὸ
3184 2388 3506 2460 μυστήριον,
3537 2387 3634 2444 καὶ

2051 2473 2312 2530 οὐδέποτε
2336 2471 2631 2545 περιλήψει
2661 2473 2779 2538 νοὸς
2809 2474 3233 2548 παλαιούμενον.

2053 2701 2274 2759 Christo
2319 2699 2550 2756 salutem
2575 2713 2705 2771 esse
2749 2699 3071 2771 impensam,
3097 2701 3223 2771 quia
3273 2706 3419 2771 totus
3465 2698 3634 2755 homo

2053 2780 2372 2841 assumptus
2391 2779 2495 2826 est.
2531 2770 2792 2842 Idemque
2822 2770 2917 2825 aut
2944 2770 3130 2826 simile
3160 2770 3464 2827 secundum
3495 2785 3630 2842 pro:

2053 2840 2367 2923 portionem
2401 2840 2896 2923 prmstituruz‘dum
2927 2842 3074 2897 salus
3121 2849 3444 2923 curaretur,
3482 2840 3631 2923 quod

2055 2911 2110 2967 in
2137 2913 2293 2983 lapsu
2327 2921 2534 2966 natura:
2579 2911 2999 2983 perditioneque
3025 2912 3352 2983 contigerat.
3383 2911 3540 2983 Nam,
3574 2919 3632 2964 ut

2055 2929 2110 2967 ιη
2137 2928 2293 3036 Ἥβη
2327 2928 2534 2966 natura:
2579 2928 2999 2983 perditioneque
3025 2928 3348 2982 contigerat.
3384 2928 3540 2974 nam,
3574 2928 3630 2964 ιιι

2054 2983 2132 3053 ait
2214 2981 2562 3053 azianzenus,
2607 2983 2962 3053 Ἀντεισήχθη
3001 2982 3096 3053 τῷ
3143 2981 3365 3053 παλαιῴ
3392 2981 3458 3053 3t.
3489 2982 3630 3053 νέον,

2052 3052 2200 3106 Elias
2223 3051 2505 3107 Cretensis
2552 3053 2608 3106 in
2641 3050 3077 3108 Commentariis
3092 3051 3159 3106 ad
3199 3050 3348 3106 hunc
3379 3050 3630 3120 Gregorii

2050 3122 2233 3178 locum
2259 3121 2480 3176 videtur
2525 3121 2582 3176 in
2615 3122 3024 3177 Theodoretum
3073 3122 3380 3182 intendisse
3413 3122 3630 3184 oculos,

2050 3192 2184 3247 dum
2252 3191 2436 3262 ipsius
2491 3192 3006 3262 interpretationem
3063 3192 3265 3262 arguit.
3326 3193 3624 3262 Postquam

2052 3263 2201 3334 enim
2224 3261 2446 3334 duobus
2480 3262 2569 3334 his
2596 3261 2905 3334 adjectivis,
2931 3261 3182 3334 παλαιρν.
3210 3263 3357 3334 νέον,
3385 3261 3632 3334 nomini-

2048 3333 2154 3388 bus
2183 3333 2439 3388 substare
2467 3332 2603 3386 dixit
2635 3331 2835 3388 nomen
2859 3333 3004 3402 quod
3039 3333 3391 3387 affectionem
3419 3331 3634 3402 signiti-

2044 3412 2153 3467 cat,
2185 3404 2363 3473 pergit
2395 3420 2407 3454 :
2437 3402 2696 3456 Nonnulli
2725 3420 2817 3473 per
2846 3411 2991 3457 vetus
3024 3411 3073 3457 et
3102 3419 3292 3457 novum
3313 3441 3328 3467 ,
3361 3403 3633 3473 nonaﬁe-

2045 3471 2273 3527 ctionem
2294 3471 2350 3527 in
2377 3489 2493 3537 nos,
2517 3482 2567 3526 et
2595 3471 2864 3544 disparem
2913 3475 3034 3528 vitae
3062 3475 3322 3544 rationem
3352 3471 3634 3526 intellexe-

2041 3551 2166 3596 runt
2198 3581 2214 3606 ,
2247 3544 2337 3597 sed
2367 3545 2462 3597 hoc
2489 3543 2934 3598 virum’sanctum
2976 3543 3107 3598 velle
3150 3551 3465 3598 censuerunt
3493 3557 3510 3595 :
3535 3557 3634 3612 pro

2041 3615 2384 3685 veteriprimi
2431 3615 2667 3684 parentis
2697 3616 2940 3685 passione
2973 3630 3162 3669 novam
3190 3613 3384 3670 Christi
3423 3614 3634 3685 passio-

356 3679 678 3762 lerit_,nquo.d
697 3691 782 3737 est
805 3680 956 3762 apud
971 3679 1652 3762 Nazianzenum,faeitque
1671 3681 1937 3762 adversus
2044 3679 2560 3762 nemuintroduétqm
2585 3679 2714 3762 esse.
2748 3684 2972 3762 Rectene
3013 3693 3216 3754 autem,
3250 3702 3320 3740 an
3348 3679 3516 3748 secus,
3551 3681 3625 3736 le-

355 3749 775 3821 Apollinarium,
824 3749 892 3806 ad
925 3751 1418 3807 demonstrandum
1476 3749 1578 3805 toti
1635 3751 1847 3807 homini
1905 3767 1936 3807 a

429 3911 456 3951 ⁸
495 3909 667 3967 Hebr.
714 3927 830 3976 xm,
865 3910 944 3966 8.-

2045 3753 2274 3808 cl‘oribus
2302 3754 2703 3823 expcndendum
2745 3753 3006 3827 relinquo.

1654 4024 1891 4082 VARUE
1933 4025 2230 4084 LECTION
2237 4027 2338 4084 ES.

429 4137 470 4170 “
493 4136 820 4215 Iertip._Sed
853 4138 928 4215 ad
950 4138 1254 4215 secundum
1294 4140 1498 4196 librum
1526 4141 1634 4215 ista
1671 4143 1951 4215 pertinere
1975 4142 2356 4215 declaraverat
2393 4142 2717 4215 Garnerius.
2794 4144 2838 4176 ³¹
2869 4145 3260 4215 Hace-refert.
3291 4142 3510 4198 Scilicet
3558 4159 3630 4199 ex

353 4207 644 4286 hypothesi
682 4208 962 4286 Garnerii,
991 4210 1085 4282 qui
1111 4211 1312 4267 librum
1337 4211 1640 4267 secundum
1670 4207 1726 4268 et
1757 4214 1982 4268 tertium
2035 4214 2245 4269 codicis
2284 4230 2453 4284 supra
2485 4214 2619 4270 dicti
2647 4229 2748 4286 pro
2778 4231 2919 4280 uno,
2949 4207 3198 4284 adeoque
3235 4223 3492 4286 quartum
3526 4230 3629 4284 pro

358 4278 525 4334 tertio
550 4278 766 4334 habuit.

380 4478 428 4490 ..-
439 4479 456 4488 ς
475 4479 770 4491 -ιι-.-η

1039 4618 1199 4692 133
1266 4637 1966 4734 ADMONITIO
2039 4642 2190 4732 AD
2266 4643 2988 4739 LECTOREM-

417 4941 734 5001 Proximum
760 4946 981 5016 quidem
1006 4946 1188 5002 locum
1227 4962 1282 5018 p.
1317 4945 1574 5001 51-107
1625 4948 1872 5006 Auctarii
1913 4961 2102 5009 tenent
2129 4951 2375 5024 epistolae
2421 4952 2758 5008 Theodoreti
2801 4968 2830 5008 a
2865 4951 3162 5010 Sirmondo
3194 4953 3434 5018 omissaz,
3479 4969 3637 5024 quas.

350 5050 476 5090 eum
506 5033 734 5105 prolixis
755 5034 1246 5090 observationibus
1282 5037 1399 5092 suis
1431 5035 1608 5093 edidit
1639 5037 1960 5098 Garnerius.
1994 5042 2089 5098 Ha:
2121 5052 2305 5098 autem
2343 5043 2612 5114 epistolae,
2644 5061 2750 5099 una
2801 5059 2929 5100 cum
2981 5044 3088 5101 illis
3121 5061 3258 5116 quas
3289 5045 3624 5102 Sirmondus

346 5126 620 5193 ediderat,
640 5125 824 5182 locum
840 5135 1018 5182 nactae
1047 5137 1177 5183 sunt
1201 5128 1258 5183 in
1286 5129 1393 5185 ﬁne
1419 5132 1551 5186 tomi
1575 5133 1882 5203 superioris
1909 5134 2170 5191 editionis
2190 5142 2412 5191 nostrae.
2448 5136 2614 5208 Typis
2634 5137 2821 5207 itaque
2844 5153 2996 5192 nunc
3026 5137 3624 5196 exscribendaaessent

346 5219 477 5277 solae
505 5219 758 5276 Garnerii
802 5219 858 5275 in
883 5221 1145 5292 epistolas
1187 5236 1384 5277 recens
1415 5224 1596 5280 editas
1624 5235 1790 5293 noue,
1829 5227 1928 5284 sed
1954 5238 2328 5298 opportunum
2356 5227 2467 5283 illis
2502 5227 2758 5284 dabimus
2793 5229 2976 5284 locum
3014 5230 3071 5285 in
3105 5230 3498 5288 dissertatione
3528 5251 3621 5291 se-

345 5311 526 5368 cunda
566 5310 838 5379 Garnerii,
865 5313 1096 5385 ejusque
1126 5313 1304 5383 capite
1336 5315 1549 5384 quinto.
1594 5317 1725 5384 Quae
1758 5319 1935 5390 prima
1967 5329 2050 5376 est
2079 5321 2223 5375 inter
2253 5320 2499 5391 quinque
2541 5320 2959 5376 dissertationes
2989 5321 3241 5379 Garnerii
3275 5326 3431 5395 prelo
3470 5343 3621 5383 nunc

346 5411 548 5464 iterum
580 5408 975 5480 subjiciendas,
1014 5409 1402 5480 complectitur
1433 5410 1725 5469 Historiam
1759 5415 2116 5482 Theodoreti,
2148 5415 2322 5471 multo
2355 5415 2579 5486 quidem
2632 5431 2757 5470 cum
2805 5416 3010 5481 studio,
3046 5417 3140 5473 sed
3175 5426 3286 5473 tam
3330 5419 3521 5489 iniquo
3561 5421 3618 5474 in

344 5505 525 5562 virum
557 5505 762 5562 bonum
782 5505 966 5561 animo
987 5506 1370 5577 compositam,
1405 5515 1467 5562 ut
1495 5510 1616 5579 ejus
1645 5510 1940 5567 Historiam
1975 5527 2084 5567 non
2105 5527 2365 5567 enarrare
2395 5519 2452 5565 et
2477 5527 2577 5581 pro
2614 5509 2692 5565 rei
2728 5510 2994 5582 dignitate
3021 5528 3315 5578 exornare,
3357 5514 3453 5568 sed
3474 5515 3619 5570 male

345 5599 411 5655 ad
433 5607 684 5671 posteros
704 5599 1111 5667 commendare,
1151 5601 1398 5672 atrisque
1422 5603 1700 5660 coloribus
1725 5605 1949 5676 pingere
1983 5605 2224 5660 voluisse
2250 5604 2525 5660 videatur.
2561 5601 2694 5670 Quae
2727 5604 2953 5676 quidem
2975 5605 3227 5661 Garnerii
3264 5605 3617 5664 immodestia

344 5707 454 5747 non
476 5692 656 5762 potuit
682 5691 876 5763 peritis
899 5703 954 5749 et
983 5696 1156 5766 aequis
1175 5695 1370 5751 harum
1401 5714 1585 5752 rerum
1613 5700 1836 5755 arbitris
1861 5700 2101 5770 placere,
2124 5698 2422 5755 Multorum
2451 5698 2635 5769 itaque
2654 5699 2832 5771 justas
2856 5699 3093 5756 incurrit
3116 5699 3626 5770 reprehensionesr

344 5785 411 5841 dc
441 5785 645 5857 quibus
669 5785 779 5856 jam
807 5786 1054 5844 alioloco
1088 5805 1171 5844 me
1213 5789 1393 5844 dicere
1445 5795 1685 5849 mrm‘ni.
