3950 6226
264 346 326 410 83
1431 359 1800 420 HISTORIA
1840 359 2361 420 THEODORETI.
3431 367 3505 428 .90

274 539 2315 565 -——___.__..____________________________

1025 714 1708 831 HISTORIA
1809 716 2736 834 THEODORETI

1493 945 1631 1006 CYR
1644 944 1858 1005 ENSIS
1896 945 2235 1006 EPISCOPI
2245 994 2258 1007 .

846 1225 1230 1282 PREFATIO.

297 1311 336 1367 I.
355 1310 595 1368 Historia
617 1313 970 1372 Theodoreti
1005 1318 1366 1375 mihividetur
1388 1335 1497 1375 non
1527 1320 1819 1377 admodum

241 1403 502 1459 dissimilis
525 1407 959 1464 narrationibus
993 1409 1100 1463 illis
1133 1410 1499 1478 theatrorum,
1535 1428 1656 1482 qua:
1686 1429 1814 1482 per-

242 1495 402 1564 plexis
461 1511 703 1552 casuum
775 1499 1346 1567 commutationibus,
1413 1503 1817 1574 insperatisque

239 1586 536 1654 eventibus,
595 1603 713 1644 non
757 1598 973 1645 tantum
1013 1590 1438 1647 admirabundos
1488 1595 1816 1664 populorum

240 1675 440 1730 animos
488 1677 870 1748 suspendunt,
903 1679 1000 1734 sed
1045 1679 1211 1734 etiam
1247 1681 1580 1752 prudentum
1625 1697 1818 1754 exspe-

240 1768 525 1823 ctationem
568 1785 717 1839 sazpe
766 1769 983 1836 fallunt,
1016 1771 1223 1843 judicia
1259 1783 1407 1829 certe
1434 1789 1650 1845 semper
1685 1791 1814 1831 con-

240 1860 424 1915 trarias
456 1861 514 1916 in
544 1870 737 1932 partes
757 1863 1092 1920 distrahunt.

304 1951 365 2004 II.
402 1952 530 2007 Vita
578 1953 732 2008 enim
775 1954 1012 2011 celebris
1055 1957 1220 2029 hujus
1264 1957 1519 2032 Cyrensis
1564 1963 1807 2034 episcopi

234 2040 363 2096 laetis
402 2041 580 2097 initiis
616 2058 842 2110 exorsa,
889 2061 988 2116 per
1019 2047 1202 2103 varios
1245 2049 1375 2104 licet
1415 2066 1577 2105 casus
1617 2053 1808 2107 multi-

238 2131 509 2201 plicesque
548 2148 735 2188 rerum
761 2136 1148 2192 conversiones
1182 2147 1300 2194 acta
1335 2139 1425 2203 sit,
1471 2149 1685 2210 poterat
1726 2151 1810 2197 ta-

236 2239 352 2279 men
388 2224 547 2279 credi
600 2225 897 2296 aliquando
948 2227 1184 2284 finienda
1229 2232 1382 2287 exitu
1425 2232 1598 2288 initiis
1647 2233 1804 2304 pari;

235 2316 332 2371 nisi
368 2332 545 2382 mors,
579 2333 704 2388 qua:
753 2319 891 2374 solet
926 2319 1050 2376 aliis
1081 2336 1202 2376 esse
1240 2323 1419 2392 quies,
1462 2321 1809 2380 Theodoreto

233 2416 474 2464 motuum
517 2424 686 2465 causa
732 2411 1054 2467 exstitisset.
1088 2413 1223 2468 Nam
1258 2431 1382 2470 cum
1417 2415 1715 2470 Ecclesiam
1751 2415 1806 2470 in

231 2499 448 2556 Oriente
482 2500 702 2566 vivens,
751 2508 846 2556 aut
889 2503 1118 2558 consilio
1169 2514 1263 2558 aut
1301 2504 1645 2576 imprudens,
1684 2515 1804 2561 tur-

229 2591 436 2650 basset:
491 2592 746 2649 eamdem
798 2594 1002 2665 ubique
1057 2604 1349 2662 terrarum,
1401 2613 1503 2652 suo
1555 2599 1796 2664 nomine,

228 2691 517 2755 postquam
565 2683 863 2760 defunctus
895 2694 998 2752 est,
1027 2686 1083 2740 in
1122 2695 1306 2757 partes
1353 2687 1575 2755 divisit;
1626 2705 1798 2760 eaque

227 2773 448 2839 exstitit,
483 2774 650 2828 unius
673 2759 792 2830 fere
812 2774 1052 2831 hominis
1081 2777 1152 2832 ob
1181 2793 1422 2843 causam,
1462 2780 1629 2836 totius
1651 2782 1802 2836 orbis

226 2863 523 2920 Christiani
581 2866 802 2933 divisio,
847 2877 912 2923 ut
959 2869 1193 2923 necdum
1230 2880 1354 2940 post
1405 2879 1484 2926 tot
1532 2887 1802 2928 annorum

227 2958 494 3012 curricula
542 2957 661 3012 tolli
699 2960 965 3029 potuerit.
1013 2959 1295 3030 Siquidem
1335 2961 1460 3018 aliis
1501 2964 1801 3020 etiamnum

229 3048 279 3103 in
299 3048 525 3104 Oriente
542 3049 801 3120 gentibus
824 3050 1228 3107 Theodoretum
1245 3053 1394 3108 velut
1410 3054 1635 3124 impium
1648 3072 1804 3113 exse‘

228 3140 523 3205 orantibus,
553 3139 715 3212 135.
742 3140 865 3196 aliis
900 3141 1049 3196 velut
1085 3142 1344 3197 eximium
1393 3143 1518 3200 fidei
1564 3155 1799 3202 tutorem

229 3230 555 3297 colentibus,
624 3247 809 3304 pugna
859 3232 1106 3288 nondum
1177 3234 1558 3308 dissensioque
1611 3238 1801 3295 sedata

227 3331 321 3376 est.

303 3415 391 3471 IIl.
434 3415 594 3471 Hanc
633 3430 765 3487 ergo
811 3432 998 3473 rerum
1035 3417 1234 3475 faciem
1278 3421 1596 3494 variamque
1646 3425 1800 3494 quasi

227 3504 490 3562 fortunam
521 3507 655 3562 dum
684 3511 948 3566 attentius
991 3513 1302 3581 considero,
1352 3515 1597 3571 adducor
1641 3517 1799 3572 facile

227 3603 278 3649 ut
320 3597 568 3662 credam,
600 3597 808 3653 factum
862 3614 982 3655 esse
1025 3601 1276 3658 Numinis
1332 3605 1675 3675 providentia
1742 3607 1797 3661 in

224 3685 570 3743 Theodoreto
593 3690 929 3760 exemplum,
953 3691 1097 3746 unde
1120 3693 1328 3748 scirent
1357 3695 1630 3762 homines,
1663 3698 1797 3767 quid

225 3778 481 3834 malorum
536 3779 742 3845 facere,
775 3780 977 3851 quidve
1031 3783 1145 3853 pati
1197 3787 1370 3853 possit
1420 3788 1596 3844 virtus
1656 3789 1794 3860 ipsa,

224 3884 354 3936 cum,
385 3871 573 3942 specie
599 3873 822 3941 pietatis
839 3873 1122 3941 illudente,
1151 3875 1532 3948 imprudenter
1552 3881 1795 3936 adhaeret

225 3963 461 4030 partibus
495 3963 553 4016 in
582 3963 884 4018 Ecclesiam
910 3980 1151 4035 pugnare
1178 3968 1347 4024 ausis.

281 4052 364 4108 IV.
399 4053 470 4108 Et
506 4061 658 4109 certe
683 4053 773 4106 vix
809 4054 1106 4125 quidquam
1160 4059 1406 4114 sanctius
1445 4060 1795 4118 Theodorcto

225 4145 452 4213 reperire
503 4153 610 4209 est,
649 4145 766 4200 sive
798 4153 955 4201 ortus
986 4156 1288 4218 spectetur,
1321 4151 1414 4220 qui
1447 4153 1795 4224 prodigiosus

224 4232 519 4298 miraculis;
553 4233 672 4288 sive
693 4233 970 4290 institutio
1003 4237 1145 4303 vitm,
1168 4239 1220 4293 in
1238 4240 1361 4295 sinu
1384 4242 1796 4317 thaumaturgo—

221 4337 361 4390 rum;
384 4325 502 4380 sive
535 4325 828 4393 professio,
857 4343 965 4397 qua
995 4328 1182 4385 effusis
1208 4331 1260 4386 in
1291 4348 1557 4404 pauperes
1577 4337 1792 4406 opibus,

221 4425 364 4480 egere
400 4414 618 4480 voluit;
681 4415 798 4470 sive
831 4416 1076 4472 studium
1106 4419 1436 4488 litterarum,
1467 4440 1575 4494 quo
1606 4443 1795 4482 omnes

221 4504 647 4573 comprehendit,
697 4521 885 4562 sacras
936 4509 1648 4583 admirabiliterintellexit;
1679 4521 1794 4576 sive

221 4590 333 4647 fidei
369 4595 547 4660 zelus,
600 4597 768 4651 etiam
804 4600 1084 4667 sanguinis
1111 4603 1404 4673 prodigus;
1429 4607 1543 4662 sive
1572 4611 1792 4665 tandem

220 4682 514 4741 innocentia
530 4702 768 4754 morum,
784 4705 890 4759 qua
905 4689 1106 4746 factum
1123 4702 1227 4758 est,
1247 4703 1351 4749 uta
1369 4696 1484 4752 suis
1497 4697 1790 4755 incredibi-

220 4775 330 4830 liter
349 4787 654 4845 amaretur,
687 4781 756 4835 ab
793 4781 1141 4849 adversariis,
1178 4796 1666 4861 quantumcunque
1703 4793 1790 4847 in-

226 4866 380 4924 fensis
410 4878 468 4924 et
499 4871 757 4937 curiosis,
813 4873 950 4928 nihil
1002 4877 1405 4936 criminationis
1456 4882 1526 4937 sit
1575 4899 1786 4953 passus,

219 4960 347 5027 quod
376 4961 751 5032 integritatem
773 4964 900 5020 vitae
927 4967 1204 5023 attineret.

279 5048 337 5104 V.
359 5051 457 5106 Vir
492 5061 677 5108 tamen
703 5062 887 5110 tantus
919 5055 1046 5112 inde
1085 5058 1280 5116 illusus
1309 5071 1412 5128 est,
1436 5064 1579 5120 unde
1607 5070 1788 5138 magni

220 5139 399 5208 solent,
429 5143 516 5197 sui
571 5159 686 5214 prae
728 5147 856 5200 aliis
883 5149 1264 5217 aestimatione,
1301 5154 1541 5223 partium
1581 5158 1784 5224 studio,

218 5247 385 5290 amore
406 5236 612 5306 gloriae.
649 5235 742 5292 His
763 5239 944 5294 causis
976 5240 1252 5298 abductus
1275 5259 1305 5298 a
1336 5255 1507 5312 recto,
1538 5250 1785 5317 pertina-
1818 5251 1863 5308 D

220 5329 338 5381 riter
381 5329 641 5388 haeretico
669 5330 830 5400 favit,
874 5334 1249 5392 sanctissimos
1289 5336 1416 5394 ﬁdei
1465 5341 1784 5401 defensores

1850 1225 2255 1296 Aimpotenter
2304 1225 2664 1298 impugnavit,
2714 1227 2980 1298 synodum
3033 1229 3202 1285 totius
3244 1229 3503 1287 Ecclesia:

1925 1318 2184 1384 traduxit,
2204 1318 2354 1372 velut
2386 1319 2638 1375 factionis
2665 1320 2949 1391 cujusdam
2982 1327 3218 1390 potentis
3257 1327 3500 1394 tyranni-

1922 1405 2066 1470 dem,
2091 1422 2281 1476 pacem
2304 1407 2583 1473 Ecclesiae,
2611 1425 2775 1478 quam
2803 1410 3066 1466 voluisset
3091 1413 3208 1466 suis
3229 1413 3498 1466 conditio-

1921 1497 2086 1551 nibus
2107 1497 2246 1562 ﬁeri,
2277 1498 2346 1552 ab
2374 1498 2499 1554 aliis
2527 1500 2722 1555 factam
2751 1500 3118 1557 calumniatus
3152 1512 3255 1567 est,
3290 1513 3342 1558 et
3378 1517 3500 1574 post

1919 1588 2158 1642 alternas
2199 1588 2557 1658 depositionis
2584 1592 3062 1661 restitutionisque
3107 1594 3277 1658 vices,
3316 1594 3370 1648 in
3409 1611 3499 1648 re-

1917 1690 2066 1736 moto
2089 1681 2158 1736 ab
2179 1681 2495 1736 hominibus
2537 1699 2756 1738 secessu
2783 1686 2954 1740 latere
2982 1695 3206 1742 coaetus
3243 1698 3359 1742 est:
3394 1688 3498 1742 du-

1917 1772 2067 1827 bium
2092 1789 2159 1827 an
2189 1776 2546 1844 paenitentiae,
2577 1792 2646 1830 an
2671 1777 2893 1830 ruboris
2921 1793 3103 1832 causa.

1987 1864 2077 1918 Vl.
2103 1864 2236 1918 Tam
2278 1867 2482 1920 variam
2527 1875 2746 1937 tamque
2787 1869 3142 1938 multiplicem
3196 1871 3363 1924 vitam
3405 1871 3499 1925 de-

1913 1956 2241 2027 pingendam
2277 1958 2538 2028 suscipio,
2568 1974 2671 2014 nec
2704 1969 2888 2014 tamen
2916 1962 3101 2030 petitis
3139 1963 3357 2016 aliunde
3385 1962 3500 2016 fere

1912 2047 2212 2114 coloribus,
2239 2065 2402 2118 quam
2427 2050 2570 2104 unde
2600 2049 2796 2106 leviter
2819 2051 3118 2107 delineavit
3148 2053 3494 2118 Sirmondus,

1910 2153 1979 2194 ex
2006 2138 2339 2195 Theodoreti
2377 2141 2556 2196 libris.
2589 2142 2723 2196 Nam
2766 2159 2876 2213 quo
2925 2151 3173 2214 tempore
3215 2153 3376 2198 natus
3400 2145 3492 2210 sit,

1910 2249 2016 2304 qua
2043 2233 2098 2287 in
2122 2231 2363 2288 Orientis
2395 2244 2572 2303 parte,
2600 2235 2803 2304 quibus
2851 2251 2917 2289 ex
2967 2235 3290 2304 parentibus
3328 2251 3492 2304 quam

1908 2325 2075 2379 vitam
2104 2338 2214 2379 non
2232 2325 2407 2380 solum
2433 2335 2560 2380 ante
2585 2325 2959 2396 episcopatum
2989 2325 3180 2395 egerit,
3212 2325 3306 2380 sed
3328 2326 3492 2379 etiam

1907 2425 2032 2472 ante
2090 2417 2361 2488 synodum
2412 2417 2764 2487 Ephesinam,
2820 2425 3019 2486 praeter
3089 2417 3266 2486 ipsum
3331 2434 3494 2472 nemo

1905 2506 2046 2559 alius
2070 2505 2321 2559 meminit
2345 2523 2357 2559 :
2389 2521 2490 2560 nec
2511 2506 2625 2576 ipse
2653 2513 2835 2561 tamen
2860 2507 3072 2576 uspiam
3101 2506 3168 2560 de
3197 2507 3489 2571 industria,

1907 2595 2001 2649 sed
2039 2596 2327 2651 occasione
2367 2596 2651 2663 duntaxat,
2699 2614 2824 2652 cum
2869 2599 3084 2654 duobus
3115 2600 3171 2652 in
3207 2601 3489 2669 Operihus,

1904 2683 2174 2740 Philotheo
2211 2695 2267 2742 et
2297 2686 2567 2757 Epistolis,
2596 2689 2743 2742 aliud
2775 2698 2983 2759 ageret.

1971 2777 2083 2832 Vll.
2111 2779 2379 2845 Quoniam
2405 2796 2536 2834 vero
2573 2797 2684 2835 non
2714 2781 3116 2835 exactissimam
3152 2781 3218 2835 ad
3246 2782 3488 2836 sevcrio-

1905 2883 1994 2923 res
2019 2870 2167 2941 leges
2205 2872 2491 2928 historiam
2539 2874 2783 2928 scribere
2811 2876 2824 2892 ‘
2859 2874 3169 2944 aggredior,
3197 2882 3488 2928 auctorum

1902 2957 2086 3012 verbis
2115 2960 2330 3028 quoties
2353 2961 2638 3015 commode
2683 2962 2737 3015 in
2770 2963 3035 3019 orationis
3075 2965 3271 3018 seriem
3305 2965 3488 3018 induci

1901 3055 2182 3119 poterunt,
2208 3053 2470 3109 utendum
2497 3054 2698 3123 potius,
2739 3071 2902 3124 quam
2939 3057 3075 3109 meis
3112 3057 3320 3126 putavi.
3347 3056 3485 3110 Cum

1900 3141 2046 3194 enim
2080 3142 2195 3196 suis
2227 3145 2458 3214 quisque
2485 3145 2670 3199 verbis
2701 3147 3072 3200 testimonium
3097 3148 3259 3209 dicet,
3293 3157 3346 3202 et
3377 3166 3489 3203 ma-

1895 3232 1982 3303 jor
2008 3232 2098 3287 fiet
2129 3237 2420 3289 assertioni
2447 3236 2603 3301 fides,
2643 3245 2700 3292 et
2734 3253 2892 3294 suum
2915 3241 3088 3295 lector
3128 3242 3356 3298 faciliori
3387 3260 3486 3300 nc-

1898 3325 2044 3393 gotio
2065 3326 2332 3395 judicium
2363 3326 2520 3383 feret.

2297 3435 2453 3504 135
2501 3434 2726 3493 CAPUT
2780 3439 3066 3498 PRIMUM.

1898 3523 1938 3577 1.
1976 3522 2088 3598 Quo
2119 3533 2347 3598 tempore
2391 3537 2545 3581 natus
2589 3528 2955 3586 Theodorelus.
2983 3533 3046 3586 ll.
3085 3532 3197 3598 Quo
3235 3533 3483 3588 Ecclesia!

1967 3594 2239 3668 orientalis
2275 3604 2442 3668 statu.
2484 3598 2573 3652 Ill.
2611 3597 2729 3662 Qua
2779 3603 2832 3654 in
2879 3603 3023 3656 urbe.
3075 3594 3160 3657 IV.
3198 3602 3390 3668 Quibus
3421 3622 3485 3659 ex

1968 3664 2294 3742 parentibus.
2410 3666 2646 3742 Quorum
2661 3679 2964 3742 sanctorum
2989 3664 3242 3742 precibus.
3268 3675 3354 3728 VI.
3383 3674 3484 3728 Per

1967 3751 2084 3803 qua:
2102 3735 2383 3813 miracula.
2412 3738 2522 3791 Vll.
2554 3739 2696 3813 Unde
2721 3757 2908 3794 nomen
2930 3735 3148 3813 accepit.
3175 3745 3308 3799 Vlll.
3335 3744 3480 3810 Quo-

1972 3821 2088 3858 rum
2119 3807 2174 3859 in
2200 3806 2475 3876 complexu
2506 3812 2687 3864 crevit.
3053 3806 3062 3813 ’
3119 3825 3145 3864 \

2297 3898 2374 3948 Ab
2398 3913 2527 3948 anno
2553 3899 2734 3950 Christi
2757 3900 2850 3949 386
2872 3902 2930 3950 ad
2958 3902 3066 3952 595.

1970 4001 2010 4054 l.
2043 4000 2162 4068 Quo
2202 4011 2451 4073 tempore
2488 4015 2652 4059 natus
2680 4006 3172 4072 sitTheodoretus,
3213 4024 3319 4064 nec
3363 4010 3477 4081 ipse

1901 4093 2066 4147 tradit
2093 4093 2304 4163 uspiam
2327 4113 2610 4166 expresse,
2643 4115 2746 4152 nec
2766 4099 2911 4152 ullus
2934 4099 3076 4154 alius
3102 4101 3428 4170 scriptorum
3460 4121 3472 4156 :

1897 4183 2068 4239 series
2103 4194 2286 4241 tamen
2305 4188 2452 4254 vitae,
2489 4205 2600 4243 non
2626 4206 2734 4244 una
2756 4191 2841 4244 sui
2868 4201 3040 4260 parte,
3079 4195 3343 4263 temporis
3373 4211 3475 4251 no-

1897 4282 1980 4330 tas
1999 4275 2164 4330 habet
2195 4277 2235 4330 '.
2277 4277 2432 4333 Unde
2462 4279 2506 4333 si
2531 4281 2656 4349 quis
2683 4282 2865 4335 animo
2897 4283 3143 4337 remetiri
3178 4285 3310 4340 velit
3337 4302 3475 4355 prae-

1897 4363 2113 4418 teritam
2152 4374 2391 4432 aetatem,
2429 4368 2589 4424 facile
2624 4371 2868 4426 inveniet
2932 4373 3264 4430 Theodoreti
3291 4387 3472 4432 ortum

1896 4455 2153 4512 incidisse
2187 4457 2244 4511 in
2271 4461 2617 4515 consulatum
2642 4461 2870 4518 Honorii
2905 4464 3138 4522 Caesaris
3167 4479 3223 4522 et
3257 4469 3468 4535 Evodii,

1894 4548 1988 4618 qui
2025 4565 2204 4604 annus
2249 4549 2354 4604 fuit
2385 4551 2592 4607 Christi
2643 4556 3066 4610 trecentesimus
3102 4557 3472 4627 octogesimus

1894 4645 2102 4702 sextus,
2129 4637 2308 4694 Siricii
2333 4643 2529 4695 summi
2558 4644 2835 4712 pontificis
2859 4646 3155 4711 secundus,
3177 4648 3470 4704 Theodosii

1893 4725 2070 4796 Magni
2101 4728 2450 4798 imperatoris
2480 4741 2727 4788 octavus.

1963 4817 2027 4870 ll.
2068 4817 2146 4871 Ea
2187 4817 2303 4873 fere
2355 4827 2698 4889 tempestate,
2743 4839 2865 4892 quae
2913 4835 3173 4894 quartum
3208 4827 3470 4884 saeculum

1891 4925 2016 4963 cum
2034 4911 2228 4981 quinto
2252 4915 2528 4979 nectebat,
2546 4914 2790 4970 Orientis
2814 4918 3056 4974 Ecclesia
3085 4937 3152 4976 eo
3173 4932 3316 4977 statu
3343 4923 3468 4989 fuit,

1891 5017 2002 5071 quo
2034 5019 2227 5074 magna
2268 5013 2482 5074 poterat
2511 5013 2566 5059 et
2593 5005 2785 5064 timere
2819 5017 2875 5065 et
2906 5027 3126 5081 sperare
3155 5032 3168 5068 :
3200 5030 3321 5069 nam
3346 5031 3472 5085 par-

1893 5093 2242 5149 turiebantur
2269 5096 2507 5151 haereses
2530 5097 2636 5152 illa:
2665 5107 2780 5156 tres
2806 5101 3047 5171 famosae,
3069 5122 3191 5176 qua:
3214 5123 3243 5161 a
3271 5107 3469 5162 Nesto-

1891 5183 1975 5239 rio
2002 5184 2331 5256 Pelagioque
2361 5201 2425 5241 ac
2453 5187 2700 5259 Eutyche
2732 5207 2932 5248 nomen
2955 5205 3291 5265 acceperunt
3323 5213 3338 5252 :
3370 5199 3465 5252 sed

1888 5276 2052 5331 simul
2104 5277 2386 5347 fulgebant
2425 5281 2684 5337 Ecclesiae
2747 5291 2828 5338 tot
2884 5287 3191 5342 clarissima
3236 5289 3464 5355 lumina,

1885 5373 2020 5434 quot
2046 5366 2210 5421 simul
2235 5368 2510 5424 exstitisse
2535 5370 2787 5442 prodigio
2815 5372 2992 5430 simile
3027 5382 3129 5430 est.

1540 5513 1851 5573 SCHUllll
1882 5518 2107 5576 ΝΟΤᾸΞ.

223 5594 783 5692 ..Δί-Ριιθῃαηηοηάιεηπ,
978 5601 1319 5692 ςοηῳοδίιθε
1357 5609 1791 5692 nuiicndixerim
1853 5612 2097 5671 funestas
2130 5615 2250 5673 illas
2277 5618 2433 5679 lites.
2456 5619 2930 5692 IpseiGamerius,
2960 5624 3051 5692 qui
3091 5625 3229 5679 hanc
3267 5626 3468 5680 tibiam-

223 5670 388 5764 iterum
421 5670 608 5754 inﬂare
641 5673 805 5756 visus
834 5681 938 5764 est,
982 5673 1085 5729 fine
1112 5670 1222 5764 suo
1251 5677 1475 5764 excidit.
1511 5678 1837 5749 Suspiciunt
1882 5702 2026 5764 nunc
2071 5670 2514 5764 venerant—uiuite
2544 5671 2877 5764 Theodoreti
2918 5670 3183 5764 iniegram
3219 5705 3466 5751 mentem

217 5743 260 5828 et
292 5739 467 5828 eximia
489 5745 749 5828 _merita,
788 5747 1403 5828 quotquotvsunt“digni
1436 5739 1635 5828 harum:
1660 5767 1842 5808 rerum
1890 5739 2509 5826 mium.{diéSI'éii-b'iii
2535 5761 2758 5816 Oriente
2802 5763 3005 5828 vivant,
3034 5739 3153 5820 Zisc
3196 5765 3249 5821 in
3290 5739 3454 5822 Ocri-~

214 5806 359 5871 Iit'ﬂit'.
435 5817 454 5847 ¹
489 5817 678 5888 Temp.
721 5806 837 5867 11οῘ-
880 5806 996 5868 Itﬂl‘.
1038 5815 1155 5872 Vill.
1196 5806 1342 5872 (IIS-5':
1374 5818 1424 5883 '2,
1464 5837 1576 5888 mp.
1622 5822 1664 5874 Ι.
