3950 6226
470 336 535 403 91
1590 338 1971 401 GABNERII
2012 338 2231 401 DISSE
2240 340 2516 403 RTATIO
2556 340 2605 401 I.
3656 323 3729 388 92

539 452 732 507 Tantis
770 451 896 509 fidei
949 453 1227 525 magistris
1274 454 1618 526 providentia
1657 452 1911 509 Numinis
1950 451 2052 506 ad-
2082 452 2126 507 Δ
2153 451 2480 523 alloquens:
2511 451 2607 507 Dic
2648 452 2797 516 mihi,
2841 446 3041 518 inquit,
3072 443 3192 515 ﬁlia
3229 441 3370 513 (ipsa
3405 437 3553 494 enim
3604 436 3731 507 ejus

466 544 649 615 junxit
698 546 847 599 velut
897 546 1195 602 auxiliares
1234 547 1555 602 innumeros
1596 546 1895 603 monachos
1930 548 2045 603 vita

467 635 862 700 sanctissimos,
900 638 991 707 qui
1016 638 1336 693 doctoribus
1351 638 1718 693 conciliabant
1742 639 1925 705 ﬁdem,
1963 647 2043 694 tot

469 723 748 793 tantisque
793 725 1023 793 patratis
1064 725 1359 787 miraculis.
1402 734 1463 780 ut
1504 725 1720 796 impleri
1760 726 2043 781 videretur

468 820 600 867 tunc
635 814 869 867 maxime
908 812 1229 867 vaticinium
1257 813 1462 868 Christi
1500 814 1569 869 de
1606 815 1870 884 operibus
1902 814 2036 872 ﬁde-

463 901 600 957 lium
629 919 729 957 sua
759 905 1122 973 superaturis.

533 992 911 1048 Constitutum
948 993 1127 1048 fuerat
1161 995 1383 1064 quidem
1410 996 1751 1053 inconcussa:
1774 996 1899 1052 ﬁdei
1936 1014 2037 1052 no-

463 1092 589 1138 strze
608 1082 1043 1149 fundamentum,
1068 1085 1308 1141 Trinitas
1331 1086 1641 1141 divinarum
1658 1103 2034 1157 personarum.

461 1171 595 1227 Nam
626 1173 859 1228 concilia
884 1174 994 1229 duo
1020 1177 1379 1241 oscumenica,
1398 1178 1676 1234 Nicaanum
1695 1191 1750 1234 et
1771 1179 2039 1235 Constan-

462 1263 906 1332 tinOpOIitanum,
940 1267 1289 1322 sanciverant
1326 1268 1670 1325 divinitatem
1704 1269 1868 1326 Verbi
1908 1287 2034 1325 san-

459 1354 646 1424 ctique
695 1355 932 1426 Spiritus
966 1374 979 1411 :
1015 1357 1112 1413 sed
1167 1358 1354 1429 plures
1407 1368 1589 1415 tamen
1628 1361 1875 1416 nondum
1907 1362 2034 1430 ,Arii

456 1443 871 1517 Macedoniique
911 1447 1145 1503 haeresin
1172 1450 1583 1520 deposuerant;
1620 1452 1731 1508 imo
1778 1468 1905 1508 suas
1932 1453 2032 1509 ad-

456 1536 569 1591 huc
595 1537 837 1593 haeretici
864 1540 919 1594 in
951 1542 1252 1611 majoribus
1282 1543 1618 1609 civitatibus,
1649 1544 1875 1615 ipsaque
1897 1544 2033 1601 urbe

456 1626 605 1698 regia
636 1627 1128 1701 Constantinopoli,
1160 1649 1391 1704 synaxes
1413 1635 1670 1706 agebant.

523 1720 667 1787 Quin
699 1724 867 1778 etiam
909 1726 1176 1782 catholica
1208 1728 1451 1783 Ecclesia
1483 1730 1763 1786 intestinis
1786 1731 2030 1788 dissidiis

453 1812 760 1873 laborabat.
790 1819 924 1874 Nam
961 1828 1021 1874 ut
1052 1821 1121 1877 de
1144 1822 1268 1877 aliis
1295 1824 1429 1878 locis
1459 1832 1696 1890 taceam,
1733 1828 2032 1883 tumultua-

451 1903 659 1960 bantur
692 1909 796 1962 viri
827 1925 1050 1980 quoque
1091 1912 1426 1967 sanctissimi
1468 1913 1861 1987 Hierosolymis
1896 1934 2028 1988 pro-

450 2001 575 2062 pter
621 1994 935 2066 Origenem,
983 2016 1147 2070 quem
1204 2001 1295 2056 alii
1343 2003 1722 2072 suspiciebant
1771 2015 2027 2077 tanquam

447 2079 707 2138 Ecclesia:
734 2087 1075 2157 magistrum,
1096 2088 1188 2144 alii
1211 2092 1644 2148 exsecrabantur
1676 2095 1828 2150 velut
1851 2096 2029 2154 haere-

447 2184 570 2225 sum
600 2173 826 2245 hydram
857 2184 914 2231 et
946 2178 1099 2234 orbis
1122 2187 1354 2249 pestem.

517 2259 752 2329 lpsamet
772 2263 1063 2321 Antiochia
1094 2265 1334 2324 Orientis
1352 2278 1519 2341 caput
1552 2271 1693 2328 duos
1724 2272 1781 2328 in
1807 2273 2026 2344 episco-

446 2362 547 2418 pos
570 2351 929 2416 ortbodoxos,
957 2354 1235 2411 Meletium
1265 2364 1320 2411 et
1342 2358 1651 2426 Paulinum,
1676 2361 2022 2421 distraheba—

446 2446 561 2504 tur,
601 2450 658 2496 et
688 2450 839 2498 tanto
867 2445 1091 2515 quidem
1115 2447 1195 2503 rei
1217 2448 1546 2525 Christianas
1574 2452 1930 2520 detrimento,
1962 2464 2024 2512 ut

443 2530 868 2603 Chrysostomus
894 2537 1251 2595 Antiochenze
1271 2542 1529 2599 Ecclesiae
1547 2543 1704 2600 sidus
1733 2546 2019 2615 eximium,

443 2636 573 2677 cum
614 2625 908 2698 utriusque
946 2628 1111 2686 ﬁdem
1158 2633 1442 2702 probaret,
1494 2636 1793 2694 triennium
1837 2638 1892 2694 in
1928 2655 2018 2697 se-

443 2730 601 2772 cessu
636 2717 806 2774 latere
834 2714 1092 2789 voluerit,
1123 2736 1306 2784 certus
1342 2738 1601 2784 neutrum
1635 2733 1815 2802 sequi,
1841 2750 2018 2803 quan-

442 2807 540 2863 diu
565 2811 777 2866 socium
820 2813 1071 2872 haberet.
1113 2818 1299 2874 Videri
1345 2822 1527 2891 potuit
1568 2825 1750 2879 saeculi
1788 2824 2019 2898 hujusce

439 2901 634 2973 genius
658 2902 880 2959 licentia
917 2906 1254 2979 dogmatum,
1279 2922 1337 2967 et
1366 2914 1664 2970 factionum
1700 2932 1872 2973 amor.

513 2989 602 3045 ill.
627 2991 768 3047 Dum
789 2993 862 3048 ita
879 2996 1230 3054 scinderetur
1255 3000 1309 3055 in
1332 3010 1519 3071 partes
1533 3004 1847 3073 Antiochia,
1864 3009 2017 3064 venit

438 3078 496 3135 in
522 3079 700 3137 lucem
733 3085 926 3140 eadem
966 3088 1024 3143 in
1068 3090 1207 3145 urbe
1252 3090 1655 3159 Theodoretus,
1714 3111 1826 3166 quo
1870 3113 2015 3155 anno
2047 3127 2087 3184 ο

434 3174 673 3231 celebris
713 3178 802 3233 ille
837 3178 1096 3248 Joannes,
1121 3182 1234 3252 jam
1262 3197 1373 3239 non
1416 3184 1575 3256 136
1598 3185 1867 3243 insolente
1895 3190 2013 3260 pri-

434 3266 659 3339 vilegio,
686 3278 748 3325 ut
793 3282 975 3341 antea,
1016 3274 1284 3333 diaconus
1326 3279 1395 3333 ad
1437 3280 1706 3351 populum
1750 3283 2009 3353 dicebat,

436 3358 530 3412 sed
555 3375 655 3414 suo
686 3364 843 3430 quasi
870 3365 996 3434 jure
1029 3376 1247 3436 poterat
1277 3371 1570 3442 presbyter
1592 3372 1770 3431 factus
1794 3379 2014 3435 concio-

436 3448 601 3505 nibus
620 3451 918 3509 Ecclesiam
945 3454 1163 3512 docere.
1192 3459 1363 3515 Tanta
1386 3478 1518 3517 vero
1538 3465 1622 3519 sui
1648 3467 2012 3528 admiratione

434 3544 746 3612 complebat
773 3546 1103 3615 populorum
1135 3551 1347 3607 animos
1370 3561 1431 3607 ut
1467 3554 1597 3611 inde
1629 3558 2009 3630 Chrysostomi

433 3646 635 3725 nomen
683 3635 934 3705 adeptus,
986 3648 1111 3708 post
1151 3643 1469 3699 octennium
1504 3646 2008 3725 Constantinopoli-

433 3729 575 3779 tanae
594 3724 851 3783 Ecclesiae
872 3729 1264 3799 praeficeretur.

498 3815 586 3872 IV.
614 3818 891 3889 Originem
945 3821 1101 3876 duxit
1142 3839 1209 3878 ex
1249 3829 1573 3895 parentibus
1615 3832 1897 3893 nobilibus
1943 3853 2010 3895 ac

428 3908 724 3977 opulentis,
757 3910 853 3965 sed
883 3912 1087 3981 pietate
1117 3914 1278 3986 longe
1306 3921 1811 3993 praestantioribus;
1849 3937 1905 3984 et
1937 3929 2007 3986 de

426 4008 601 4056 matre
631 4003 854 4072 quidem
876 4014 1061 4059 narrat
1090 4006 1225 4077 ipse,
1258 4024 1365 4079 qua
1399 4013 1610 4069 ratione
1646 4032 1756 4072 uno
1778 4020 2004 4077 eodem-

426 4106 535 4161 que
554 4092 697 4147 Petri
726 4105 921 4151 ascetae
944 4097 1210 4153 miraculo
1231 4141 1244 4165 ,
1272 4114 1394 4155 cum
1423 4103 1744 4162 vicesimum
1778 4111 2003 4169 tertium

424 4196 630 4238 annum
653 4194 858 4254 ageret,
886 4196 943 4242 et
966 4203 995 4243 a
1022 4189 1213 4244 mundi
1239 4207 1447 4258 amore,
1475 4211 1586 4265 quo
1614 4198 1924 4270 tenebatur,
1947 4213 2004 4260 et

421 4274 491 4330 ab
521 4276 868 4347 azgritudine,
888 4296 995 4349 qua
1028 4283 1411 4352 torquebatur,
1439 4295 1628 4343 sanata
1661 4299 1766 4347 est.
1921 4294 1924 4298 λ

502 4382 520 4416 ι
543 4363 853 4422 Laborabat
893 4369 932 4434 ⁸,
963 4371 1156 4441 inquit,
1200 4372 1278 4427 illi
1305 4376 1443 4431 alter
1480 4379 1768 4436 oculorum
1804 4383 2000 4440 morbo

2142 543 2311 598 verba
2353 543 2652 614 proferam,
2689 550 2745 597 et
2777 547 2978 596 sanctae
3021 537 3167 591 illius
3207 533 3409 603 linguae
3436 527 3729 609 aiiocutio-

2142 650 2269 689 nem
2289 650 2400 690 non
2425 632 2778 703 immutabo),
2807 632 2851 687 si
2878 630 2992 701 quis
3025 629 3192 701 pictor
3222 625 3352 680 artis
3375 637 3485 677 suae
3514 620 3727 689 peritis-

2140 730 2303 782 simus
2350 728 2633 798 imaginem
2671 724 2907 795 aliquam
2952 738 3015 776 ea:
3057 720 3189 774 artis
3233 715 3428 787 legibus
3473 718 3726 767 accurata

2141 817 2410 889 depingat,
2445 826 2490 870 et
2522 816 2659 869 hanc
2688 815 2860 869 videre
2892 810 3184 865 volentibus
3216 804 3561 877 spectandam
3590 817 3722 872 pro-

2140 919 2323 981 ponat,
2346 910 2623 978 reiciatque
2655 906 2797 961 alius
2826 904 3090 977 quispiam
3115 904 3171 955 in
3201 906 3317 954 arte
3353 897 3520 958 rudis,
3553 894 3623 948 ad
3655 893 3725 946 li-

2139 999 2365 1053 bidinem
2394 1015 2456 1052 ea
2483 997 2708 1068 ﬁngens,
2733 1011 2852 1067 qua:
2880 996 3095 1065 pingere
3124 989 3344 1045 voluerit
3366 1004 3386 1053 ;
3407 984 3591 1039 deinde
3625 998 3721 1037 ar-

2140 1086 2419 1155 tiﬁciosam
2442 1084 2593 1141 illam
2617 1085 2882 1156 picturam
2912 1077 3314 1150 reprehendens,
3342 1070 3635 1145 superciliis
3665 1078 3720 1123 et

2138 1178 2271 1233 ciliis
2305 1177 2470 1232 lineas
2500 1176 2662 1231 addat
2698 1174 2957 1245 longiores
2985 1212 2999 1237 ,
3034 1179 3084 1225 et
3120 1168 3479 1224 candidiorem
3508 1162 3717 1218 uultum

2137 1268 2344 1334 reddat,
2365 1275 2414 1321 et
2446 1267 2664 1321 rubrum
2681 1265 2824 1336 genis
2855 1261 3081 1317 colorem
3107 1258 3320 1312 inducat
3345 1274 3362 1311 :
3383 1272 3453 1310 an
3484 1255 3716 1325 priorem

2135 1361 2385 1432 pictorem
2416 1367 2569 1430 putas
2598 1373 2703 1411 non
2724 1368 3114 1416 succensurum,
3143 1360 3397 1420 tanquam
3422 1345 3526 1400 arti
3555 1349 3574 1364 '
3600 1361 3717 1399 sua

2132 1452 2284 1521 graui
2311 1450 2454 1522 facta
2483 1449 2706 1520 injuria,
2738 1454 2786 1502 et
2814 1443 3205 1507 additamentis,
3237 1438 3419 1512 quibus
3450 1452 3578 1508 opus
3605 1453 3714 1491 non

2132 1549 2269 1607 erat,
2301 1541 2365 1596 ab
2393 1539 2601 1594 indocta
2634 1555 2796 1593 manu
2825 1533 3126 1608 impositis?
3154 1533 3320 1603 Ergo,
3352 1530 3553 1600 inquit,
3581 1545 3713 1583 con-

2132 1633 2353 1688 ditorem
2387 1647 2589 1704 quoque
2618 1629 2880 1695 omnium,
2927 1636 3235 1702 naturceque
3264 1633 3456 1678 nostra:
3483 1622 3713 1694 ﬁgulum

2132 1731 2181 1776 et
2208 1723 2479 1793 pictorem,
2510 1721 2694 1775 merito
2713 1717 2983 1789 indignari
3004 1716 3215 1780 credite,
3238 1713 3376 1785 quod
3396 1714 3712 1768 immensam

2133 1813 2284 1869 illam
2313 1813 2630 1885 sapientiam
2658 1811 2934 1881 imperitia:
2961 1808 3204 1879 arguitis.
3236 1806 3414 1877 Neque
3442 1805 3580 1859 enim
3610 1821 3710 1858 ru-

2132 1909 2282 1963 beum
2307 1917 2399 1961 aut
2427 1905 2604 1960 album
2632 1911 2681 1958 et
2712 1905 2920 1975 nigrum
2949 1899 3175 1956 colorem
3204 1897 3569 1971 infunderetis,
3603 1898 3711 1952 nisi

2132 2002 2226 2055 hoc
2267 1999 2629 2054 additamenta
2659 2012 2808 2068 egere
2835 2012 2923 2049 vos
2955 1994 3233 2066 putaretis.
3267 1990 3565 2062 Imaginem
3606 1988 3710 2047 Dei

2129 2109 2193 2146 ne
2220 2090 2594 2162 corrumpatis,
2617 2105 2782 2160 neque
2803 2088 3030 2158 adjicere
3061 2084 3318 2140 conemini
3348 2098 3464 2154 qua:
3490 2083 3707 2152 sapien-

2127 2192 2205 2237 ter
2233 2199 2338 2236 non
2367 2181 2546 2248 dedit;
2569 2195 2736 2252 neque
2761 2177 3117 2233 adulterinum
3148 2174 3444 2246 excogitetis
3470 2171 3707 2244 pulchri-

2127 2275 2382 2340 tudinem,
2414 2289 2530 2346 qua:
2557 2279 2607 2327 et
2636 2271 2851 2344 pudicas
2879 2268 3143 2341 labefecit,
3165 2265 3453 2322 videntibus
3484 2264 3704 2319 tendens

2123 2368 2365 2422 insidias.
2396 2363 2586 2421 Audiit
2613 2364 2731 2418 haec
2761 2362 2962 2417 femina
2991 2360 3152 2431 longe
3177 2357 3405 2429 optima,
3434 2357 3701 2428 Petrique

2122 2460 2225 2517 reti
2246 2475 2373 2515 mox
2398 2465 2555 2530 capta
2581 2462 2684 2521 est,
2711 2453 3055 2525 pedibusque
3077 2451 3195 2522 ejus
3215 2447 3490 2511 advoluta,
3516 2455 3571 2501 et
3593 2446 3700 2501 oh-

2122 2561 2332 2608 testans
2357 2550 2645 2607 sanitatem
2677 2546 2840 2602 oculo
2864 2543 3084 2599 restitui
3110 2540 3354 2613 rogabat.
3389 2538 3461 2594 At
3484 2538 3575 2594 ille
3597 2537 3704 2594 ho-

2121 2644 2325 2700 minem
2352 2657 2410 2698 se
2438 2656 2561 2696 esse
2584 2638 2824 2703 dicebat,
2862 2644 3026 2707 atque
3054 2634 3245 2690 eadem
3265 2631 3391 2688 eum
3415 2632 3531 2702 ipsa
3557 2645 3703 2701 prte-

2120 2733 2294 2790 ditum
2334 2740 2533 2786 natura
2572 2746 2585 2783 :
2626 2743 2789 2800 grave
2830 2735 3097 2796 praeterea
3160 2732 3509 2794 peccatorum
3550 2736 3700 2777 onus

2120 2827 2413 2891 sustinere,
2456 2836 2686 2892 eamque
2740 2820 2809 2875 ob
2865 2832 3086 2872 causam
3137 2815 3255 2870 sine
3305 2814 3501 2870 fiducia
3546 2814 3695 2884 apud

2118 2920 2289 2974 Deum
2321 2931 2462 2972 esse.
2499 2913 2749 2983 Cumque
2787 2911 3005 2982 lugeret
3040 2917 3217 2962 mater
3254 2907 3410 2979 137
3447 2913 3504 2961 et
3534 2905 3700 2961 obse-

2118 3017 2319 3075 craret,
2356 3022 2459 3063 nec
2483 3006 2800 3061 relicturam
2826 3019 2884 3058 se
2920 3001 3238 3063 afﬁrmaret,
3269 2999 3373 3054 nisi
3398 2998 3694 3052 sanitatem

2121 3102 2420 3165 obtineret,
2458 3099 2630 3153 Deum
2654 3097 2853 3150 horum
2880 3104 3188 3149 curatorem
3214 3106 3333 3147 esse
3362 3089 3521 3156 dixit,
3544 3104 3694 3144 sem-

2116 3211 2323 3271 perque
2375 3191 2764 3254 credentibus,
2816 3204 2936 3260 quae
2989 3186 3299 3259 postulant,
3352 3182 3690 3249 concedere;

2115 3284 2368 3357 proinde,
2398 3281 2552 3336 Dabit
2584 3296 2722 3334 nunc
2762 3278 2943 3342 etiam,
2968 3275 3166 3346 inquit,
3190 3290 3291 3328 non
3315 3274 3440 3327 mihi
3459 3273 3695 3344 gratiam

2115 3375 2345 3430 tribuens
2368 3415 2381 3442 ,
2414 3372 2503 3427 sed
2531 3370 2688 3440 [idem
2711 3377 2857 3422 tuam
2890 3366 3226 3422 considerans
3249 3380 3266 3419 :
3287 3379 3454 3435 quare
3481 3363 3527 3417 si
3554 3364 3697 3416 hanc

2112 3467 2379 3538 integram
2405 3462 2562 3518 habes
2594 3469 2641 3514 et
2669 3461 2959 3523 sinceram,
3007 3465 3055 3512 et
3087 3457 3149 3511 ab
3195 3456 3336 3510 omni
3365 3453 3699 3508 dubitatione

2114 3555 2356 3624 liberam,
2387 3553 2682 3611 ualedicens
2707 3560 2756 3605 et
2786 3550 2996 3605 medicis
3025 3559 3073 3604 et
3091 3549 3409 3620 pltarmacis,
3441 3546 3696 3600 divinitus

2111 3647 2294 3703 datum
2327 3649 2501 3719 accipe
2546 3647 2641 3700 hoc
2669 3642 2977 3698 remedium.
3025 3641 3121 3696 His
3151 3639 3334 3704 dictis,
3377 3639 3540 3694 oculo
3567 3653 3694 3693 ma-

2110 3753 2243 3794 num
2284 3738 2568 3808 imposuit,
2606 3745 2663 3790 et
2701 3733 2955 3790 salutaris
2994 3731 3148 3803 signo
3176 3731 3360 3786 crucis
3399 3746 3691 3801 expresso,

2109 3829 2362 3885 morbum
2385 3828 2619 3898 depulit.
2647 3825 2785 3881 lnde
2816 3825 3040 3879 domum
3072 3838 3315 3887 reversa,
3341 3822 3492 3877 eluto
3513 3822 3688 3892 phar-

2109 3936 2286 3987 maco,
2332 3918 2685 3990 ascititioque
2719 3917 2870 3972 omni
2909 3924 3105 3971 ornatu
3140 3914 3374 3986 abjecto,
3413 3914 3579 3971 vitam
3613 3929 3689 3969 ex

2106 4012 2441 4084 prmscriptis
2462 4028 2495 4067 a
2529 4011 2745 4066 medico
2778 4007 2993 4079 legibus
3033 4004 3296 4071 instituit,
3331 4020 3436 4060 nec
3474 4004 3682 4060 variam

2106 4103 2344 4159 induens
2376 4111 2607 4168 vestem,
2647 4116 2751 4156 nec
2778 4115 2912 4155 auro
2942 4114 2998 4154 se
3027 4090 3433 4154 convenustans
3465 4114 3478 4151 :
3515 4107 3684 4167 atque

2105 4196 2223 4251 haec
2267 4209 2393 4252 cum
2427 4194 2649 4268 juvenis
2676 4193 2973 4249 admodum
3016 4201 3184 4257 esset,
3215 4207 3420 4246 annum
3467 4191 3685 4246 scilicet

2103 4286 2280 4342 aetatis
2323 4302 2489 4359 agens
2535 4285 2860 4341 vicesimum
2912 4286 3139 4348 tertium
3180 4300 3194 4338 :
3234 4282 3471 4338 necdum
3509 4283 3682 4337 etiam

2105 4386 2280 4434 mater
2304 4378 2464 4433 facta.
2490 4396 2508 4430 ›

418 4454 709 4524 ejusmodi,
758 4457 849 4512 cui
883 4460 1079 4515 cedere
1116 4477 1204 4517 ars
1247 4465 1461 4521 medica
1496 4469 1808 4527 videbatur.
1857 4474 1995 4530 Cum
2029 4467 2073 4522 D
2170 4471 2234 4525 ν.
2273 4469 2437 4525 Facta
2465 4476 2550 4524 est
2571 4483 2704 4524 vero
2739 4475 2914 4524 mater
2941 4465 3129 4521 divina
3152 4465 3378 4530 virtute,
3410 4472 3467 4519 et
3494 4464 3679 4520 Mace-

417 4546 555 4600 nihil
592 4547 721 4601 huic
746 4549 993 4607 curando
1020 4543 1298 4609 admotum
1324 4572 1432 4612 non
1456 4559 1647 4616 fuisset
1671 4605 1686 4629 ,
1727 4567 1995 4624 accedens

418 4634 619 4689 mulier
656 4637 903 4705 quaedam
932 4654 999 4694 ex
1030 4639 1369 4708 domesticis,
1413 4644 1539 4701 facti
1570 4664 1600 4702 a
1628 4648 1791 4705 Petro
1822 4653 1993 4707 mira-

415 4725 528 4814 culi
566 4728 899 4784 mentionem
941 4730 1071 4787 fecit
1100 4750 1113 4786 :
1150 4732 1362 4788 audivit
1389 4736 1519 4792 hera
1543 4779 1557 4801 ,
1589 4739 1991 4814 confestimque

413 4813 483 4869 ad
516 4815 765 4873 divinum
806 4819 1087 4879 hominem
1131 4838 1191 4879 se
1231 4826 1486 4882 contulit.
1518 4827 1769 4887 Habebat
1802 4813 1987 4893 autem

414 4904 507 4961 illa
537 4905 685 4960 circa
724 4921 784 4962 se
806 4916 861 4963 et
880 4909 1122 4979 inaures,
1144 4921 1201 4968 et
1226 4915 1473 4982 monilia,
1513 4925 1569 4972 et
1595 4919 1700 4974 alia
1730 4936 1798 4976 ex
1824 4937 1981 4993 auro,

412 5000 470 5047 et
511 5001 718 5049 vestem
763 4996 969 5051 variam
1000 5016 1068 5054 ex
1097 5002 1290 5058 sericis
1322 5002 1431 5061 filis
1463 5015 1773 5065 contextam
1804 5028 1818 5065 :
1850 5027 1989 5069 non-

411 5083 543 5139 dum
565 5086 715 5140 enim
743 5088 1131 5158 perfectiorem
1152 5093 1414 5151 virtutem
1438 5097 1775 5170 degustarat,
1803 5110 1859 5160 et
1884 5105 1985 5162 ﬂos

409 5184 533 5231 erat
555 5179 754 5247 aetatis,
787 5180 1202 5253 juventutisque
1230 5196 1427 5243 ornatu
1452 5188 1855 5251 delectabatur.
1890 5196 1985 5253 Di-

409 5264 598 5321 vinum
636 5284 770 5340 ergo
816 5281 982 5341 caput
1024 5272 1141 5328 haec
1186 5275 1428 5342 intuens,
1470 5278 1656 5336 nimiae
1701 5283 1985 5355 elegantiae

408 5356 644 5426 primum
667 5361 1046 5433 aegritudinem
1071 5367 1301 5435 sanavit,
1324 5368 1380 5426 in
1404 5369 1554 5426 hunc
1579 5370 1725 5429 illam
1757 5377 1981 5434 modum

2100 4561 2247 4617 donii
2289 4569 2487 4618 ascetae
2521 4560 2849 4617 sanctissimi
2887 4559 3170 4630 precibus,
3203 4557 3350 4628 quod
3381 4558 3457 4612 ita
3491 4557 3679 4613 Theo-

2099 4656 2327 4711 doretus
2348 4654 2538 4719 refert,
2570 4660 2695 4724 post
2715 4667 2890 4708 annos
2910 4650 3176 4707 tredecim
3196 4648 3453 4720 conjugii.
3489 4667 3507 4697 ι
3539 4648 3680 4704 Nec-

2097 4746 2229 4802 dum
2254 4747 2458 4801 liberos
2483 4744 2855 4817 susceperat‘,
2892 4751 3085 4799 natura
3100 4742 3309 4798 scilicet
3324 4740 3676 4812 prohibente,

2096 4854 2167 4894 ne
2188 4838 2429 4895 fructum
2455 4838 2655 4904 ferret;
2684 4852 2806 4907 qua:
2829 4851 2920 4892 res
2949 4835 3123 4906 ipsam
3150 4833 3371 4905 quidem
3400 4831 3543 4887 male
3576 4831 3677 4887 ad-

2094 4929 2319 4985 modum
2356 4945 2466 4984 non
2494 4928 2756 4996 habebat,
2777 4927 2833 4982 in
2861 4926 3066 4982 divinis
3082 4925 3228 4980 enim
3252 4924 3470 4981 erudita
3494 4924 3548 4979 id
3570 4938 3670 4978 ex-

2093 5021 2281 5092 pedire
2308 5020 2569 5076 credebat
2597 5039 2610 5074 :
2641 5029 2856 5091 patrem
2888 5035 3021 5075 vero
3045 5034 3227 5074 meum
3258 5018 3470 5075 orbitas
3496 5018 3693 5086 vehes,

2091 5123 2308 5170 menter
2351 5112 2619 5184 angebat,
2668 5120 2726 5167 et
2769 5125 3220 5181 quoquoversum
3261 5110 3527 5166 oberrans
3568 5108 3671 5166 Dei

2088 5220 2281 5260 servos
2304 5204 2517 5268 orabat,
2540 5210 2602 5261 ut
2623 5202 2728 5257 sibi
2748 5201 2953 5257 liberos
2973 5216 3001 5256 a
3028 5201 3141 5258 Deo
3159 5200 3525 5273 postularent.
3556 5199 3668 5255 Alii

2087 5305 2219 5361 ergo
2248 5298 2303 5343 et
2337 5297 2592 5344 oraturos
2617 5303 2677 5344 se
2710 5287 3128 5360 promittebant,
3150 5296 3207 5344 et
3236 5297 3296 5343 ut
3322 5288 3376 5342 in
3401 5287 3496 5343 Dei
3522 5298 3664 5343 nutu

2086 5380 2480 5451 acquiesceret,
2522 5380 2908 5436 hortabantur.
2953 5379 3024 5435 At
3062 5381 3148 5435 vir
3177 5380 3399 5435 divinus
3434 5386 3490 5434 et
3521 5380 3666 5449 peti-

1726 5535 2038 5600 SCHULle
2076 5541 2304 5599 ΝΟΤτΕ.

480 5647 843 5755 ’.ιςςδξτξξξίν
880 5664 998 5714 θεεί-
1041 5658 1346 5720 Pleniorcm
1397 5671 1766 5728 narrationem
1818 5675 1942 5734 vide
1994 5697 2179 5755 supra,
2217 5690 2257 5736 t.
2291 5682 2379 5747 lll,
2415 5699 2465 5752 p.
2507 5682 2636 5739 “88
2672 5696 2785 5753 seq.
2861 5681 2880 5711 ⁸
2912 5680 3307 5747 Necdum,caet.
3337 5679 3469 5734 Vide
3503 5678 3538 5732 l.
3581 5691 3612 5732 c
3644 5721 3657 5745 ,

406 5732 460 5790 p.
520 5717 649 5773 l2l3
701 5735 816 5791 seq.
