3950 6226
226 335 288 400 93
651 371 654 373 λ
1396 352 1764 412 HISTORIA
1803 353 2310 418 THEODOBETI.‘
3403 343 3472 420 9t

225 449 344 504 tioni
366 449 570 520 liquido
592 455 819 521 annuit,
851 464 908 510 et
934 455 1100 511 ﬁlium
1125 473 1292 512 unum
1317 461 1386 516 ab
1412 463 1792 519 universorum
1829 470 1867 522 Α
1970 463 2157 534 Neque
2177 466 2442 524 hactenus
2459 467 2706 521 constitit
2727 467 2995 538 singulare
3013 467 3108 520 Dei
3126 466 3470 522 beneﬁcium.

225 553 429 599 auctore
457 553 825 614 accepturum
855 549 1138 617 ppllicitus
1167 561 1270 608 est.
1297 555 1422 608 Post
1457 563 1567 610 tres
1597 571 1790 621 annos,

1898 555 2031 610 Nam
2058 567 2233 611 mater
2268 573 2461 612 recens
2494 575 2524 612 a
2558 567 2719 628 partu
2753 561 2768 578 ⁶
2800 559 2950 613 letali
2980 557 3172 613 morbo
3207 559 3473 614 exstincta

226 650 338 691 cum
368 635 570 690 exitum
610 639 916 706 promissio
946 645 1137 698 sortita
1169 660 1281 699 non
1309 656 1474 713 esset,
1507 647 1669 702 rediit
1697 649 1796 702 ite-
1877 658 2060 710 «esset,
2086 649 2447 718 periissetque
2471 648 2818 703 Tbeodoreto
2843 665 3096 716 magnum
3122 649 3190 703 ad
3215 650 3474 703 virtutem

227 741 336 779 rum
365 736 515 794 pater
550 729 824 795 promissa
866 747 1179 801 reposcens.
1208 735 1299 789 llle
1323 753 1453 790 vero
1478 738 1616 791 mitti
1644 740 1710 792 ad
1736 755 1793 794 se

227 819 698 888 conjugcmjussit.
735 822 952 877 Etcum
987 825 1202 881 adesset
1225 838 1420 894 mater,
1457 829 1595 883 dixit
1619 830 1670 884 ei
1708 830 1792 883 vir

225 908 450 973 divinus,
489 920 544 964 et
587 912 895 980 petiturum
939 932 1018 981 se,
1047 925 1102 971 et
1136 918 1284 972 illam
1335 920 1506 975 ﬁlium
1537 930 1795 991 acceptu-

225 1015 331 1053 ram
364 1018 378 1053 :
410 1001 506 1055 sed
544 1002 697 1058 bunc
729 1004 988 1062 donatori
1033 1009 1187 1063 reddi
1234 1021 1512 1080 oportere.
1541 1013 1791 1082 Cumque

225 1106 375 1144 unam
421 1091 527 1145 sibi
570 1094 769 1149 animae
831 1097 1061 1151 salutem
1101 1100 1473 1172 gebenmeque
1511 1103 1792 1158 liberatio-

222 1197 338 1236 nem
367 1183 422 1237 in
466 1184 612 1238 votis
643 1201 766 1240 esse
794 1199 972 1242 mater
1002 1190 1360 1259 responderet
1387 1211 1398 1246 :
1426 1193 1670 1264 Insuper,
1701 1196 1790 1249 in-

221 1274 348 1343 quit,
385 1285 433 1327 et
472 1275 652 1342 ﬁlium
697 1278 844 1332 dabit
884 1282 1160 1350 muniﬁcus
1210 1283 1430 1354 largitor
1467 1303 1484 1339 :
1523 1287 1586 1339 iis
1627 1290 1786 1351 enim,

219 1367 301 1434 qui
327 1368 527 1420 sincere
557 1377 763 1438 petunt,
810 1373 866 1425 in
901 1373 1120 1444 duplum
1153 1385 1337 1446 erogat
1371 1377 1638 1445 beneﬁcia.
1680 1381 1787 1434 Re-

218 1471 366 1512 versa
401 1459 532 1514 hinc
562 1469 739 1515 mater
767 1466 1149 1533 promissionis
1181 1467 1622 1524 benedictionem
1648 1472 1790 1527 refe-

218 1564 354 1614 rens,
379 1561 584 1620 quarto
607 1564 734 1624 post
762 1571 952 1611 mense
981 1573 1142 1627 quam
1170 1560 1519 1628 promiserat,
1548 1561 1788 1631 concipit

214 1653 266 1697 et
288 1652 504 1699 uterum
534 1647 697 1717 gerit,
728 1649 982 1720 reditque
1009 1651 1076 1706 ad
1104 1652 1278 1706 virum
1306 1653 1425 1719 Dei,
1449 1653 1787 1710 benedictio-

213 1735 294 1788 nis
310 1737 584 1792 seminum
614 1741 930 1811 manipulos
962 1743 1280 1801 ostendens.
1316 1764 1335 1796 ι

273 1826 356 1879 Vl.
397 1827 746 1899 Conceptum
787 1833 1052 1890 miraculo
1099 1835 1301 1901 fetum,
1344 1854 1414 1894 ne
1457 1839 1786 1897 immaturus

213 1916 607 1985 effunderetur,
644 1924 998 1979 retinuerunt
1039 1927 1142 1981 viri
1184 1931 1358 1984 sancti
1397 1946 1610 2000 preces.
1649 1933 1785 1987 Nam

219 2031 235 2063 1
266 2013 456 2081 quinto
481 2029 610 2083 post
639 2018 1060 2086 conceptionem
1090 2035 1301 2084 mense,
1327 2021 1504 2092 inquit
1532 2024 1787 2079 Theodo-

214 2113 350 2158 retus
381 2106 425 2169 ⁵,
460 2115 641 2161 mater
672 2109 727 2161 in
750 2108 1045 2163 discrimen
1069 2111 1375 2166 abortionis
1401 2114 1567 2178 venit,
1602 2125 1658 2170 et
1686 2117 1786 2170 ite-

212 2211 322 2250 rum
353 2197 527 2263 misit,
565 2199 695 2268 quia
730 2199 809 2254 ire
842 2202 1012 2270 ipsam
1047 2204 1274 2258 morbus
1297 2207 1538 2269 velabat,
1580 2207 1645 2260 ad
1681 2223 1782 2261 no-

211 2303 323 2342 vum
348 2306 514 2344 suum
537 2292 1178 2364 Elisreum,suggeritque
1199 2312 1255 2351 se
1274 2307 1502 2353 matrem
1530 2298 1647 2353 ﬁeri
1673 2315 1782 2354 non

208 2391 433 2451 optasse,
470 2384 748 2453 simulque
772 2385 842 2438 ab
862 2400 930 2438 eo
953 2387 1220 2454 promissa
1245 2398 1464 2444 revocat
1495 2391 1547 2444 in
1571 2407 1782 2445 memo-

208 2474 354 2527 riam.
397 2474 495 2529 Ille
528 2491 662 2530 vero
695 2476 1004 2531 venientem
1031 2481 1220 2547 procul
1265 2480 1513 2545 intuitus,
1549 2493 1605 2537 et
1635 2484 1780 2537 illam

207 2566 437 2636 agnovit,
476 2576 537 2620 et
582 2567 743 2638 138
778 2583 998 2622 causam
1038 2570 1382 2639 significavit.
1415 2573 1589 2628 Noctu
1633 2575 1781 2630 enim

206 2658 461 2712 Dominus
512 2657 592 2710 illi
633 2668 689 2712 et
722 2659 980 2714 morbum
1007 2668 1062 2714 et
1094 2662 1323 2715 salutem
1357 2663 1643 2719 indicarat.
1677 2665 1782 2721 As-

205 2761 416 2818 sumpto
446 2750 620 2820 igitur
660 2751 858 2806 baculo
886 2751 1107 2808 innixus
1136 2753 1291 2815 abiit,
1323 2754 1658 2826 domumque
1695 2756 1782 2811 in-

205 2856 438 2909 gressus,
473 2851 535 2895 et
554 2843 724 2911 pacis,
750 2851 811 2896 ut
827 2843 1057 2909 solebat,
1079 2845 1406 2900 salutatione
1428 2846 1555 2901 data
1580 2847 1778 2914 :Bono,

206 2929 398 2998 inquit,
426 2932 501 2984 sis
533 2933 735 2996 animo,
761 2949 852 3006 nec
876 2933 1096 2988 timeas:
1123 2951 1285 3005 neque
1301 2937 1437 2989 enim
1459 2937 1656 2990 donum.
1681 2955 1779 2990 au-

207 3019 343 3087 feret,
385 3023 476 3091 qui
517 3022 680 3087 dedit,
720 3025 821 3078 nisi
855 3032 912 3076 tu
944 3027 1076 3079 inita
1108 3034 1264 3096 pacta
1303 3026 1536 3081 violaria.
1577 3028 1783 3082 Promi-

1815 1803 1862 1862 B

1896 738 2308 793 incitamentum
2357 756 2422 795 ac
2480 741 2832 810 exemplum,
2887 741 2991 795 nisi
3047 740 3195 795 Petri
3257 740 3470 803 iisdem,

1894 831 2094 900 quibus
2131 833 2198 885 ad
2231 833 2399 886 Deum
2441 848 2707 887 conversa
2731 841 2868 896 erat,
2895 833 3150 902 precibus
3180 833 3471 886 sanitatem

1895 935 2292 992 recuperasset.
2325 923 2645 977 Miraculum
2669 925 3048 979 Tlteodoretus
3072 924 3143 977 ita
3167 923 3467 978 describit:
3523 965 3528 973 η

1901 1032 1918 1064 1
1953 1014 2326 1068 Decumbebat
2355 1015 2374 1046 ⁷
2405 1024 2580 1068 mater
2611 1031 2728 1069 mea
2765 1024 2886 1085 post
2921 1024 3135 1084 partum
3163 1055 3176 1078 ,
3221 1014 3468 1077 medicis,

1891 1112 1952 1167 ut
1982 1103 2186 1167 ferunt,
2216 1103 2657 1173 desperantibus,
2702 1105 3014 1174 lugentibus
3045 1104 3381 1166 domesticis,
3417 1110 3472 1156 et

1891 1195 2100 1249 obitum
2143 1196 2604 1266 praestolantibus,
2649 1196 2849 1250 clausis
2893 1196 3066 1250 oculis
3108 1210 3300 1265 magna
3342 1211 3469 1249 cum

1890 1286 2044 1341 febre
2071 1286 2409 1350 conﬁictans,
2450 1287 2801 1341 familiarium
2836 1287 3110 1340 neminem
3144 1301 3466 1356 agnoscens.

1890 1380 1959 1434 Ut
1981 1389 2162 1432 autem
2199 1379 2420 1433 advenit
2445 1379 2555 1443 ille,
2579 1379 2670 1449 qui
2701 1378 3059 1448 apostolicnrn
3082 1392 3278 1430 nomen
3311 1391 3469 1446 gere-

1889 1469 1983 1525 bat
2013 1478 2067 1523 et
2093 1469 2320 1540 gratiam
2341 1511 2354 1534 ,
2382 1478 2456 1533 et,
2489 1469 2604 1523 Pax
2635 1471 2744 1532 tibi,
2785 1468 2926 1537 lilia,
2967 1468 3103 1522 dixit
3139 1468 3276 1538 (haec
3317 1468 3467 1520 enim

1889 1563 2008 1630 ejus
2040 1569 2160 1615 erat
2186 1560 2491 1630 salutatio),
2536 1561 2828 1615 confestim
2875 1560 3163 1630 palpebras
3192 1574 3467 1613 reserasse

1889 1651 2112 1716 dicitur,
2138 1662 2194 1707 et
2218 1653 2272 1706 in
2295 1652 2447 1707 illum
2469 1652 2588 1708 ﬁxis
2606 1653 2781 1707 oculis
2806 1653 3103 1722 aspexisse,
3129 1649 3470 1707 benedictio-

1889 1741 2084 1812 nisque
2105 1742 2341 1798 fructum
2372 1744 2697 1814 postulasse.
2728 1743 3022 1812 Postquam
3051 1743 3283 1798 ululavit
3313 1741 3469 1795 ternio

1892 1850 2087 1888 narum
2120 1835 2322 1891 chorus
2354 1836 2532 1906 (mista
2563 1835 2710 1890 enim
2741 1852 2866 1890 cum
2900 1835 3090 1890 dolore
3125 1834 3293 1889 animi
3325 1833 3464 1888 11ηιὶ-

1895 1928 1967 1981 tia
2022 1927 2316 1983 clamorem
2379 1929 2534 1982 illum
2598 1930 3000 1998 expresserat),
3065 1926 3328 1998 praecepit
3381 1926 3466 1980 vir

1890 2019 2130 2081 divinus,
2166 2028 2226 2073 ut
2269 2029 2490 2074 orarent
2533 2036 2656 2074 cum
2704 2021 2822 2090 ipso
2866 2021 3155 2074 universae.
3187 2019 3280 2073 Sic
3315 2017 3464 2072 enim

1889 2113 2120 2166 salutem
2159 2112 2432 2180 recepisse
2471 2112 2689 2166 dicebat
2727 2111 3038 2173 Tabitham,
3068 2109 3250 2162 viduis
3284 2109 3462 2178 lacry-

1888 2204 2189 2268 mantibus,
2232 2211 2289 2257 et
2331 2219 2526 2272 magno
2560 2204 2723 2258 Petro
2767 2204 2982 2257 illarum
3033 2203 3146 2256 Deo
3196 2202 3464 2271 lacrymas

1893 2296 2053 2365 139
2073 2296 2360 2350 oll'erente.
2388 2295 2631 2350 Orarunt
2655 2303 2717 2348 ut
2736 2297 2995 2366 jusserat,
3018 2302 3075 2348 et
3096 2291 3305 2362 adeptae
3336 2300 3461 2346 sunt

1888 2397 1950 2442 ut
1993 2387 2259 2457 prmdixit.
2306 2388 2483 2442 Finita
2527 2390 2673 2444 enim
2723 2390 2991 2451 oratione,
3035 2388 3199 2441 ﬁnem
3243 2402 3464 2455 quoque

1886 2479 2111 2533 morbus
2148 2480 2392 2550 accepit,
2430 2480 2707 2550 sudorque
2746 2497 2872 2536 mox
2907 2480 3146 2548 undique
3184 2476 3464 2548 proﬂuens

1887 2571 2140 2628 ardorem
2169 2572 2320 2625 illum
2348 2573 2626 2626 exstinxit.
2660 2591 2702 2622 »ν

1956 2665 2214 2734 Ejusdem
2238 2665 2381 2718 Petri
2411 2680 2546 2718 zona
2570 2681 2680 2719 non
2707 2664 2874 2719 semel
2897 2679 2928 2718 a
2951 2664 3145 2719 morbo
3172 2681 3270 2734 per
3294 2662 3461 2717 mira-

1886 2755 2068 2810 culum
2101 2755 2479 2810 Theodoretus
2520 2756 2636 2825 ipse
2675 2756 2888 2810 solutus
2917 2763 3018 2810 est.
3063 2774 3081 2806 1
3114 2756 3286 2825 llnjus
3321 2769 3462 2824 ψιθ-

1886 2861 1992 2915 que
2018 2844 2061 2910 ⁸,
2084 2846 2279 2914 inquit,
2305 2847 2445 2899 sicut
2466 2847 2768 2900 beatissimi
2797 2847 2946 2899 Pauli
2977 2847 3301 2902 vestimenta
3330 2860 3460 2914 ope-

1887 2937 2169 2990 rabantur.
2196 2937 2330 2991 Nam
2354 2953 2491 2990 zona
2519 2953 2611 2991 sua
2636 2937 2888 2992 bifariam
2913 2937 3108 3001 divisa,
3127 2938 3234 2992 lata
3260 2937 3462 3006 quippe

1886 3037 1941 3083 et
1971 3029 2131 3098 longa
2161 3036 2302 3092 erat,
2349 3043 2538 3082 crasso
2581 3045 2646 3082 ex
2698 3030 2811 3083 lino
2853 3037 3127 3090 contexta,
3167 3038 3322 3097 parte
3353 3043 3462 3081 una

205 3115 311 3167 sisti
360 3131 552 3184 nempe
599 3115 930 3169 reddituram
965 3125 1014 3170 te
1065 3117 1203 3187 quod
1239 3117 1470 3182 dabitur,
1508 3119 1783 3190 divinaque
1812 3144 1853 3200 ρ
1889 3136 2046 3175 renes
2084 3135 2214 3174 suos
2244 3120 2444 3183 cinxit,
2479 3120 2649 3174 altera
2682 3135 2854 3172 meos.
2892 3117 3045 3172 Hanc
3074 3128 3249 3172 mater
3286 3135 3461 3189 regre-

208 3205 437 3274 obsequio
495 3215 954 3260 consecraturam.
1007 3207 1097 3262 Sic
1148 3217 1203 3263 et
1257 3224 1394 3276 ego,
1458 3209 1534 3262 ait
1589 3219 1781 3276 mater,

207 3310 389 3360 parere
416 3295 547 3348 volo
571 3304 629 3350 et
656 3303 807 3364 opto.
846 3296 1118 3350 Potiorem
1152 3297 1295 3351 enim
1327 3298 1634 3351 abortivum
1662 3315 1786 3368 par-

210 3396 311 3441 tum
345 3388 626 3453 duxerim,
662 3404 826 3458 quam
861 3389 1092 3443 alienam
1121 3388 1212 3442 ﬁlii
1238 3389 1636 3444 educationem.
1661 3391 1785 3445 Bibe

208 3479 378 3547 igitur,
403 3481 592 3549 inquit
625 3479 714 3533 vir
749 3480 990 3544 divinus,
1017 3482 1151 3535 hanc
1173 3498 1389 3551 aquam,
1418 3489 1465 3534 et
1488 3484 1678 3536 senties
1703 3483 1784 3536 di-

210 3573 372 3625 vinum
411 3570 701 3625 auxilium.
747 3571 891 3625 Bibit
929 3569 1021 3624 illa
1065 3579 1125 3626 ut
1161 3572 1422 3642 jusserat,
1463 3580 1518 3626 et
1555 3571 1782 3629 abortus

210 3661 504 3730 periculum
540 3661 830 3715 abscessit.
873 3678 892 3712 1

271 3753 379 3807 VII.
405 3754 592 3822 Atque
616 3753 732 3806 haec
757 3767 923 3807 causa
948 3751 1070 3816 fuit,
1101 3767 1200 3807 cur
1224 3752 1554 3806 Theodoreti
1581 3768 1780 3808 nomen

211 3860 322 3898 cum
368 3853 722 3908 nasceretur,
763 3844 1074 3913 acceperit,
1125 3845 1279 3913 quasi
1315 3843 1549 3900 donatus
1598 3861 1629 3898 a
1669 3847 1781 3902 Deo

213 3937 546 4005 parentibus,
583 3945 642 3990 et
678 3952 709 3992 a
744 3936 1067 4006 parentibus
1096 3937 1335 3991 vicissim
1373 3937 1593 3992 oblatus
1645 3938 1778 4002 Deo,

211 4030 289 4082 cui
308 4030 550 4084 serviret
581 4028 639 4082 in
669 4028 1025 4088 monasterio,
1057 4028 1150 4082 ubi
1178 4029 1412 4098 primum
1439 4045 1538 4098 per
1564 4038 1781 4084 :etatem

208 4119 388 4175 liceret
419 4139 434 4174 :
476 4121 585 4175 hoc
623 4120 771 4176 enim
815 4120 999 4174 fuerat
1031 4129 1320 4190 parentum
1357 4122 1781 4190 supplicantium

207 4219 406 4275 votum,
445 4210 565 4264 haec
589 4218 902 4264 sanctorum
927 4209 1333 4279 deprecantium
1355 4209 1462 4263 lex.

271 4300 402 4356 Vill.
459 4302 618 4356 Hanc
665 4300 931 4356 nascendi
988 4301 1359 4355 conditionem
1405 4301 1776 4368 Theodoreto,

207 4402 490 4462 postquam
529 4393 816 4455 crevisset,
858 4393 1149 4452 revocabat
1188 4395 1240 4446 in
1272 4403 1510 4448 mentem
1535 4394 1782 4450 Macedo-

1890 3210 2022 3264 tanti
2049 3209 2183 3263 mihi
2218 3225 2359 3278 saepe
2394 3209 2702 3278 imponens,
2733 3224 2873 3279 saepe
2902 3209 3066 3263 etiam
3102 3209 3267 3279 patri,
3311 3225 3462 3263 mor-

1887 3301 2017 3356 bum
2035 3301 2265 3370 depulit,
2289 3301 2595 3370 eodemque
2619 3300 2686 3355 ad
2707 3302 2996 3356 sanitatem
3018 3301 3136 3370 ipsa
3156 3300 3320 3355 etiam
3342 3317 3466 3372 per-

1886 3407 2030 3461 smpe
2060 3406 2158 3446 usa
2184 3398 2270 3446 est
2302 3391 2570 3446 remedio.
2608 3409 2626 3442 ι

1958 3484 2133 3554 Atque
2162 3484 2278 3539 haec
2303 3498 2465 3540 causa
2494 3485 2720 3547 exstitit,
2755 3500 2856 3540 cur
2881 3485 2971 3555 pia
3000 3495 3177 3542 mater
3201 3485 3464 3540 infantem

1885 3573 2100 3629 deferre
2123 3574 2284 3628 solita
2310 3583 2457 3629 esset
2485 3573 2552 3628 ad
2575 3573 2916 3643 spiritualem
2941 3576 3176 3640 Patrem,
3211 3584 3271 3630 ut
3300 3590 3328 3628 a
3354 3588 3464 3643 quo

1882 3667 2052 3722 vitam
2085 3666 2200 3735 ipsa
2233 3665 2398 3719 animi
2426 3666 2785 3734 corporisque
2825 3675 3133 3737 acceperat,
3165 3666 3234 3721 ab
3263 3682 3330 3720 eo
3371 3665 3465 3718 be-

1883 3758 2127 3813 nedictio
2157 3757 2296 3828 proli
2334 3757 2388 3810 in
2418 3757 2538 3812 dies
2564 3759 2836 3813 crescenti
2866 3758 3258 3828 impertirctur.
3292 3756 3462 3811 1111111-

1885 3849 2039 3905 tabat
2074 3849 2160 3902 vir
2198 3849 2288 3902 ille
2323 3847 2666 3902 admirabilis
2697 3863 2809 3903 non
2847 3849 3040 3918 procul
3074 3849 3367 3904 Antiochia
3406 3848 3462 3902 in

1883 3940 2159 4010 sepulcro,
2183 3939 2502 4008 solebatque
2520 3954 2688 3994 senex
2708 3941 2947 4010 Optimus
2968 3940 3294 3995 infantulum
3317 3955 3462 3994 com-

1882 4031 2046 4102 plecti
2073 4031 2216 4095 sinu,
2245 4030 2512 4099 donisque
2541 4029 2755 4085 allicere
2775 4032 2920 4086 aetati
2949 4032 3228 4103 congruis,
3261 4030 3462 4100 quibus

1885 4125 2062 4195 ipsum
2099 4125 2201 4179 sibi
2227 4133 2390 4194 atque
2424 4123 2614 4193 pietati
2640 4123 2980 4180 conciliaret.

1954 4215 2100 4270 Idem
2133 4215 2421 4284 praestabat
2466 4215 2751 4284 stupenda.-
2779 4215 2916 4269 alter
2941 4215 3244 4268 sanctitatis
3269 4227 3458 4267 mena-

1883 4309 2020 4363 chus
2045 4307 2351 4376 Aphraates
2388 4307 2499 4370 ille,
2554 4307 2649 4376 qui
2688 4307 2823 4360 cella
2862 4306 3138 4376 quondam
3185 4319 3458 4374 egressus,

1883 4397 2097 4454 Valenti
2137 4399 2158 4429 ⁹
2196 4397 2512 4466 imperatori
2573 4398 2753 4467 palam
2801 4397 3039 4450 haeresin
3089 4405 3145 4450 et
3200 4395 3461 4449 Ecclesiae

208 4485 343 4549 nius,
374 4486 653 4554 simulque
681 4487 809 4539 vita:
833 4485 1075 4541 sanctius
1106 4486 1452 4540 instituenda:
1480 4487 1779 4540 necessita-
1815 4479 1856 4533 ο
1886 4489 2090 4545 Christi
2119 4487 2555 4558 persecutionem
2585 4487 2808 4557 objecit.
2840 4487 2975 4540 Nam
3005 4486 3295 4556 parvulum
3329 4486 3369 4516 ¹⁰
3393 4485 3460 4539 ad

210 4587 326 4631 tem.
370 4597 390 4629 r
423 4578 613 4631 Multis
641 4578 683 4641 ⁸,
719 4577 1022 4648 inquiebat,
1051 4593 1175 4631 cum
1209 4578 1511 4643 laboribus,
1551 4579 1645 4644 ﬁli,
1683 4596 1779 4634 na-

209 4679 288 4724 tus
309 4686 390 4732 es,
409 4671 618 4724 multas
637 4677 692 4723 et
715 4670 831 4739 ipse
849 4679 1040 4724 noctes
1060 4669 1211 4733 duxi,
1237 4669 1340 4724 hoc
1360 4685 1530 4724 unum
1551 4686 1782 4741 poscens

207 4778 234 4815 a
259 4764 389 4827 Deo,
421 4771 486 4818 ut
506 4771 769 4832 parentes
798 4760 879 4814 tui
914 4761 1020 4816 hoc
1046 4761 1260 4826 fierent,
1287 4763 1432 4831 quod
1461 4771 1510 4818 te
1531 4771 1661 4818 nato
1682 4779 1780 4834 ap-

207 4856 380 4924 pellati
428 4864 583 4910 sunt.
629 4855 859 4924 Dignam
907 4854 1074 4923 igitur
1115 4854 1400 4908 laboribus
1447 4855 1611 4908 vitam
1659 4871 1777 4925 age.

211 4948 337 5002 Ante
378 4957 600 5018 partum
643 4947 1110 5017 promissionibus
1155 4957 1505 5002 consecratus
1535 4962 1614 5002 es.
1668 4948 1781 5003 Deo

213 5052 379 5094 autem
409 5056 535 5110 qua:
577 5040 758 5094 oblata
791 5050 945 5102 sunt,
981 5039 1292 5094 veneranda
1329 5050 1457 5094 sunt
1504 5040 1778 5105 omnibus,

216 5145 351 5186 neca
374 5133 539 5202 vulgo
569 5130 969 5187 contrectanda
1004 5146 1019 5183 :
1049 5146 1218 5199 quare
1251 5139 1467 5199 oportet
1501 5140 1552 5184 te
1584 5146 1780 5200 pravos

217 5222 364 5277 animi
379 5234 564 5279 motus
579 5239 691 5278 non
707 5222 1030 5288 admittere;
1050 5221 1142 5276 sed
1167 5223 1257 5276 illa
1281 5232 1486 5277 tantum
1508 5223 1774 5288 etfacere,

219 5322 266 5366 et
290 5315 451 5384 loqui,
503 5324 560 5371 et
607 5315 880 5386 cogitare,
916 5328 1039 5389 quae
1072 5312 1291 5367 virtutis
1335 5313 1634 5384 lcgislatori
1666 5316 1779 5369 Deo

222 5403 426 5470 placent.
448 5426 466 5456 ι

1885 4599 1944 4638 se
1975 4583 2284 4637 venientem
2315 4580 2640 4635 admittebat
2669 4580 2724 4633 in
2759 4580 2974 4643 cellam,
3001 4593 3206 4646 suaque
3234 4576 3462 4630 benedia

1886 4675 2066 4730 ctione
2093 4672 2355 4727 donatum
2399 4670 2631 4724 docebat
2666 4669 2940 4738 exemplo,
2979 4675 3034 4720 et
3074 4681 3163 4719 res
3196 4665 3462 4719 humanas

1887 4767 2191 4836 despicere,
2222 4772 2278 4820 et
2315 4765 2452 4818 nihil
2491 4772 2759 4827 metuere,
2794 4777 2864 4813 ne
2901 4774 3208 4828 supremam
3237 4757 3458 4827 quidem

1886 4865 2231 4929 potestatem,
2260 4871 2386 4911 cum
2419 4871 2506 4908 res
2530 4853 2733 4908 Christi
2759 4851 2842 4920 agi
2875 4849 3196 4915 videretur;
3226 4847 3459 4903 aliorum

1886 4951 2095 5020 pariter
2141 4954 2454 5001 sanctorum
2509 4941 2894 5005 admiratione,
2936 4949 2997 4993 ut
3037 4949 3169 4994 tetas
3219 4940 3456 5003 ferebat,

1886 5041 2180 5108 verbisque
2206 5035 2602 5091 incendebatur
2626 5032 2692 5086 ad
2715 5032 2883 5086 vitam
2915 5046 2945 5085 a
2971 5032 3250 5086 communi
3279 5031 3461 5086 diver-

1889 5147 2023 5195 sam,
2060 5129 2258 5199 spiritu
2285 5142 2395 5180 non
2417 5125 2577 5178 solito
2609 5125 2895 5195 agendam.

1961 5221 2066 5274 Tot
2095 5217 2375 5287 prodigiis,
2404 5224 2595 5285 totque
2628 5227 2940 5271 sanctorum
2972 5216 3236 5285 exemplis
3260 5216 3457 5284 praelu-

1887 5314 2018 5368 dere
2043 5309 2330 5365 videbatur
2349 5307 2687 5379 providentia
2718 5306 2901 5360 divina
2918 5306 3236 5360 admirabile
3252 5304 3458 5371 aliquid

1889 5406 1944 5459 in
1967 5402 2315 5458 Tbeodorcto
2350 5400 2774 5465 ostendendum,
2817 5399 3043 5468 ipsaque
3073 5398 3248 5468 prima
3281 5396 3459 5449 Theo-

1509 5584 1815 5642 SCHL'LZII
1844 5583 2075 5641 NOTAE.

272 5728 289 5759 ⁵
312 5729 495 5800 lnqm't.
537 5727 719 5800 lbid.,
746 5741 803 5795 ρ.
1079 5723 1475 5800 ‘_Mul(is_._c:et.
1504 5727 1683 5800 \_’id.it.
1717 5727 1783 5800 111

1915 5726 2068 5781 teis.
2144 5724 2173 5800 '_
2192 5720 2704 5800 Decuntbcb-at_,‘c:et..
2731 5698 2897 5800 ista“;
2921 5735 2972 5788 p.
3002 5718 3155 5774 1191.
3232 5715 3252 5748 ι
3279 5715 3461 5790 Hujus:

213 5788 392 5872 quoque;
434 5814 555 5858 etet.
599 5788 761 5854 Ibid:
839 5796 858 5826 °
893 5793 1118 5858 Valenti,
1157 5804 1274 5849 cmi.
1305 5795 1468 5860 lbid.,
1512 5797 1674 5849 1181.
1747 5799 1787 5828 ‘°
1814 5788 1947 5852 Nam
1983 5795 2284 5868 parvulum,
2324 5799 2438 5848 etet.
2471 5789 2628 5845 lbid..
2665 5805 2716 5857 ι).
2765 5788 2915 5875 “85.
