3950 6226
467 372 542 435 93
1586 348 1968 414 GARNERII
2009 314 2508 407 DISSERTATIO
2546 342 2594 402 Ι.
3657 324 3729 386 95

467 478 647 535 doreti
668 478 838 533 Deum
866 471 1151 544 sequentis
1172 468 1484 525 rudimenta
1513 477 1768 534 magnum
1793 458 2052 516 sanctita-
2085 461 2127 518 Λ
2157 453 2367 508 animos
2405 450 2660 515 faciebat,
2695 464 2758 504 ac
2797 447 3037 503 vicissim
3064 447 3132 501 ab
3161 461 3222 501 ea
3249 441 3611 504 animabatur,
3656 437 3726 493 ad

470 572 542 627 tis
567 570 832 626 absolutae
851 565 1160 636 exemplum
1184 557 1606 632 promittebant;
1631 569 1734 608 nec
1758 553 1906 606 illam
1937 551 2049 604 for-

472 671 614 718 tasse
635 661 866 716 effectus
895 657 1195 712 frustratus
1221 659 1324 715 est,
1350 663 1528 717 neque
1555 644 1727 700 initiis
1759 659 1880 712 quae
1906 639 2044 705 dixi;

473 752 613 806 male
638 748 922 820 respondit
947 747 1090 800 finis.
1122 742 1226 797 Sed
1251 739 1397 810 quod
1425 735 1757 807 stupendum
1786 742 1890 797 est,
1917 747 2048 802 peri

472 838 644 908 plexis
675 835 1015 903 occultisque
1042 831 1217 886 modis
1245 827 1605 898 providentiae
1630 825 1715 880 vis
1741 839 1860 879 sese
1888 836 2047 876 exse-

474 929 606 992 ruit,
628 937 683 982 et
706 925 1086 980 Theodoretus
1117 936 1184 975 eo
1210 919 1387 974 deviis
1412 917 1749 973 anfractibus
1773 913 2044 986 pervenit,

473 1033 584 1088 quo
609 1015 1030 1088 przedestinante
1056 1013 1166 1067 Deo
1191 1011 1477 1081 agebatur.

1025 1145 1184 1218 140
1227 1145 1377 1200 CAP.
1420 1143 1484 1197 η.

474 1282 514 1334 1.
545 1280 890 1334 Theodoretus
921 1280 1242 1332 monasterio
1286 1277 1520 1331 traditur
1561 1278 1756 1347 pietate
1784 1285 1832 1347 _e_t
1864 1275 2047 1347 litteris

541 1350 930 1420 informandus.
992 1349 1057 1403 ll.
1088 1349 1310 1420 Animus
1339 1355 1389 1420 et
1432 1343 1724 1416 ingenium.
1784 1345 1873 1420 ΠΙ.
1908 1343 2048 1409 Quos

540 1415 748 1473 secutus
786 1421 1088 1489 magistros.
1149 1415 1503 1489 ‘IV.So§ieta_s
1539 1426 1587 1468 et
1629 1417 1906 1489 necessitas
1931 1432 2050 1489 cum

543 1489 786 1543 Nestorio
836 1485 895 1542 etv
920 1488 1146 1541 Joanne.
1223 1488 1284 1542 V.
1334 1485 1415 1538 Fit
1463 1485 1628 1538 lector
1666 1503 1696 1538 a
1730 1485 2046 1554 Porphyrio.

544 1559 632 1613 Vl.
665 1557 931 1612 Diae-onus
960 1557 1023 1611 ab
1053 1557 1379 1612 Alexandro.
1414 1555 1526 1610 VII.
1551 1554 1738 1609 Odium
1761 1555 1816 1607 in
1835 1555 2048 1608 lucreti-

543 1645 628 1682 cos
650 1629 734 1682 sui
751 1629 1019 1696 temporis.
1047 1628 1182 1682 Vill.
1211 1626 1287 1679 Fit
1312 1627 1580 1696 episcopus
1597 1623 2047 1696 Cyrensis_l_§cc_l_e-

543 1645 628 1682 cos
650 1646 732 1682 sui
751 1645 852 1682 tem
928 1645 1019 1680 ris.
1054 1645 1182 1682 vm.
1211 1645 1287 1679 ru
1312 1645 1580 1696 episcopus
1597 1645 1839 1694 μυί-(τηθίς
1865 1645 2047 1677 Laete-

543 1700 656 1753 siw.
708 1698 800 1752 1X.
841 1645 1186 1768 Eploranda
1229 1696 1460 1768 regioyis
1497 1696 1674 1764 facies.
1843 1693 2048 1768 Nobiles

544 1778 720 1821 tamen
758 1770 813 1820 in
843 1763 1199 1820 ea'monachi.
1234 1763 1326 1820 XI.
1359 1763 1462 1829 Qui
1489 1763 1612 1818 tunc
1647 1764 1934 1834 majoribus
1967 1781 2050 1817 se-

548 1839 697 1892 dibus
726 1838 1034 1892 insiderent.

883 1971 958 2022 Ab
981 1985 1111 2022 anno
1133 1970 1314 2022 Christi
1335 1971 1425 2020 395
1450 1971 1508 2020 ad
1534 1968 1639 2018 410.

541 2101 580 2155 l.
618 2099 998 2155 Theodoretus
1035 2097 1260 2152 vixdum
1309 2095 1591 2166 septennis
1625 2093 1664 2124 ”
1716 2090 2048 2146 monasterio

475 2185 708 2240 traditus
738 2194 843 2250 est,
879 2201 990 2240 non
1028 2185 1154 2240 vita:
1197 2191 1409 2238 tantum
1450 2182 1719 2252 religiosae
1757 2180 2046 2244 institutis,

473 2275 570 2329 sed
604 2275 803 2330 litteris
825 2290 1044 2345 quoque
1078 2271 1474 2328 informandus.
1508 2272 1568 2326 ln
1595 2280 1825 2340 utroque
1850 2283 2049 2339 genere

475 2367 550 2420 ita
578 2367 832 2437 profecit,
863 2376 925 2422 ut
950 2374 1007 2421 et
1039 2375 1294 2436 paternas
1316 2380 1448 2434 opes
1469 2362 1805 2434 pauperibus
1825 2361 2051 2432 largitus

475 2459 570 2522 sit,
606 2473 731 2513 cum
765 2458 1041 2514 defunctis
1062 2456 1385 2528 parentibus
1414 2454 1780 2524 amplissimas
1804 2451 2048 2522 accepis-

477 2559 582 2616 set,
624 2561 680 2606 et
714 2551 886 2606 sacris
925 2549 1277 2620 profanisque
1321 2549 1588 2603 doctrinis
1622 2563 1761 2617 pene
1795 2546 2052 2602 omnibus

479 2647 718 2694 mentem
755 2639 1149 2694 admirabiliter
1174 2638 1500 2692 excoluerit.
1546 2637 1677 2691 Inde
1717 2635 1914 2690 famam
1941 2650 2052 2688 non

479 2731 812 2786 mediocrem
859 2731 975 2786 sive
1020 2730 1362 2794 sanctitatis,
1409 2730 1524 2784 sive
1571 2727 1898 2783 eruditionis
1938 2734 2052 2781 toto

477 2821 699 2875 Oriente
729 2820 970 2890 collegit,
998 2829 1054 2874 et
1089 2821 1194 2874 hoc
1234 2820 1390 2889 quasi
1429 2818 1680 2873 tirocinio
1705 2816 1947 2870 animum
1980 2816 2049 2870 ad

479 2913 713 2966 maxima
739 2928 990 2982 quaeque,
1025 2912 1387 2983 ingenitaque
1412 2926 1524 2965 sua:
1547 2908 1850 2966 cxcelsitati
1878 2908 2049 2978 paria,

477 3005 788 3060 erudiebat.

550 3098 615 3153 Il.
653 3098 780 3153 Fuit
826 3097 974 3153 enim
1022 3099 1101 3154 illi
1143 3098 1361 3152 animus
1406 3112 1436 3151 a
1485 3102 1678 3149 natura
1719 3107 1948 3164 magnus
1996 3099 2052 3146 et

476 3190 674 3255 elatus,
716 3189 924 3245 idcirco
956 3189 1265 3260 despiciens
1314 3203 1403 3244 res
1444 3186 1719 3257 quaslibet
1761 3185 2048 3248 humanas,

477 3291 675 3352 praeter
704 3281 901 3336 famam
925 3299 939 3348 ;
962 3281 1140 3335 audax
1165 3281 1348 3335 omnia
1379 3279 1558 3333 moliri
1593 3277 1899 3347 etperpeti,
1926 3291 2050 3330 cum

478 3371 700 3441 pietatis
733 3371 946 3440 species
977 3371 1348 3441 objiceretur;
1377 3369 1639 3439 prodigus
1671 3368 2049 3437 pecuniarum,

480 3461 578 3518 sed
604 3462 656 3515 in
683 3476 973 3531 pauperes,
1001 3469 1057 3515 et
1084 3461 1336 3530 publicos
1357 3469 1643 3528 sumptus;
1670 3459 2054 3514 tenacissimus

480 3554 769 3626 propositi,
805 3563 862 3610 et
889 3569 1059 3624 prope
1088 3553 1377 3623 pertinax;
1419 3551 1784 3606 amicitiarum
1821 3551 2056 3604 incredi-

482 3644 669 3698 biliter
695 3652 980 3714 appetens,
1009 3650 1066 3698 et
1096 3657 1220 3698 cum
1243 3641 1535 3714 iunxisset,
1573 3646 1889 3696 constanter
1919 3639 2054 3694 reli-

482 3747 642 3793 nens.

552 3822 639 3876 ιιι.
673 3822 871 3877 Animo
901 3837 1000 3892 par
1029 3821 1330 3894 ingenium,
1360 3837 1528 3892 capax
1554 3835 1752 3891 nempe
1779 3833 1844 3876 ac
1873 3819 2055 3874 omni-

483 3912 589 3966 bus
648 3911 917 3966 doctrinis
973 3919 1182 3981 aptum,
1233 3909 1456 3964 avidum
1502 3907 1741 3973 sciendi,
1799 3916 1855 3962 et
1905 3905 2054 3962 felici

485 4003 763 4058 memoria:
789 4001 1117 4073 dicendique
1148 4000 1396 4056 facultati
1418 4015 1558 4070 pene
1582 3998 1908 4070 prodigiosa:
1927 4012 2057 4052 con-

479 4093 752 4163 junctum.

554 4183 636 4236 Ad
669 4183 785 4238 hac
817 4181 1105 4253 magistros
1122 4182 1306 4254 elegit,
1335 4195 1476 4252 quos
1510 4187 1856 4252 sequeretur,
1888 4180 2057 4235 totius

485 4273 636 4330 orbis
656 4288 721 4329 ea
749 4281 1069 4343 tempestate
1091 4274 1502 4338 celeberrimos,
1531 4273 1776 4328 scientiae
1801 4271 2055 4326 Theodo-

486 4379 631 4430 rum,
669 4362 996 4433 eloquentia:
1041 4362 1512 4434 Chrysostomum,
1546 4370 1837 4431 utrumque
1869 4360 2058 4416 Antio-

2150 541 2540 613 capesscndam
2565 539 2786 610 pietatis
2812 539 3230 608 perfectionem.

2219 634 2280 688 V.
2318 631 2424 688 Sed
2454 632 2651 686 accidit
2684 631 2825 685 forte
2862 639 2923 685 ut
2977 645 3041 683 ea
3079 632 3402 696 tempestate
3435 623 3491 677 in
3531 637 3728 675 mona-

2149 723 2317 780 sterio
2348 722 2611 792 degerent
2639 721 2925 777 Nestorius
2951 727 3006 773 et
3029 719 3295 782 Joannes,
3325 727 3560 784 quorum
3586 712 3728 764 alter

2147 813 2765 883 Constantinopolitanze
2797 820 3007 881 postea,
3063 811 3200 864 alter
3230 805 3588 862 Antiochenae
3627 802 3730 856 Ec-

2149 905 2330 960 clesiae
2354 904 2590 974 praefuit.
2645 902 2796 974 141
2823 901 3062 971 Uterque
3097 899 3321 955 studere
3345 895 3533 966 pietati
3567 892 3725 948 vide~

2149 997 2332 1062 batur,
2379 1005 2434 1051 et
2479 996 2659 1066 reipsa
2685 995 2869 1049 forsan
2911 993 3170 1049 studebat
3211 1009 3224 1044 :
3258 991 3354 1044 sed
3396 999 3730 1058 magnopere

2152 1095 2283 1141 tunc
2313 1087 2575 1156 temporis
2608 1085 2883 1140 referebat
2921 1083 3097 1138 videri
3135 1082 3285 1152 pium
3309 1122 3322 1146 ,
3355 1095 3479 1136 cum
3509 1077 3727 1148 opinio-

2149 1179 2237 1232 nis
2264 1192 2474 1232 merces
2498 1177 2658 1241 foret,
2681 1175 2781 1230 toti
2804 1175 3010 1246 ingenti
3037 1172 3262 1228 dioecesi
3287 1185 3521 1241 praeesse
3540 1209 3553 1231 ,
3581 1177 3637 1221 et
3660 1182 3729 1221 ex

2150 1270 2434 1324 monachis
2473 1269 2812 1339 patriarchas
2848 1267 2987 1322 fieri.
3026 1265 3162 1322 Cum
3190 1265 3279 1319 his
3318 1262 3536 1318 duobus
3574 1269 3729 1313 arcta

2149 1360 2254 1416 fuit
2283 1361 2630 1415 Theodoreto
2648 1360 2966 1422 necessitas,
2994 1372 3115 1428 quae
3135 1373 3164 1410 a
3188 1355 3450 1410 societate
3482 1352 3605 1406 vitae
3636 1366 3728 1405 re-

2149 1452 2354 1523 ligiosae
2385 1461 2587 1515 ortum,
2617 1451 3015 1507 incrementum
3039 1464 3070 1502 a
3097 1447 3292 1502 studiis
3315 1442 3727 1505 communibus,

2151 1544 2204 1598 id
2230 1554 2336 1608 est,
2356 1545 2424 1599 ab
2451 1543 2776 1600 arctissimis
2809 1557 3130 1612 magnarum
3162 1539 3468 1594 animarum
3493 1535 3733 1590 vinculis

2150 1637 2362 1707 accepit
2397 1655 2408 1691 :
2444 1653 2570 1693 cum
2596 1651 2731 1690 vero
2759 1634 3110 1704 postmodum
3144 1633 3212 1686 ab
3243 1630 3366 1685 aliis
3387 1627 3569 1683 causis
3592 1643 3730 1681 con-

2151 1729 2362 1783 firmata
2406 1737 2570 1792 esset,
2607 1741 2864 1797 magnum
2899 1724 3113 1780 Orienti
3158 1725 3369 1792 totique
3398 1718 3519 1775 orbi
3561 1718 3732 1774 Chri-

2079 1815 2120 1869 Β
2149 1823 2328 1878 stiano
2371 1822 2571 1875 malum
2622 1819 2827 1885 intulit,
2875 1819 3040 1873 unius
3083 1815 3457 1886 improbitate,
3499 1810 3735 1866 alterius

2148 1913 2410 1969 czecitate.

2219 2003 2307 2058 Vl.
2335 2003 2439 2058 Per
2473 2002 2528 2056 id
2561 2009 2776 2072 tempus
2809 2000 3208 2056 Antiochenam
3237 1998 3537 2054 Ecelesiam
3576 2013 3734 2069 rege-

2150 2095 2242 2149 bat
2267 2093 2627 2164 Porphyrius,
2659 2092 2753 2162 qui
2787 2098 2912 2160 post
2944 2089 3186 2143 Flaviani
3220 2095 3450 2142 mortem
3488 2087 3734 2141 intruse-

2149 2193 2235 2242 rat
2257 2202 2376 2241 sese
2407 2185 2566 2239 malis
2598 2184 2812 2238 artibus
2842 2181 2898 2236 in
2927 2181 3101 2236 sancti
3134 2181 3340 2235 locum.
3372 2178 3654 2232 Laudatur
3689 2178 3734 2209 ⁸³

2151 2287 2331 2333 tamen
2357 2293 2388 2332 a
2429 2276 2775 2331 Theodoreto
2805 2282 3031 2344 propter
3068 2272 3468 2342 benignitatem
3501 2280 3557 2326 et
3587 2286 3732 2339 pru-

2150 2368 2412 2432 dentiam,
2451 2367 2662 2436 fuitque
2699 2382 2762 2420 ea
2793 2365 2912 2419 laus
2953 2366 3091 2434 grati
3136 2361 3305 2416 animi
3345 2361 3732 2416 testimonium

2149 2460 2422 2530 quoddam
2453 2477 2465 2513 :
2505 2475 2630 2513 nam
2661 2459 2730 2512 ab
2762 2457 2881 2528 ipso
2910 2465 3128 2510 creatus
3150 2463 3228 2510 est
3258 2455 3452 2519 lector,
3478 2468 3605 2508 cum
3633 2470 3734 2508 an-

2151 2567 2345 2606 norum
2378 2559 2525 2605 essct
2550 2550 2773 2605 circiter
2806 2548 3024 2619 viginti.

2221 2643 2334 2699 Vll.
2358 2640 2636 2696 Successit
2659 2641 2962 2711 Porphyrio
2985 2639 3068 2692 vir
3091 2639 3250 2708 longe
3273 2636 3469 2691 melior
3486 2630 3736 2689 Alexan~

2151 2734 2269 2798 der,
2308 2741 2365 2786 ut
2397 2733 2489 2803 qui
2532 2751 2549 2782 ι
2589 2747 2793 2787 severae
2829 2731 2871 2762 ’δ
2905 2730 3028 2784 vitae
3061 2727 3375 2798 disciplina,
3421 2726 3612 2782 studio
3642 2741 3738 2778 sa-

2151 2827 2398 2896 pientiae,
2453 2833 2692 2895 egestate
2739 2822 3068 2887 voluntaria,
3115 2822 3451 2890 eloquentia,
3502 2819 3741 2887 aliisque

2152 2916 2404 2987 pluribus
2421 2915 2660 2985 Spiritus
2675 2913 2849 2969 sancti
2867 2913 3027 2968 donis
3051 2913 3345 2980 admodum
3365 2912 3682 2966 excelleret.
3713 2930 3731 2960 ι

2153 3009 2250 3063 Hic
2269 3008 2674 3062 Theodoretum
2704 3016 2928 3076 propter
2946 3005 3164 3060 virtutis
3197 3005 3359 3059 simul
3389 3013 3444 3058 et
3468 3003 3740 3058 doctrina:

2153 3098 2468 3168 opinionem
2517 3097 2808 3151 diaconum
2858 3095 3081 3150 videtur
3121 3095 3428 3158 ordinasse,
3459 3110 3582 3148 cum
3621 3095 3740 3165 jam

2153 3191 2448 3260 legitimam
2480 3199 2695 3246 aetatem
2721 3189 2954 3258 adeptus
2980 3194 3145 3242 esset.

2225 3282 2360 3339 Vill.
2391 3281 2502 3336 l‘lac
2532 3281 2800 3351 dignitate
2836 3279 3098 3349 praeditus
3135 3278 3302 3348 cmpit
3335 3293 3422 3332 res
3461 3277 3584 3331 ﬁdei
3621 3286 3740 3330 tra-

2154 3382 2305 3429 ctare
2337 3373 2393 3427 in
2425 3372 2814 3442 congressibus
2849 3387 3044 3442 magna
3075 3370 3434 3440 eloquentize,
3467 3369 3743 3424 eruditio-

2153 3467 2241 3521 nis
2276 3473 2332 3520 et
2371 3463 2680 3520 sanctitatis
2731 3463 2894 3526 fama,
2939 3479 3062 3532 qua:
3111 3462 3239 3517 inde
3301 3461 3605 3532 augebatur
3652 3461 3742 3515 vel

2154 3551 2410 3615 maxime,
2436 3550 2581 3620 quod
2606 3565 2731 3603 cum
2757 3550 3028 3620 ascriptus
3050 3559 3196 3606 esset
3218 3549 3272 3603 in
3297 3550 3526 3612 clerum,
3556 3549 3624 3603 de
3660 3549 3743 3602 ri-

2154 3655 2285 3709 gore
2311 3647 2491 3693 tamen
2523 3640 2770 3694 asceticzn
2791 3640 3096 3710 disciplinae
3128 3639 3264 3694 nihil
3298 3640 3529 3704 remisit,
3557 3656 3745 3708 neque

2155 3731 2488 3784 monasterio
2535 3733 2689 3800 prius
2725 3733 3008 3795 discessit,
3040 3748 3201 3802 quam
3245 3733 3542 3801 episcopus
3586 3748 3749 3786 (ποε-

2157 3830 2310 3876 retur
2335 3821 2412 3887 ¹⁸;
2443 3837 2754 3892 quanquam
2779 3839 2881 3878 nec
2901 3831 3016 3877 tum
3044 3823 3335 3878 asceticam
3361 3823 3530 3876 vitam
3553 3823 3747 3878 vivere

2156 3910 2341 3966 desiit.

2225 4001 2315 4057 ΙΧ.
2341 4002 2718 4073 Disputantem
2752 4004 3118 4058 formidabant
3143 4003 3406 4067 haeretici,
3430 4004 3522 4074 qui
3547 4003 3746 4058 Antio-

2157 4090 2294 4146 chia:
2343 4099 2474 4148 tunc
2524 4094 2790 4162 temporis
2817 4093 3181 4148 versabantur
3223 4092 3436 4157 Ariani,
3491 4093 3748 4148 Macedo-

2157 4185 2326 4249 niani,
2359 4185 2454 4240 sed
2487 4185 2888 4256 Apollinaristaz
2941 4201 3054 4256 prze
3099 4185 3242 4248 aliis,
3275 4195 3566 4255 propterea
3593 4188 3746 4255 quod

2156 4291 2253 4331 eos
2284 4285 2434 4332 tanto
2449 4277 2831 4332 vehementius
2848 4277 3239 4348 expugnandos
3257 4277 3502 4346 putabat,
3528 4284 3743 4346 quanto

2155 4367 2226 4423 ab
2264 4368 2395 4438 ipsis
2424 4368 2601 4438 majus
2652 4366 2778 4421 fidei
2814 4367 3121 4436 periculum
3170 4366 3418 4420 timebat.
3457 4365 3576 4420 Non
3621 4373 3746 4419 erat

485 4455 744 4518 chenum,
767 4458 786 4475 θ
805 4461 861 4508 et
879 4469 991 4508 suae
1015 4454 1213 4518 aetatis,
1261 4460 1323 4508 ut
1349 4462 1479 4507 tunc
1497 4461 1616 4507 erat
1637 4452 1842 4522 opinio,
1869 4451 2055 4506 lumen
2088 4477 2131 4532 ο
2160 4459 2482 4530 imprudens
2505 4459 2668 4514 ιίιῃοι-
2701 4477 2714 4512 ε
2744 4458 3015 4527 siquidem
3041 4473 3144 4513 nec
3173 4457 3333 4527 pauci
3374 4456 3746 4511 numeraban-

392 4585 395 4588 -
483 4546 767 4603 eximium.
795 4544 999 4599 Ambos
1024 4559 1157 4599 vero
1181 4543 1262 4599 sic
1295 4543 1350 4597 in
1381 4559 1439 4598 se
1464 4543 1757 4612 expressit,
1787 4551 1852 4596 ut
1870 4542 2053 4597 Theo-

484 4637 606 4692 dori
628 4651 844 4691 errores
867 4635 1159 4691 infeliciter
1180 4634 1525 4705 postmodum
1546 4634 1919 4706 Chrysostomi
1942 4634 2058 4689 elo-

485 4728 710 4798 quentia
731 4736 880 4784 tanto
904 4727 1290 4799 perniciosius,
1311 4735 1517 4797 quanto
1536 4724 1916 4780 admirabilius
1937 4732 2057 4780 tue-

487 4828 641 4876 retur
673 4822 737 4876 “.

555 4914 645 4969 IV.
669 4913 788 4968 Non
815 4913 962 4968 aliud
989 4913 1180 4969 saltem
1205 4911 1364 4967 initio
1389 4908 1785 4966 monasterium
1801 4907 2054 4974 incoluit,

487 5019 651 5074 quam
674 5005 822 5074 quod
855 5005 1029 5059 sancti
1054 5003 1314 5074 Euprepii
1343 5001 1648 5066 dicebatur,
1675 5015 1847 5071 prope
1868 4999 2058 5055 Antio-

487 5094 668 5150 chiam
705 5096 966 5165 positum.
1013 5095 1127 5150 Nec
1159 5095 1307 5150 enim
1345 5078 1595 5149 exercuit
1639 5107 1760 5148 sese
1799 5091 1991 5163 procul
2025 5107 2058 5147 a

489 5193 684 5250 matre,
709 5202 832 5256 qua:
863 5196 920 5242 et
955 5187 1072 5255 ipsa
1094 5186 1450 5240 monasticam
1479 5184 1647 5238 vitam
1678 5176 1920 5254 professa
1949 5193 2055 5249 est,

488 5277 760 5348 siquidem
786 5287 906 5334 erat
944 5277 1166 5333 unicum
1201 5275 1444 5346 parentis
1475 5275 1750 5339 solatium,
1793 5282 1850 5330 et
1897 5276 2057 5330 matri

2159 4559 2271 4616 tur,
2299 4565 2402 4605 nec
2421 4565 2451 4605 e
2470 4549 2629 4620 plebe
2661 4549 2797 4613 sola,
2823 4549 2914 4604 sed
2949 4549 3135 4618 plures
3161 4565 3226 4604 ex
3254 4548 3614 4619 primoribus,
3645 4548 3743 4616 qui

2161 4655 2286 4694 cum
2325 4639 2523 4708 opibus
2561 4638 2864 4708 pollerent,
2902 4645 2958 4692 et
2992 4638 3136 4709 vulgi
3175 4639 3367 4692 oculos
3403 4635 3587 4706 specie
3621 4636 3742 4704 pie-

2161 4730 2290 4786 tatis
2330 4745 2395 4784 ac
2435 4729 2700 4784 doctrina:
2725 4729 3180 4800 perstringerent,
3221 4729 3455 4783 occultis
3491 4726 3743 4796 quidem,

2162 4819 2260 4874 sed
2302 4820 2614 4875 numerosis
2657 4819 2994 4875 coitionibus
3050 4818 3339 4873 tradebant
3385 4815 3619 4871 lneresin
3675 4815 3747 4870 de

2163 4913 2346 4969 Verbo
2403 4913 2621 4978 divino,
2663 4913 2809 4983 quod
2863 4911 3064 4966 mentis
3115 4911 3368 4965 humanm
3414 4907 3630 4962 vicibus
3686 4906 3744 4961 in

2162 5003 2388 5060 Christo
2428 5004 2764 5076 fungeretur.
2797 5003 2912 5069 llla,
2937 5011 2997 5057 ut
3027 5002 3104 5067 fit,
3130 5001 3346 5056 novitas
3369 4998 3747 5068 accipiebatur

2163 5094 2383 5152 facilius
2436 5096 2504 5150 ab
2555 5096 2909 5160 hominibus,
2951 5110 3090 5164 quos
3131 5102 3186 5148 et
3237 5092 3556 5163 potentibus
3593 5105 3741 5160 spes,

2164 5195 2221 5242 et
2247 5188 2353 5258 piis
2374 5188 2587 5260 religio,
2617 5197 2672 5245 et
2697 5189 2872 5243 doctis
2907 5186 3197 5242 admiratio
3220 5183 3569 5240 conciliabat.
3603 5181 3742 5236 Alli-

2166 5277 2349 5331 ciebat
2375 5293 2592 5347 quoque
2633 5277 2875 5334 suaviter
2915 5277 3127 5334 animos
3152 5275 3312 5346 plena
3340 5273 3627 5328 luminosa:
3648 5285 3744 5325 cu-

1841 5455 2153 5512 SClIULle
2190 5454 2416 5512 NOT/E.

569 5620 609 5691 'A‘
641 5619 1161 5691 Vixdumseptennis,
1188 5629 1289 5676 etet
1338 5620 1455 5675 Viti.
1489 5621 1652 5691 epist.
1686 5620 1772 5691 8].

497 5689 622 5743 νει.
667 5688 808 5743 Eccl.
857 5690 990 5744 Hist.
1033 5689 1129 5743 lib.
1171 5708 1222 5748 ν.
1262 5707 1383 5760 cap.
1430 5691 1516 5746 35.

1852 5621 1894 5650 ”
1924 5621 2193 5674 Tueretur.
2243 5621 2356 5676 Vid.
2397 5622 2622 5691 Niceph.
2659 5621 2753 5674 lil).
2791 5637 2860 5684 tv,
2900 5635 3018 5689 cap.
3054 5621 3139 5674 54.

1625 5690 1663 5720 ¹³
1695 5689 1919 5752 Serene,
1945 5701 2063 5744 eaet.
2103 5692 2326 5746 Ibidem.

3221 5617 3261 5648 ¹⁸
3283 5616 3580 5679 Laudatur,
3614 5623 3735 5668 eaet.

2407 5695 2448 5724 ’⁵
2479 5686 2646 5756 Quam
2695 5693 2850 5762 epist.
2885 5686 3115 5756 (ἤραο
3161 5701 3406 5758 tempore
3464 5696 3518 5740 et
3577 5686 3735 5755 cujus

495 5760 762 5829 auspiciis
790 5761 891 5816 hoc
929 5762 1128 5817 factum
1168 5761 1259 5827 sit,
1305 5763 1599 5834 exponitur
1632 5761 1771 5816 intra
1815 5761 1869 5815 in
1915 5761 2044 5815 diss.
2070 5762 2122 5829 9.,
2155 5778 2271 5832 cap.
2313 5763 2359 5816 l.
