3950 6226
222 296 225 297 ί
268 288 324 352 οῖ
1238 272 1249 283 ’
1421 295 1785 358 HISTORIA
1824 296 2333 364 THEODORETI.
3427 316 3507 379 es

262 398 459 469 jusdam
484 400 775 455 charitatis
797 400 954 473 142
969 402 1142 457 forma
1164 403 1425 495 loqnendi
1439 406 1506 495 de
1520 408 1758 472 Christo,
1776 417 1831 462 et
1865 417 1901 470 Α
1996 411 2111 466 XII.
2162 415 2340 483 Atque
2369 414 2485 470 hare
2524 417 2628 472 fuit
2666 418 2831 475 facies
2860 420 3151 492 Cyrestiea:
3185 426 3497 495 provineim,

265 487 446 542 divina:
474 488 882 545 incarnationis
904 493 1150 563 mysterii
1186 494 1500 562 explanatio
1531 510 1669 565 pene
1694 496 1829 550 sub-

259 582 385 650 jecta
422 581 700 636 sensibus.
740 582 1127 639 Adhibebatur
1165 586 1311 640 enim
1359 586 1598 643 hominis
1645 603 1830 642 exem-

263 670 418 739 plum,
463 672 610 739 quod
664 672 773 727 sibi
820 674 1055 744 quisque
1085 674 1262 739 daret,
1295 677 1451 746 quasi
1484 678 1722 733 Verbum
1773 679 1829 733 id

258 772 393 817 esset
422 763 476 816 in
504 762 751 829 Christo,
788 765 939 835 quod
986 765 1041 820 in
1075 767 1236 821 nobis
1274 768 1521 824 aluimus:
1550 785 1617 824 ex
1639 786 1751 841 quo
1773 780 1829 826 et

261 852 364 921 ipsa
410 854 584 908 etiam
638 856 801 925 plebs
844 855 1139 911 videbatur
1181 858 1288 913 sibi
1347 861 1653 932 intelligere
1707 868 1826 915 stu-

257 943 482 1012 pendum
509 946 859 1016 mysterium,
889 964 1000 1017 quo
1033 949 1254 1004 Verbum
1289 966 1413 1004 caro
1445 952 1645 1021 factum
1678 962 1822 1006 esto.

316 1034 443 1089 Erat
496 1053 665 1106 porro
704 1039 1117 1109 Apollinariana
1164 1042 1388 1097 haeresis
1424 1043 1642 1099 Arianae
1691 1059 1824 1114 pro-

253 1140 401 1196 pago,
426 1143 540 1181 non
586 1132 732 1199 quod
766 1131 1009 1186 Verbum
1053 1133 1199 1187 Patri
1252 1143 1473 1204 negaret
1521 1136 1822 1205 ὁμοούσιον,

250 1217 339 1270 sed
358 1218 506 1286 quod
541 1219 723 1289 ipsum
755 1232 1032 1277 assereret
1061 1223 1115 1277 in
1136 1222 1359 1279 Christo
1385 1224 1555 1280 fuisse
1584 1242 1683 1296 pro
1705 1227 1826 1280 ani-

250 1323 350 1369 ma,
383 1324 495 1362 non
529 1324 595 1364 ea
629 1311 852 1380 quidem
882 1328 1004 1381 quze
1034 1314 1222 1377 sentit,
1260 1322 1321 1367 ut
1353 1312 1571 1370 Arianis
1598 1315 1823 1370 videba-

250 1406 351 1462 tur,
383 1399 482 1454 sed
529 1417 653 1470 quae
686 1402 964 1472 intelligit,
1000 1410 1056 1457 ct
1089 1419 1245 1458 mens
1278 1404 1497 1459 dicitur.
1535 1405 1682 1460 Nihil
1721 1407 1823 1461 hac

246 1489 499 1560 opinione
540 1492 597 1546 in
644 1493 886 1562 speciem
926 1494 1268 1563 probabilius
1317 1496 1587 1567 imperitae
1637 1497 1819 1567 plebi,

244 1581 375 1633 uihii
395 1583 768 1652 opportunius
795 1584 861 1638 ad
890 1584 1297 1654 exponendum,
1338 1587 1484 1656 quod
1515 1587 1692 1641 credit
1716 1588 1817 1643 Ec-

242 1672 403 1727 clesia
446 1672 518 1727 de
559 1688 671 1727 una
721 1673 957 1729 duarum
1013 1684 1337 1731 naturarum
1394 1676 1707 1748 hypostasi,
1751 1678 1821 1733 de

240 1764 400 1820 Ilaria
433 1767 693 1839 Deipara,
725 1768 871 1823 etde
904 1770 1018 1823 Deo
1048 1771 1101 1823 in
1123 1784 1285 1824 carne
1326 1785 1504 1839 passo.

304 1856 552 1910 Pervidit
600 1856 978 1928 intelligentiae
1013 1858 1066 1912 vi
1101 1858 1481 1917 Theodoretus
1526 1860 1819 1917 imminens

238 1945 359 2000 inde
389 1946 518 2002 lidei
543 1947 876 2017 periculum,
911 1949 1059 2018 quod
1092 1958 1154 2004 ut
1189 1950 1516 2005 amoliretur
1566 1966 1816 2022 magnam

237 2044 473 2092 mentem
509 2037 714 2093 acriter
741 2038 816 2092 ita
852 2038 1142 2095 contendit
1170 2040 1277 2096 hoc
1308 2040 1365 2094 in
1401 2040 1701 2112 obiectum,
1741 2042 1816 2098 ita

239 2129 470 2184 versavit
502 2129 692 2184 animo
732 2139 920 2200 partes
949 2145 1142 2186 omnes
1186 2133 1537 2203 argutiasque
1571 2134 1815 2200 haeresis,

236 2234 392 2288 quam
422 2222 666 2290 pessime
691 2221 909 2295 oderat,
942 2230 1005 2276 ut
1034 2222 1088 2277 id
1116 2238 1311 2292 passus
1331 2226 1424 2289 sit,
1455 2226 1602 2294 quod
1637 2226 1818 2282 solent

234 2311 371 2364 oeuli
400 2311 771 2366 vehementer
800 2312 985 2368 aﬂ‘ecti
1014 2329 1028 2366 :
1067 2313 1221 2368 visus
1245 2322 1330 2369 est
1367 2331 1565 2386 nempe
1599 2315 1704 2370 sibi
1735 2316 1816 2371 vi-

233 2400 355 2455 dere
387 2409 561 2456 totam
598 2401 778 2472 reipsa
801 2403 1077 2469 haeresim,
1111 2405 1427 2477 ubicunque
1466 2407 1551 2462 vel
1586 2407 1815 2463 minima

231 2494 439 2563 species
458 2494 774 2565 umbraque
809 2506 1146 2551 occurreret.

295 2586 361 2639 Il.
402 2584 627 2641 Interea
674 2586 910 2658 contigit
946 2586 1243 2659 Cyrensem
1285 2590 1588 2647 Ecclesiam
1627 2593 1813 2650 orbari

230 2686 471 2745 pastore.
524 2677 848 2734 Theodotus
881 2678 1124 2736 Orientis
1160 2683 1391 2740 antistes
1435 2685 1813 2756 (successerat

228 2768 315 2823 ille
357 2769 711 2842 Alexandro)
753 2780 813 2826 ut
852 2771 1032 2828 viduae
1087 2774 1442 2844 provideret,
1482 2792 1593 2833 non
1640 2778 1810 2833 alium

226 2859 640 2927 praﬁcieudum
674 2862 889 2932 putavit
918 2879 1083 2932 quam
1115 2864 1526 2921 Theodorelum
1547 2908 1561 2933 ,
1607 2869 1809 2941 quippe

227 2963 392 3002 unum
433 2949 554 3004 fere
597 2966 788 3020 parem
834 2951 1187 3023 proﬂigandis
1215 2954 1509 3023 ha'reticis,
1545 2958 1640 3028 qui
1679 2974 1809 3029 pro-

1931 518 2056 557 cum
2101 504 2483 563 Theodoretus
2525 509 2746 567 advenit
2782 529 2795 567 :
2834 530 3146 583 quanquam
3184 516 3499 574 venientem

1930 594 2230 663 solabatur,
2257 598 2402 667 quod
2433 616 2497 654 ea
2533 609 2859 672 tempestate
2897 605 2951 658 in
2981 606 3216 661 desertis
3253 607 3500 668 Orientis

1928 684 2065 739 locis
2102 684 2361 757 frequens
2385 699 2532 745 esset
2570 694 3028 749 anachoretarum
3072 698 3233 767 plane
3261 699 3502 756 admira-

1927 775 2120 831 bilium
2148 794 2258 833 non
2303 782 2598 837 mediocris
2635 785 2950 840 multitudo.
2980 786 3276 859 Cyrensem
3323 792 3504 863 regio-

1926 884 2053 923 nem
2087 870 2474 940 nobilitabant,
2511 882 2572 929 ut
2620 874 2809 931 narrat
2839 877 2956 948 ipse
2994 879 3059 947 ³⁸,
3107 881 3291 945 Maris,
3340 884 3501 940 Jaco‘

1924 962 2062 1027 bus,
2135 964 2460 1035 Lymnams,
2534 967 2802 1035 Joannes,
2858 970 3100 1042 Moyses,
3154 975 3495 1041 Antiochus,

1922 1054 2234 1121 Antonius,
2314 1058 2747 1130 Poiychronius,
2799 1063 3124 1129 Damianus,
3177 1067 3499 1138 Asclepius,

1922 1154 1979 1201 et
2042 1146 2132 1200 alii
2184 1147 2370 1217 plures
2417 1150 2828 1206 exercitationis
2894 1154 3161 1224 religiosae
3219 1171 3329 1209 non
3384 1163 3494 1210 tam

1922 1240 2192 1309 exempla,
2225 1257 2387 1310 quam
2420 1250 2694 1311 portenta.

1992 1330 2102 1386 Hos
2136 1333 2397 1387 mortales
2427 1336 2649 1405 angelos
2678 1335 2949 1391 invisehat
2987 1352 3151 1407 smpe,
3196 1345 3253 1392 et
3285 1338 3360 1393 illi
3403 1354 3493 1394 ve-

1921 1421 2164 1477 nientem
2188 1424 2538 1494 excipiebant
2566 1422 2854 1496 praesulem
2896 1427 3205 1483 incredibili
3240 1445 3496 1485 reveren-

1921 1512 1995 1567 tia
2021 1523 2075 1567 et
2098 1529 2305 1569 amore.
2343 1514 2426 1570 Ab
2467 1532 2536 1571 eo
2578 1532 2770 1588 magna
2797 1533 2921 1572 cum
2957 1518 3154 1573 fiducia
3199 1520 3491 1589 petebant,

1921 1619 2043 1674 quae
2088 1605 2202 1659 suis
2236 1606 2497 1675 precibus
2540 1606 2625 1661 vel
2678 1617 2950 1671 emerent,
2986 1609 3067 1663 vel
3107 1608 3494 1678 rependerem,

1923 1696 2230 1766 spiritualia
2269 1698 2424 1767 plura
2450 1698 2736 1754 beneﬁcia.
2766 1698 2888 1754 [lare
2923 1699 3066 1755 inter
3088 1700 3295 1754 eminet
3330 1700 3495 1755 Maris

1850 1766 1891 1820 Β
1920 1788 2247 1857 postulatio,
2272 1766 2455 1859 quam
2486 1798 2711 1861 prOpter
2740 1790 2867 1845 facti
2903 1791 3248 1845 insolentiam
3288 1790 3495 1844 referre

1912 1879 2102 1950 juvat,
2144 1888 2201 1933 et
2233 1881 2454 1950 quidem
2495 1883 2628 1952 ipsis
2675 1882 3007 1937 Theodoreti
3044 1883 3229 1937 verbis
3263 1900 3276 1936 :
3327 1901 3345 1934 ι
3378 1882 3492 1937 Νο-

1917 1976 2138 2043 naginta
2182 1983 2345 2029 natus
2397 1990 2570 2030 annos
2617 1975 2854 2030 cilicinis
2905 1975 3154 2030 vestibus
3196 1974 3490 2038 utebatur,

1915 2077 2056 2131 pane
2086 2077 2149 2116 ac
2183 2064 2295 2118 sale
2343 2063 2561 2118 modico
2588 2065 2752 2119 vitam
2780 2072 3114 2118 sustentans.
3142 2063 3278 2118 Cum
3306 2071 3489 2118 autem

1915 2151 2223 2222 spiritualis
2261 2152 2588 2224 mysticique
2633 2152 2889 2209 sacriﬁcii
2940 2151 3166 2206 videndi
3212 2151 3491 2206 desiderio

1914 2243 2178 2299 diuturno
2219 2253 2524 2312 teneretur,
2576 2253 2862 2316 rogaverat
2894 2255 2955 2300 ut
2995 2243 3109 2298 illic
3153 2242 3325 2298 divini
3356 2242 3488 2297 doni

1915 2333 2071 2390 fleret
2117 2336 2343 2391 oblatio.
2394 2337 2508 2407 Ego
2552 2352 2685 2391 vero
2716 2337 2953 2391 libenter
2999 2334 3400 2405 obtemperavi,
3432 2342 3489 2388 et

1914 2441 2069 2482 sacra
2109 2444 2238 2483 vasa
2276 2428 2464 2484 alIerri
2508 2429 2692 2499 jussi:
2735 2443 2839 2483 nec
2881 2428 3030 2482 enim
3076 2425 3271 2496 procul
3296 2424 3490 2479 aberat

1912 2517 2101 2584 locus;
2154 2519 2624 2591 diaconorumque
2663 2519 2919 2575 manibus
2963 2528 3126 2573 utens
3164 2532 3266 2587 pro
3304 2515 3484 2579 altari,

1912 2611 2202 2681 mysticum
2243 2620 2300 2666 et
2340 2612 2588 2666 divinum
2642 2626 2707 2665 ac
2744 2611 2983 2665 salutare
3018 2608 3351 2664 sacrificium
3384 2607 3486 2661 ob-

1912 2702 2034 2757 tuli.
2091 2703 2188 2758 Ille
2222 2712 2405 2757 autem
2446 2698 2723 2773 spirituali
2768 2703 3008 2757 reiectus
3046 2702 3350 2772 voluptate,
3374 2713 3486 2756 cm-

1910 2794 2024 2849 Ium
2059 2795 2237 2865 ipsum
2260 2797 2449 2850 videre
2475 2812 2533 2851 se
2556 2794 2926 2851 existimabat.
2965 2813 2984 2846 ι

1984 2886 2120 2942 XIII.
2156 2886 2238 2943 Ad
2265 2888 2567 2943 Ecclesiam
2587 2903 2655 2942 eo
2690 2887 2745 2941 in
2784 2895 2928 2942 statu
2968 2886 3203 2957 positam
3229 2882 3483 2938 Theodo-

1910 2987 2063 3034 retus
2096 2979 2330 3035 accessit
2359 2994 2505 3034 anno
2544 2977 2748 3034 Christi
2775 2977 3315 3048 quadringentesimo
3338 2976 3486 3030 vice-

227 3046 349 3142 ptcr.
376 3040 583 3150 Isidor
626 3043 887 3150 praesulis
904 3050 1065 3099 actate
1104 3045 1291 3116 gravis
1319 3046 1612 3113 incuriam,
1646 3049 1808 3105 multi
1836 3094 1876 3150 ϐ
1910 3069 2080 3135 Simo;
2129 3085 2238 3139 quo
2280 3076 2530 3141 tempore
2571 3040 2873 3124 Romanam
2929 3040 3232 3123 Ecglesiam
3265 3065 3484 3120 Bonifa_

228 3131 470 3201 variique
515 3132 824 3188 Ecclesiam
871 3134 1016 3190 hanc
1065 3136 1267 3192 misere
1312 3138 1602 3194 vexabant.
1643 3141 1809 3197 Relu—
1837 3131 1876 3150 υ
1908 3156 2029 3213 eius
2067 3131 2331 3227 ﬁgebat;
2380 3131 2806 3213 Alexandrinam
2864 3154 3131 3227 Cyrinus;
3183 3154 3481 3209 Antioche-

229 3229 460 3277 etantem
497 3222 689 3294 igitur,
727 3233 784 3279 et
818 3225 931 3294 apti
956 3225 1025 3280 ad
1057 3227 1238 3282 studia
1272 3229 1370 3283 otii
1405 3241 1680 3286 amantem
1711 3249 1808 3289 or-

228 3307 391 3375 dinat,
424 3312 717 3382 mittitque
759 3313 985 3385 Cyrum,
1023 3324 1083 3370 ut
1119 3332 1308 3387 agrum
1341 3320 1650 3384 excoleret,
1684 3337 1810 3379 sen-

229 3401 386 3466 tibus,
411 3405 431 3422 ‘
460 3403 617 3473 quod
654 3404 775 3475 ipse
797 3407 897 3471 ait,
929 3407 1168 3479 lolioque
1196 3408 1584 3468 fcedissimum.

286 3490 376 3546 XI.
426 3493 618 3548 Posita
665 3503 754 3550 est
802 3494 978 3568 Cyrus
1025 3497 1081 3552 in
1111 3513 1175 3553 ea
1214 3507 1370 3569 parte
1407 3500 1664 3572 Augusta;
1695 3501 1809 3558 Eu-

227 3580 535 3651 phratesiae,
576 3600 705 3654 qua:
746 3586 927 3658 vergit
971 3587 1039 3643 ad
1085 3589 1452 3657 occidentem,
1491 3602 1548 3648 et
1576 3595 1804 3665 propius

224 3671 426 3727 accedit
477 3672 550 3728 ad
587 3689 764 3729 mare.
806 3674 1029 3730 Nomini
1065 3676 1213 3746 quod
1259 3693 1288 3732 a
1329 3677 1471 3749 Cyro
1513 3677 1804 3737 fundatore

223 3765 497 3835 accepisse
529 3764 734 3830 fertur,
771 3780 876 3821 nec
918 3766 1213 3823 celebritas
1259 3768 1444 3833 urbis,
1469 3783 1573 3824 nec
1610 3768 1807 3840 ampli-

222 3855 343 3911 tudo
365 3856 694 3927 respondet.
720 3856 826 3923 Qui
864 3857 1014 3912 enim
1051 3867 1262 3928 posset,
1292 3859 1633 3930 importuosa
1671 3874 1803 3917 cum

220 3946 285 4002 sit
326 3956 614 4017 caputque
649 3947 895 4018 regionis
926 3964 1069 4020 quae,
1111 3957 1478 4021 praeterquam
1520 3952 1665 4022 quod
1711 3953 1803 4009 vix

219 4034 559 4108 longitudine
606 4039 932 4095 milliarium
975 4041 1368 4112 quadraginta,
1408 4059 1514 4098 nec
1559 4044 1800 4114 plurium

216 4126 500 4184 latitudine
515 4137 690 4199 patet,
715 4130 883 4186 habet
905 4151 922 4182 ι
945 4143 1159 4189 montes
1183 4133 1387 4189 multos
1403 4141 1460 4187 et
1486 4150 1712 4205 magnos
1734 4137 1797 4201 η,

215 4221 404 4287 partim
424 4221 614 4275 nudos
631 4221 879 4288 omnino,
898 4223 1098 4292 partim
1122 4225 1417 4281 arboribus
1444 4225 1527 4280 inf
1528 4227 1800 4282 ructuosis

214 4312 487 4366 consitos?
504 4331 525 4363 ι
556 4311 1047 4382 Complectebatur
1065 4323 1247 4371 tamen
1273 4315 1573 4386 Cyrestica,
1593 4317 1798 4373 mirum

215 4398 379 4466 dictu,
414 4402 576 4457 vicos
616 4403 964 4474 octingentos
992 4422 1007 4459 :
1034 4404 1172 4461 adeo
1201 4407 1419 4463 miseris
1443 4422 1542 4462 sua
1580 4423 1798 4478 quoque
1832 4437 1874 4491 ι)

216 4493 384 4559 patria
410 4493 691 4565 diligitur.
730 4495 837 4550 Tot
884 4505 1035 4552 certe
1065 4497 1440 4554 Ecclesiarum
1486 4499 1799 4555 Theodore-

217 4591 297 4637 tus
345 4584 691 4654 pastoralem
735 4600 925 4641 curam
978 4587 1086 4642 sibi
1121 4588 1415 4644 obvenisse
1455 4589 1626 4644 Leoni
1683 4589 1795 4645 Ma-

215 4676 534 4743 gnoscribit
565 4678 632 4732 ".
673 4676 809 4748 Syra
848 4677 967 4734 fere
1004 4679 1192 4751 lingua
1230 4682 1526 4737 utebantur
1565 4698 1792 4749 omnes;

214 4765 365 4831 pauci
398 4767 489 4821 vel
528 4768 588 4821 in
616 4768 757 4823 urbe
787 4767 1003 4824 Gracas
1052 4770 1280 4826 delicias
1318 4782 1606 4828 noverant.
1636 4773 1795 4828 Vicos

217 4854 393 4921 plures
425 4858 778 4927 occupabant
821 4859 978 4930 143
1007 4860 1252 4917 haeretici
1285 4863 1604 4933 multiplicis
1632 4879 1797 4933 gene-

218 4943 318 5010 ris,
360 4948 461 5003 sed
501 4948 849 5004 Marcionita
891 4950 1187 5007 maximam
1231 4962 1463 5022 partem.
1523 4953 1587 5006 Ili
1638 4968 1793 5008 suam

221 5033 571 5104 impietatem,
605 5054 716 5108 qua
738 5048 1050 5109 serpentem
1076 5057 1289 5097 aeneum
1323 5043 1598 5108 colebant,
1620 5043 1795 5098 deviis

223 5126 478 5181 montium
497 5127 727 5183 latebris
759 5128 1041 5199 tegebant,
1063 5132 1182 5186 solo
1207 5131 1505 5187 Christiani
1538 5134 1781 5198 nomine,

224 5224 407 5274 cetera
444 5220 658 5278 similes
693 5222 1009 5293 gentilibus.
1054 5224 1165 5279 Bos
1214 5225 1458 5296 regionis
1500 5226 1785 5295 asperitas,

226 5317 488 5374 pastorum
507 5313 865 5387 negligentia,
893 5322 950 5369 et
962 5324 1173 5385 egestas
1197 5331 1292 5371 sua
1321 5317 1628 5371 inaccessos
1650 5315 1784 5370 hac-

228 5405 373 5458 tenus
395 5405 612 5460 fecerat.

289 5505 314 5534 ι
336 5495 484 5553 Joan.
513 5514 553 5566 ι,
597 5499 661 5554 14

1906 3262 2033 3301 nam
2074 3246 2414 3312 Theodotus,
2451 3245 2781 3301 Theodoreti
2811 3246 3127 3311 ordinator;
3164 3244 3479 3300 Constanti-

1905 3340 2277 3408 nopolitanam
2307 3337 2544 3404 Atticus,
2570 3339 2659 3394 cui
2684 3337 2959 3394 Sisinnius
2980 3337 3264 3402 successit,
3285 3336 3480 3392 Nesto-

1905 3431 1973 3485 rii
2011 3445 2342 3501 praecessor;
2398 3431 2950 3503 Hierosolymitanam
3002 3430 3275 3500 Praylius,
3312 3429 3479 3485 Joan-

1905 3523 1994 3577 nis
2033 3537 2340 3578 successor.
2392 3522 2686 3593 Nunquam
2727 3522 2845 3578 fere
2884 3530 2969 3577 tot
3013 3520 3179 3576 simul
3229 3520 3475 3574 illustres

1904 3613 2177 3669 antistites
2237 3614 2489 3670 maximis
2535 3615 2760 3671 sedibus
2814 3602 3173 3685 praefuerunt.
3235 3610 3472 3682 Cyrillus

1903 3717 2073 3770 certe,
2105 3714 2168 3760 ut
2206 3705 2275 3761 de
2306 3706 2486 3761 tribus
2508 3706 2633 3761 aliis
2658 3706 2849 3761 sileam
2884 3704 2939 3758 in
2964 3703 3207 3758 Ecclesia
3230 3700 3473 3757 celeber-

1902 3797 2077 3862 rimis,
2112 3797 2281 3851 totius
2300 3797 2584 3853 orientalis
2614 3797 2830 3868 imperii
2856 3795 3208 3852 doctissimus
3240 3809 3303 3849 ea
3329 3802 3468 3849 tem-

1902 3897 2114 3959 pestate
2167 3888 2444 3954 audiebat,
2497 3901 2717 3958 suaeque
2761 3888 2948 3955 sedis,
3002 3901 3168 3957 quam
3214 3893 3467 3941 octavum

1895 3981 2008 4052 jam
2034 3997 2239 4035 annum
2272 3980 2511 4045 tenebat,
2550 3980 2874 4051 dignitatem
2900 3994 2965 4035 ac
2994 3979 3297 4051 primatum
3328 3976 3470 4032 fama

1900 4071 2128 4141 propria
2152 4078 2210 4126 et
2237 4071 2451 4128 meritis
2474 4069 2838 4126 sustentabat.

2445 4202 2606 4275 ιω,
2636 4202 2786 4258 CAP.
2831 4201 2923 4256 ιιι.

1899 4311 1940 4365 Ι.
1980 4309 2110 4367 Vita’
2164 4310 2370 4390 [ο-ζζηα-
2393 4312 2449 4365 in
2472 4314 2819 4390 episcopatu.
2871 4310 2936 4390 II:
2979 4310 3062 4390 A_n
3091 4310 3471 4390 innitunordi-

1971 4380 2173 4451 natus.’
2210 4381 2298 4434 III.
2340 4380 2537 4451 Implet
2594 4380 2771 4450 ofﬁcia
2810 4380 3026 4451 perfecti
3084 4380 3327 4451 eplacoPi.
3377 4380 3465 4435 IV.

1973 4450 2185 4504 Eximio
2216 4448 2733 4521 ejusrtemperantia.
2761 4448 2823 4506 νζ
2868 4448 3147 4521 Oppugndt
3178 4448 3464 4512 haereticos,

2012 4519 2267 4575 ra’sertim
2298 4519 2659 4585 Marcianitas,
2678 4523 2879 4591 ingenti
2912 4519 3090 4591 labore
3119 4528 3171 4591 et
3192 4528 3460 4591 prouentu.

2021 4591 2062 4644 I.
2111 4591 2410 4660 Adjuvatur
2446 4586 2759 4661 sanctorumﬁ
2792 4606 2889 4661 ape
2934 4589 3075 4659 apud
3351 4588 3462 4641 VII.

1972 4655 2247 4739 Residen'di
2270 4661 2519 4739 studium.
2558 4661 2693 4739 VIII.
2721 4655 2898 4739 Etiam
2924 4655 3236 4739 temporalis;
3264 4655 3464 4728 Cyren-

1965 4731 2105 4808 sibus
2136 4731 2390 4808 providet.
2435 4731 2524 4784 IX.
2558 4731 2671 4784 Imo
2716 4739 2763 4782 et
2799 4725 3044 4808 externis.
3079 4725 3322 4808 Χ.-.νίωέ
3356 4743 3471 4780 ετα-

1973 4801 2103 4853 mios
2133 4798 2275 4852 cultu
2302 4809 2603 4869 prosccutus
2654 4807 2750 4859 est,
2800 4798 2890 4851 sed
2939 4798 3234 4869 praesertim
3282 4812 3465 4869 mono-

1963 4873 2108 4924 αισι.
2160 4869 2251 4923 XI.
2302 4865 2512 4924 'Amicos
2566 4870 2891 4922 consolatur.
2939 4865 3053 4920 XII.
3101 4865 3232 4921 Cum
3282 4867 3464 4920 vicinis

1963 4940 2213 5022 episcopis
2238 4954 2418 5022 pacem
2436 4947 2629 5022 servat.
2659 4936 3148 4993 Xlll.Concionibus
3175 4942 3224 4990 et
3254 4936 3463 5006 scripti:

1965 5009 2233 5063 hcereticos
2270 5009 2580 5077 insequitur.

2288 5114 2364 5164 Ab
2386 5126 2513 5164 anno
2532 5111 2708 5164 Christi
2732 5113 2815 5162 lll
2876 5113 2935 5162 ad
2955 5112 3063 5161 427.

1961 5221 2002 5275 I.
2030 5219 2204 5286 Quam
2235 5218 2358 5273 vita:
2396 5216 2627 5273 formam
2666 5217 2866 5287 praesul
2899 5218 3159 5280 tenuerit,
3185 5228 3460 5285 quamque

1893 5312 2007 5366 suis
2050 5311 2266 5366 clericis
2295 5310 2619 5365 servandam
2654 5311 2960 5367 tradiderit.
3008 5316 3193 5363 narrat
3230 5308 3283 5362 in
3313 5308 3461 5362 litte-

1894 5404 1970 5457 ris
2001 5403 2068 5458 ad
2103 5404 2358 5457 Nonum.
2403 5422 2420 5455 ι
2461 5401 2597 5459 Cum
2623 5403 2846 5467 invitus,
2879 5401 3057 5470 inquit
3085 5402 3148 5466 ",
3173 5399 3460 5453 ordinatus

1564 5566 1875 5623 SCIIULZII
1911 5564 2136 5622 ΝΟΤᾸΞ.

288 5682 549 5755 I‘Montes,
591 5695 717 5743 carl.
760 5681 914 5755 Vid.
949 5682 1109 5751 epist.
1143 5683 1228 5739 12.
1310 5686 1352 5717 ¹⁷
1383 5681 1496 5738 Scr.
1532 5683 1647 5738 Vid.
1676 5682 1834 5755 epist.
1863 5682 1982 5736 “'5.

222 5754 325 5827 (nil.
357 5758 465 5817 I’id.
514 5760 682 5834 epist.
747 5753 846 5811 81.

2077 5683 2115 5714 ³⁸
2144 5681 2282 5752 Ipse.
2321 5681 2440 5739 Vid.
2477 5678 2727 5744 Pliiloth.,
2758 5690 2876 5742 cap.
2909 5673 2979 5730 20
3002 5684 3056 5730 et
3098 5689 3210 5743 seq.
3292 5673 3332 5703 ¹⁹
3362 5670 3458 5726 ln-
