3950 6226
264 303 356 372 101

1419 300 1787 363 HISTORIA
1822 300 2334 365 THEODORETI.

3411 304 3514 371 102

264 424 325 470 ut
365 420 603 484 segetem
651 412 803 467 loliis
844 424 1073 466 vacuam
1116 407 1391 473 redderet,
1441 407 1782 479 liberamque
1807 422 1838 462 a
1867 410 1911 467 A
1940 418 2135 462 nactus
2177 423 2377 475 essem,
2429 404 2813 479 aquaeductum
2862 409 3105 476 condidi,
3144 417 3201 468 et
3235 422 3512 467 carentem

268 504 564 560 seminibus
598 504 1017 558 haereticorum.
1063 499 1314 571 Angebat
1358 499 1506 554 enim
1549 514 1637 554 me
1668 499 1838 553 vehe-

267 606 473 651 menter
509 597 846 651 exsecrandi
870 595 1160 649 Marcionis
1180 608 1362 660 error,
1392 592 1484 662 qui
1512 606 1839 662 magnopere

266 687 580 742 invaluerat.
639 685 737 739 ille
785 695 972 739 autem
1017 680 1314 737 obtestanti
1357 681 1492 735 mihi
1537 698 1549 734 :
1591 680 1691 735 Νει
1735 696 1834 747 me,

266 778 454 847 inquit,
496 794 590 831 nec
629 776 739 830 alia
771 777 917 847 apud
958 775 1127 829 Deum
1159 774 1252 828 tibi
1303 788 1433 844 opus
1485 781 1559 827 est
1588 774 1711 827 inte'
1737 789 1839 826 ces-

264 886 410 934 sare;
444 885 719 922 summum
750 868 909 922 habes
938 867 1225 930 Joannem,
1284 865 1438 921 Verbi
1485 881 1680 929 uocem,
1734 864 1835 919 θο-

266 961 386 1014 utini
439 974 850 1030 prwrursorem,
907 959 1001 1028 qui
1028 959 1122 1011 hoc
1150 971 1244 1026 pro
1275 963 1325 1009 te
1351 956 1665 1026 deprecatur
1709 956 1834 1009 usi-

266 1059 379 1104 due.
412 1070 429 1102 ι

325 1141 539 1208 Quanta
578 1141 665 1195 vis
693 1138 843 1195 foret
870 1138 1135 1210 ejusmodi
1163 1152 1387 1208 precum
1418 1138 1487 1195 ad
1525 1142 1542 1160 ‘
1571 1155 1831 1195 coercen-

263 1231 384 1286 dum
416 1232 747 1295 daemonem,
783 1244 851 1285 ne
883 1245 996 1300 prae
1036 1229 1263 1293 invidia,
1297 1244 1405 1299 qua
1450 1230 1829 1299 rumpebatur,

261 1321 528 1375 laboranti
573 1320 909 1384 obsisteret,
955 1327 1174 1373 ostento
1227 1319 1374 1373 Deus
1423 1318 1830 1373 Thcodoretum

258 1412 559 1466 admonuit.
614 1430 633 1462 ε
675 1410 842 1467 Venit
893 1408 1210 1480 aliquando,
1260 1410 1448 1480 inquit
1467 1410 1534 1476 ³⁸,
1569 1411 1637 1466 de
1671 1421 1831 1465 nocte

256 1505 490 1557 exitialis
531 1504 757 1573 quidam
815 1503 1052 1564 daemon,
1100 1510 1159 1557 et
1191 1502 1328 1574 Syra
1370 1504 1605 1573 loquens
1648 1518 1825 1558 voce:

256 1594 388 1660 Quid
429 1595 572 1648 heus
599 1602 657 1647 tu
680 1594 887 1648 bellum
913 1593 1059 1663 geris
1084 1608 1209 1647 cum
1234 1593 1506 1648 Marcione
1526 1593 1549 1647 ν
1572 1593 1683 1648 Cur
1708 1605 1819 1650 tan-

1941 495 2100 564 aquis
2130 496 2410 551 civitatem
2434 497 2596 567 aquis
2632 497 2859 567 replevi.
2906 518 2924 550 ι

2012 583 2155 649 Quin
2196 585 2363 640 etiam
2409 586 2477 640 de
2532 587 2781 642 lavandis
2824 588 3091 643 oneribus
3125 605 3248 645 cum
3276 590 3505 647 Pulche-

1937 674 2018 729 ria
2046 676 2288 747 Augusta
2315 679 2425 748 egit
2459 694 2559 749 per
2589 680 2824 745 litteras,
2871 681 3242 736 miserabilem
3275 684 3512 739 civitatis

1936 774 2139 820 statum
2182 765 2442 822 ﬂebiliter
2478 783 2760 838 exponens
2809 770 2878 834 ’⁸,
2926 770 3015 824 cui
3066 785 3265 840 nempe
3326 790 3344 824 ε
3397 784 3507 827 tam

1935 871 2107 926 grave
2135 873 2278 913 onus
2301 858 2677 924 incumbebat,
2712 871 2772 915 ut
2803 870 2859 915 et
2880 862 3083 932 praedia
3107 865 3276 918 multa
3304 866 3514 920 colonis

1935 948 2193 1004 destituta
2222 959 2427 1014 essent,
2454 952 2624 1005 multa
2659 951 2823 1005 etiam
2855 967 2885 1007 a
2912 955 3326 1022 possessoribus
3358 958 3513 1026 peni-

1936 1045 2024 1094 tus
2064 1039 2280 1095 dcserta
2317 1058 2330 1093 :
2377 1049 2435 1094 et
2485 1057 2586 1111 pro
2631 1042 2718 1097 his
2760 1043 3120 1099 nihilominus
3153 1045 3511 1115 exigerentur

1934 1130 2301 1185 infelicissimi
2331 1131 2681 1199 decuriones,
2706 1133 2823 1203 qui,
2855 1137 3199 1189 exactionem
3235 1136 3378 1191 ferre
3396 1154 3509 1193 non

1931 1222 2198 1287 valentes,
2229 1222 2429 1292 partim
2466 1225 2868 1290 mendicarent,
2897 1226 3094 1295 partim
3126 1226 3254 1297 fuga
3283 1241 3341 1281 se
3381 1228 3511 1283 sub-

1934 1314 2221 1369 ducerent.
2258 1332 2277 1366 ι

2001 1404 2143 1472 Quid
2181 1406 2328 1476 quod
2368 1407 2641 1463 laboranti
2683 1407 2891 1462 civitati
2935 1409 3236 1475 medicum,
3277 1426 3386 1481 quo
3414 1427 3508 1465 ca-

1932 1498 2110 1564 rebat,
2159 1499 2376 1569 aliaque
2434 1499 2704 1570 ejusmodi
2758 1500 2948 1570 plura,
3005 1515 3127 1569 qua:
3167 1500 3387 1571 longum
3425 1517 3510 1555 rc-

1929 1593 2092 1660 ferrc,
2151 1595 2505 1665 procuravit.
2557 1596 2743 1650 animo
2788 1595 3194 1653 admirabiliter
3253 1597 3502 1664 liberali,

257 1685 375 1738 dem
425 1698 558 1738 cum
605 1683 704 1737 illo
740 1683 886 1737 hanc
926 1697 1163 1752 pugnam
1197 1682 1531 1752 suscepisti?
1561 1681 1700 1749 Quid
1738 1683 1829 1738 ille
1870 1751 1875 1752 ί
1929 1696 2099 1751 egens
2124 1682 2262 1752 ipse,
2298 1683 2477 1737 utalii
2507 1683 2872 1740 abundarent.

259 1775 351 1828 tibi
402 1774 675 1829 molestia:
730 1751 970 1828 creavit?
1003 1751 1208 1827 Bellare
1248 1751 1473 1839 desine,
1509 1772 1826 1828 inimicitias
1863 1751 1903 1805 Β
1995 1772 2088 1827 IX.
2142 1774 2329 1843 Neque
2386 1791 2519 1830 vero
2570 1776 2904 1831 Theodoreti
2957 1774 3321 1833 beneﬁcentia
3372 1794 3508 1833 con-

256 1863 482 1934 deponc,
532 1873 628 1918 aut
682 1863 1024 1934 experientia
1062 1862 1262 1928 disces,
1305 1873 1572 1934 quantum
1619 1864 1824 1920 bonum

254 1955 321 2008 sit
356 1955 538 2024 quies.
573 1954 730 2009 Scito
787 1952 937 2009 enim
984 1954 1132 2023 quod
1162 1963 1212 2010 te
1242 1955 1351 2025 jam
1392 1955 1605 2025 pridem
1633 1956 1823 2012 confo-

255 2048 484 2113 dissem,
538 2049 648 2102 nisi
709 2059 1010 2120 martyrum
1066 2048 1297 2103 chorum
1339 2064 1463 2104 cum
1514 2050 1721 2106 Jacobo
1769 2061 1824 2107 te

255 2141 657 2195 custodientem
681 2142 965 2196 vidissem.
1006 2139 1131 2196 Haec
1149 2158 1250 2213 ego
1281 2142 1488 2208 audivi,
1515 2152 1570 2197 et
1608 2143 1825 2199 cuidam

255 2247 284 2286 e
323 2233 715 2298 familiaribus,
753 2233 848 2305 qui
882 2236 1034 2306 juxta
1087 2234 1413 2299 dormiebat,
1444 2235 1696 2302 Auditae,
1738 2242 1825 2291 in-

255 2338 429 2391 quam,
480 2339 603 2393 qua:
655 2323 949 2377 dicuntur?
978 2324 1045 2378 Et
1074 2324 1167 2379 ille
1201 2342 1215 2379 :
1250 2323 1462 2391 Omnia,
1490 2326 1688 2397 inquit,
1725 2344 1824 2382 au—

254 2414 383 2475 divi;
435 2422 486 2466 et
541 2430 663 2467 cum
713 2430 932 2484 surgere
973 2412 1175 2479 liberet,
1224 2422 1282 2467 ut
1313 2415 1621 2486 dispicerem
1650 2427 1699 2471 et
1736 2434 1825 2471 co~

255 2522 551 2574 gnoacerem
596 2507 714 2577 quis
764 2505 1088 2577 loqueretur,
1131 2515 1225 2562 tua
1256 2525 1419 2562 causa
1458 2509 1653 2575 destiti,
1687 2512 1827 2581 quod

256 2607 301 2648 te
342 2597 582 2650 dormire
640 2597 967 2652 arbitrabar.
1011 2597 1311 2669 Surgentes
1343 2599 1511 2670 igitur
1556 2600 1738 2666 ambo,
1770 2608 1829 2655 et

256 2687 785 2759 circumspicientes,
837 2704 943 2744 nec
990 2698 1199 2745 motum
1250 2690 1438 2754 ullius,
1486 2706 1592 2746 nec
1637 2707 1826 2746 vocem

255 2779 583 2834 audivimus.
632 2778 815 2835 Verba
858 2796 1024 2851 porro
1061 2780 1153 2835 illa
1198 2781 1491 2836 nobiscum
1541 2782 1830 2837 audierant

251 2871 338 2925 alii
389 2886 621 2941 quoque
672 2870 983 2925 domestici.
1041 2871 1292 2927 Intellexi
1350 2888 1481 2943 ergo
1527 2882 1826 2944 martyrum

253 2964 474 3019 chorum
511 2965 583 3019 ab
614 2980 681 3019 eo
715 2965 823 3020 dici
852 2965 1131 3036 lecythum
1173 2966 1301 3032 olei,
1339 2968 1434 3037 qui
1479 2968 1763 3022 collectam
1796 2983 1828 3021 a

1928 1869 2075 1918 tenta
2100 1863 2204 1918 fuit
2246 1865 2538 1936 Cyrcstieze
2578 1867 2799 1933 ﬁnibus,
2846 1876 2903 1924 et
2934 1882 3156 1922 suarum
3187 1868 3504 1925 facultatum

1924 1955 2088 2010 modo
2114 1974 2127 2009 :
2158 1957 2253 2012 sed
2276 1959 2519 2013 extendit
2543 1974 2601 2014 se
2628 1960 2813 2026 latius,
2854 1960 3198 2031 aliarumque
3220 1963 3504 2034 regionum

1924 2055 2167 2118 egentes,
2204 2064 2345 2119 quos
2382 2050 2499 2105 suis
2538 2066 2648 2105 non
2691 2060 2926 2121 poterat,
2966 2052 3270 2107 amicorum
3304 2055 3504 2122 opibus

1919 2139 2109 2210 juvit:
2161 2148 2329 2196 testes
2386 2141 2651 2212 epistolae,
2700 2143 2904 2213 quibus
2950 2144 3172 2199 divitias
3205 2145 3321 2200 sive
3366 2162 3504 2215 quas

1925 2242 2213 2301 acceperat
2241 2249 2271 2287 a
2296 2234 2618 2303 parentibus
2660 2235 3047 2304 amplissimas,
3092 2236 3206 2291 sive
3238 2253 3376 2308 quas
3396 2237 3502 2310 Cy-

1925 2325 2102 2380 rensis
2134 2325 2375 2380 Ecclesia
2419 2341 2530 2380 non
2576 2326 2883 2381 mediocres
2924 2327 3264 2397 possidebat.
3295 2344 3503 2399 paupe-

1925 2416 2079 2472 ribus
2127 2433 2184 2473 se
2226 2418 2484 2489 largitum
2522 2417 2681 2473 fateri
2719 2419 3013 2489 aliquando
3038 2428 3263 2475 coactus
3292 2429 3408 2485 est,
3447 2430 3505 2476 et

1926 2514 2150 2577 amicos,
2179 2522 2238 2567 ut
2262 2514 2405 2569 idem
2427 2514 2689 2576 facerent,
2709 2514 2910 2569 litteris
2935 2514 3291 2570 vehementer
3315 2515 3504 2571 incen-

1925 2604 2036 2668 dit;
2064 2604 2208 2673 quod
2236 2620 2339 2658 suo
2358 2613 2606 2675 tempore
2634 2605 3006 2661 narrabimus.

1999 2690 2066 2746 X.
2099 2691 2341 2746 Fuerunt
2363 2694 2464 2747 ista
2488 2693 2617 2748 boni
2646 2694 2752 2747 viri
2797 2692 3004 2759 ofﬁcia,
3049 2695 3166 2750 haec
3207 2696 3496 2766 prudentis

1924 2783 2090 2837 simul
2116 2793 2171 2837 et
2191 2784 2517 2839 cbaritatem
2545 2785 2831 2840 sectantis.
2854 2786 2925 2841 Ut
2946 2802 3219 2856 quemque
3251 2798 3500 2852 noverat,

1926 2873 2010 2926 vel
2031 2872 2335 2927 sanctitatis
2357 2873 2497 2927 fama
2518 2874 2815 2937 celebrem,
2851 2876 2934 2929 vel
2962 2876 3213 2931 doctrina
3241 2878 3500 2944 nobilem,

1926 2965 2011 3018 vel
2037 2964 2362 3021 auctoritate
2393 2966 2687 3034 pollentem
2709 3006 2722 3031 ,
2754 2967 2828 3021 ita
2858 2967 3033 3037 ipsius
3079 2969 3376 3025 amicitiam
3413 2988 3504 3027 ca-

254 3056 433 3111 multis
482 3056 822 3128 martyribus
869 3056 1308 3114 benedictionem
1368 3058 1693 3123 continens,
1758 3058 1823 3114 ad
1853 3089 1896 3147 C
1928 3054 2116 3123 ptabat
2153 3073 2166 3107 :
2206 3054 2339 3124 quid
2373 3055 2520 3109 enim
2552 3055 2743 3110 utilius
2765 3056 2819 3109 in
2844 3074 3061 3112 omnem
3098 3059 3224 3113 vita:
3254 3063 3502 3129 partem?

255 3146 448 3202 lectum
482 3163 676 3203 meum
719 3163 1021 3219 suspensus
1072 3157 1191 3204 erat
1220 3166 1232 3202 :
1266 3149 1369 3204 sub
1415 3150 1595 3220 capite
1641 3157 1823 3204 autem

254 3254 368 3295 meo
406 3241 598 3311 magni
625 3239 818 3297 Jacobi
848 3252 1009 3297 vetus
1057 3241 1160 3297 fuit
1201 3242 1451 3313 pallium,
1499 3241 1646 3313 quod
1690 3243 1827 3297 mihi

255 3333 483 3389 validius
507 3343 634 3389 erat
654 3333 802 3388 vallo
824 3334 1065 3404 quodam
1096 3333 1469 3390 adamantino.
1519 3355 1538 3387 ι

319 3445 477 3517 147
517 3446 632 3501 Vll.
675 3446 814 3502 Dum
841 3448 917 3503 ita
967 3448 1111 3503 Deus
1141 3449 1339 3519 coeptis
1370 3447 1597 3513 faveret,
1642 3447 1829 3502 Theo-

255 3532 472 3589 dorelus
524 3534 776 3591 vicissim
829 3535 1030 3592 divina;
1091 3538 1228 3608 legis
1285 3552 1499 3592 memor
1545 3537 1824 3592 assiduam

254 3626 599 3695 praesentiam
645 3627 926 3698 parochias
968 3629 1283 3684 exhibebat.
1326 3630 1463 3685 Nam
1500 3629 1604 3685 etsi
1631 3628 1826 3684 Antio-

254 3717 382 3772 chiae
427 3717 676 3774 subinde
731 3718 965 3775 haberet
1015 3720 1331 3785 conciones,
1370 3720 1588 3790 quoties
1628 3735 1827 3790 nempe

253 3807 560 3874 adveniret,
586 3825 648 3864 se
680 3818 866 3864 tamen
898 3819 1060 3882 negat
1088 3827 1330 3882 unquam
1359 3812 1668 3875 advenisse,
1693 3812 1827 3881 quin

257 3899 517 3953 tractoria
562 3908 863 3954 vocaretur
898 3900 964 3955 ad
995 3900 1331 3972 synodospa
1379 3902 1582 3971 quibus
1636 3901 1828 3956 abesse

251 3990 397 4044 nefas
465 4000 636 4045 esset.
684 4010 703 4042 ι
765 3991 993 4046 Noverit
1026 3991 1347 4064 magnitudo
1401 4001 1495 4047 tua
1568 3993 1824 4064 (Nomum

250 4080 547 4152 alloquitur
588 4082 681 4153 ³⁷),
727 4096 817 4136 me
852 4096 955 4137 nec
984 4093 1231 4153 tempore
1264 4084 1571 4139 beatissimi
1620 4085 1827 4139 sancti-

251 4188 351 4241 que
405 4172 717 4236 Theodoti,
773 4188 878 4228 nec
910 4174 1011 4229 sub
1048 4174 1220 4230 beatae
1255 4175 1536 4230 memoriae
1574 4175 1781 4230 Joanne
1810 4216 1825 4243 ,

252 4280 345 4319 nec
414 4265 525 4320 sub
596 4265 944 4320 sanctissimo
1008 4265 1269 4335 episcopo
1334 4264 1559 4320 domino
1616 4266 1829 4321 Domno

249 4367 440 4424 sponte
498 4370 623 4411 mea
664 4356 903 4410 intrasse
950 4356 1335 4421 Antiochiam,
1383 4355 1480 4410 sed
1539 4355 1830 4424 quinquies

252 4460 311 4500 ac
382 4447 570 4502 sexies
652 4454 910 4501 vocatum
1011 4446 1104 4501 vix

252 4544 465 4598 autem,
516 4544 582 4589 ut
651 4535 1029 4593 ecclesiastico
1085 4535 1284 4591 canoni
1327 4536 1683 4605 obsequerer,
1731 4537 1827 4607 qui

252 4644 399 4683 reum
466 4627 665 4683 haberi
711 4628 872 4697 jubet
916 4642 1081 4693 eum,
1131 4626 1228 4697 qui
1280 4626 1348 4681 ad
1392 4626 1659 4698 synodum
1726 4643 1825 4683 vo-

253 4728 400 4775 catus
442 4719 640 4775 adesse
684 4720 943 4775 noluerit.
992 4739 1011 4772 ι
1042 4719 1244 4775 Verum
1295 4718 1394 4773 ista
1429 4718 1639 4784 videre,
1686 4735 1824 4789 quo-

252 4811 412 4865 modo
452 4825 585 4866 cum
621 4809 1008 4881 superioribus
1056 4819 1221 4880 atque
1263 4810 1427 4865 etiam
1470 4811 1830 4880 sequentibus

254 4912 370 4971 apte
394 4902 738 4966 cohaereant,
762 4916 875 4957 non
895 4909 1003 4957 est
1031 4902 1272 4957 hominis
1294 4909 1575 4972 utcunque
1601 4904 1824 4959 oculati.

321 5014 456 5070 \‘lll.
522 5015 654 5071 Suis
698 5014 1036 5087 Cyrensibus
1084 5015 1227 5069 bona
1286 5015 1462 5070 etiam-
1505 5016 1826 5085 temporalia

260 5106 511 5174 providit.
554 5124 576 5157 ι
619 5104 879 5161 Publicus
916 5104 1183 5176 porticus,
1221 5104 1400 5175 inquit
1434 5104 1502 5169 ⁸⁸,
1535 5120 1603 5159 ex
1632 5104 1826 5159 rediti-

263 5195 358 5250 bus
386 5196 781 5252 ecclesiasticis
823 5195 998 5261 erexi,
1023 5204 1221 5265 pontes
1261 5194 1401 5250 duos
1429 5197 1694 5250 maximos
1728 5211 1826 5250 ex-

261 5287 443 5352 struxi,
489 5286 820 5342 balnearum
865 5284 1216 5356 publicarum
1269 5301 1456 5340 curam
1502 5287 1666 5356 gessi,
1700 5302 1824 5340 cum

262 5391 323 5431 ex
360 5378 598 5434 alluente
635 5377 867 5432 ﬂumine
927 5392 1093 5447 aquas
1147 5377 1490 5431 haurientem
1546 5377 1824 5432 civitatem

1996 3165 2181 3221 Coluit
2230 3166 2283 3221 in
2317 3167 2542 3238 primis,
2591 3175 2652 3222 ut
2677 3175 2925 3238 patrem,
2960 3168 3218 3224 Acacium
3248 3172 3505 3228 Bermen-

1926 3271 2065 3323 sem,
2099 3271 2335 3326 eumque
2368 3273 2478 3312 non
2520 3257 2763 3312 laudavit
2810 3266 3019 3313 tantum
3046 3260 3215 3315 .velut
3244 3263 3504 3331 apostoli-

1927 3361 2051 3403 cum
2074 3348 2272 3409 virum,
2308 3348 2405 3403 sed
2427 3348 2589 3403 etiam
2620 3348 2827 3419 pressis
2870 3350 3031 3421 ηε
3064 3352 3310 3423 vestigiis
3346 3369 3504 3409 secu-

1928 3447 2016 3493 tus
2047 3446 2129 3493 cst
2162 3448 2416 3507 tanquam
2455 3439 2581 3493 vita:
2618 3438 2836 3493 ducem.
2865 3438 3045 3494 Coluit
3085 3440 3295 3510 pariter
3329 3442 3503 3497 Joan-

1927 3545 2054 3583 nem
2085 3528 2510 3595 Antiochenam,
2529 3539 2584 3584 et
2602 3538 2825 3601 propter
2840 3530 3131 3594 cathedrae,
3147 3531 3235 3585 cui
3258 3532 3505 3597 suberat,

1927 3619 2272 3690 dignitatem,
2309 3628 2365 3674 et
2395 3628 2456 3673 ut
2488 3628 2759 3675 amantem
2788 3621 3118 3681 redamarct,
3148 3630 3204 3675 et
3223 3622 3505 3678 immensis

1927 3711 2013 3765 sui
2053 3710 2308 3765 laudibus
2362 3709 2572 3764 cultum
2627 3710 2975 3780 rependeret.
3026 3710 3210 3767 Coluit
3247 3712 3509 3768 similiter

1908 3803 2194 3858 Andream
2237 3802 2675 3865 Samosatenum,
2710 3802 2891 3855 virum
2941 3810 3056 3856 toto
3095 3801 3318 3858 Oriente
3368 3803 3505 3859 cele-

1928 3895 2084 3949 brem
2116 3935 2129 3958 ,
2181 3894 2276 3963 qui
2326 3894 2588 3948 adversus
2639 3892 2874 3962 capitula
2912 3892 3100 3964 Cyrilli
3143 3892 3508 3950 Orientalium.

1926 3986 2148 4042 nomine
2200 3988 2539 4059 objectiones
2570 3991 2812 4061 scripsit.
2848 3990 2989 4056 Quin
3031 3998 3086 4044 et
3114 3989 3503 4047 Constantino—

1926 4079 2036 4148 poli
2059 4080 2357 4134 multorum
2382 4081 2674 4136 amicitiam
2714 4082 2941 4151 appetiit
2966 4125 2978 4145 ,
3008 4082 3170 4136 etiam
3194 4092 3499 4152 potentum,

1928 4170 2024 4224 sed
2052 4187 2240 4225 eorum
2284 4173 2537 4238 maxime,
2581 4175 2676 4243 qui
2716 4175 2967 4229 Nestorio
3010 4174 3279 4241 faverent,
3322 4178 3509 4247 cujus-

1930 4260 2077 4313 modi
2152 4262 2454 4318 Antiochus
2515 4265 2805 4333 prtcfeclus
2855 4265 3113 4335 praetorio
3166 4274 3222 4321 ct
3273 4267 3501 4333 consul,
3564 4253 3568 4257 ’

1928 4347 2167 4404 Irenaeus
2188 4365 2391 4416 comes,
2416 4352 2617 4422 aliique
2648 4354 2851 4423 plures.

1206 4447 1477 4517 paruisse.
1560 4446 1827 4501 Parebam
1858 4424 1906 4482 Ῑ)
2000 4439 2107 4495 Sed
2151 4442 2324 4496 voluit
2360 4445 2415 4496 in
2465 4444 2659 4513 primis
2698 4445 2873 4501 videri
2917 4445 3323 4501 necessitudine
3366 4460 3504 4500 con-

1928 4530 2153 4602 junctus
2172 4548 2294 4588 cum
2312 4536 2670 4592 sanctissimis
2686 4537 2994 4607 quibusque
3017 4536 3319 4601 monachis,
3340 4551 3507 4605 quam

1932 4631 1995 4676 ut
2022 4632 2357 4691 ostentaret,
2398 4641 2507 4680 non
2554 4626 2939 4683 defunctorum
2965 4627 3148 4687 modo.
3175 4627 3507 4697 quibuscum

1933 4711 2276 4770 familiariter
2310 4718 2539 4792 egisset,
2576 4719 2673 4773 sed
2710 4717 3017 4773 viventium
3066 4734 3284 4789 quoque
3325 4718 3506 4774 τιᾱωί-

1935 4802 2138 4858 randos
2165 4820 2368 4874 agones
2396 4807 2676 4862 memoria:
2710 4807 2989 4863 mandavit
3022 4826 3034 4861 :
3069 4816 3234 4878 atque
3264 4808 3380 4865 haec
3421 4819 3506 4869 est

1935 4893 2201 4965 Religiosa
2256 4896 2500 4953 Historia
2534 4941 2547 4965 ,
2598 4899 2687 4952 cui
2741 4898 3016 4955 Philatheo
3078 4916 3279 4956 nomen
3326 4903 3506 4973 impo-

1932 4984 2058 5040 suit.

2004 5102 2320 5159 Absentiam
2359 5107 2680 5172 amicorum,
2709 5124 2847 5179 quos
2878 5110 3183 5166 Antiochia:
3217 5110 3507 5165 discedens

1934 5195 2259 5265 reliquerat,
2294 5196 2573 5254 solabatur
2602 5201 2812 5258 crebris
2846 5218 2945 5272 per
2970 5204 3186 5259 littera:
3216 5202 3504 5258 salutatio-

1935 5285 2120 5349 nibus,
2155 5285 2319 5357 idque
2338 5288 2641 5358 praesertim
2680 5308 2833 5347 more
2866 5294 3043 5362 gentis
3076 5301 3199 5364 post
3233 5293 3509 5347 solemnes

1932 5377 2070 5444 dies,
2101 5378 2218 5433 sive
2246 5383 2258 5399 ‘
2279 5382 2573 5448 nascentis,
2602 5384 2718 5439 sive
2752 5384 3088 5455 resurgentis
3118 5382 3345 5439 Christi.
3364 5382 3505 5436 llinc

1603 5525 1799 5583 SCllUl
1815 5526 1914 5581 .le
1953 5525 2180 5584 ΝΟΤᾸΞ.

324 5685 366 5720 ⁸⁸
388 5686 530 5744 Hist.
565 5685 749 5760 relig.,
789 5699 915 5754 cap.
937 5683 1028 5737 21.
1100 5684 1146 5716 ³⁷
1173 5684 1343 5755 Epist.
1372 5684 1460 5737 8i.

1539 5684 1583 5715 ’⁸
1610 5682 1748 5738 ibid.
1825 5685 1868 5715 ’θ
1900 5684 2078 5748 Epist.
2105 5684 2195 5742 45.
