  <div class='ocr_page' id='page_1' title='image "/cluster/home/n/w/nwhite01/storage/ocr_20150623/84 pt.5/mdp.39015010572884/059.png"; bbox 0 0 3950 6226; ppageno 0'>
   <div class='ocr_carea' id='block_1_1' title="bbox 469 261 570 326">
    <p class='ocr_par' dir='ltr' id='par_1_1' title="bbox 469 261 570 326">
     <span class='ocr_line' id='line_1_1' title="bbox 469 261 570 326; baseline 0 -1"><span class='ocrx_word' id='word_1_1' title='bbox 469 261 570 326; x_wconf 74' lang='lat'><strong>103</strong></span> 
     </span>
    </p>
   </div>
   <div class='ocr_carea' id='block_1_2' title="bbox 1523 259 2520 324">
    <p class='ocr_par' dir='ltr' id='par_1_2' title="bbox 1523 259 2520 324">
     <span class='ocr_line' id='line_1_2' title="bbox 1523 259 2520 324; baseline -0.005 -2"><span class='ocrx_word' id='word_1_2' title='bbox 1523 262 1899 324; x_wconf 81' lang='lat' dir='ltr'><strong>GARNERII</strong></span> <span class='ocrx_word' id='word_1_3' title='bbox 1937 259 2432 321; x_wconf 82' lang='lat' dir='ltr'><strong>DISSERTATIO</strong></span> <span class='ocrx_word' id='word_1_4' title='bbox 2474 259 2520 317; x_wconf 94' lang='grc' dir='ltr'><strong>Ι.</strong></span> 
     </span>
    </p>
   </div>
   <div class='ocr_carea' id='block_1_3' title="bbox 3634 256 3740 322">
    <p class='ocr_par' dir='ltr' id='par_1_3' title="bbox 3634 256 3740 322">
     <span class='ocr_line' id='line_1_3' title="bbox 3634 256 3740 322; baseline -0.019 0"><span class='ocrx_word' id='word_1_5' title='bbox 3634 256 3740 322; x_wconf 68' lang='lat' dir='ltr'><strong>liii</strong></span> 
     </span>
    </p>
   </div>
   <div class='ocr_carea' id='block_1_4' title="bbox 469 365 3739 444">
    <p class='ocr_par' dir='ltr' id='par_1_4' title="bbox 469 365 3739 444">
     <span class='ocr_line' id='line_1_4' title="bbox 469 365 3739 444; baseline -0.001 -15"><span class='ocrx_word' id='word_1_6' title='bbox 469 386 549 430; x_wconf 85' lang='lat' dir='ltr'><strong>tot</strong></span> <span class='ocrx_word' id='word_1_7' title='bbox 568 373 910 428; x_wconf 77' lang='lat' dir='ltr'><strong>heortastica:</strong></span> <span class='ocrx_word' id='word_1_8' title='bbox 941 373 1187 444; x_wconf 71' lang='lat' dir='ltr'><strong>cpistola:</strong></span> <span class='ocrx_word' id='word_1_9' title='bbox 1218 373 1521 428; x_wconf 89' lang='lat' dir='ltr'><strong>etiamnum</strong></span> <span class='ocrx_word' id='word_1_10' title='bbox 1567 373 1877 437; x_wconf 89' lang='lat' dir='ltr'><strong>habentur,</strong></span> <span class='ocrx_word' id='word_1_11' title='bbox 1919 371 2046 442; x_wconf 90' lang='lat' dir='ltr'><strong>qui-</strong></span> <span class='ocrx_word' id='word_1_12' title='bbox 2080 380 2121 437; x_wconf 77' lang='grc' dir='ltr'>Α</span> <span class='ocrx_word' id='word_1_13' title='bbox 2151 387 2270 437; x_wconf 90' lang='lat' dir='ltr'><strong>nos,</strong></span> <span class='ocrx_word' id='word_1_14' title='bbox 2309 371 2404 440; x_wconf 88' lang='lat' dir='ltr'><strong>qui</strong></span> <span class='ocrx_word' id='word_1_15' title='bbox 2439 377 2495 423; x_wconf 92' lang='lat' dir='ltr'><strong>et</strong></span> <span class='ocrx_word' id='word_1_16' title='bbox 2540 367 2787 422; x_wconf 71' lang='lat' dir='ltr'><strong>Anommi</strong></span> <span class='ocrx_word' id='word_1_17' title='bbox 2832 365 3196 435; x_wconf 85' lang='lat' dir='ltr'><strong>dicebantur;</strong></span> <span class='ocrx_word' id='word_1_18' title='bbox 3223 368 3601 427; x_wconf 82' lang='lat' dir='ltr'><strong>Macedonium</strong></span> <span class='ocrx_word' id='word_1_19' title='bbox 3632 373 3739 427; x_wconf 85' lang='lat' dir='ltr'><strong>tri-</strong></span> 
     </span>
    </p>
   </div>
   <div class='ocr_carea' id='block_1_5' title="bbox 468 461 2044 529">
    <p class='ocr_par' dir='ltr' id='par_1_5' title="bbox 468 461 2044 529">
     <span class='ocr_line' id='line_1_5' title="bbox 468 461 2044 529; baseline -0.004 -9"><span class='ocrx_word' id='word_1_20' title='bbox 468 466 590 529; x_wconf 85' lang='lat' dir='ltr'><strong>bus,</strong></span> <span class='ocrx_word' id='word_1_21' title='bbox 628 465 734 520; x_wconf 90' lang='lat' dir='ltr'><strong>etsi</strong></span> <span class='ocrx_word' id='word_1_22' title='bbox 774 463 1114 519; x_wconf 65' lang='lat' dir='ltr'><strong>brevissimae</strong></span> <span class='ocrx_word' id='word_1_23' title='bbox 1171 463 1302 527; x_wconf 90' lang='lat' dir='ltr'><strong>sint,</strong></span> <span class='ocrx_word' id='word_1_24' title='bbox 1351 471 1412 516; x_wconf 95' lang='lat' dir='ltr'><strong>ut</strong></span> <span class='ocrx_word' id='word_1_25' title='bbox 1471 461 1827 516; x_wconf 74' lang='lat' dir='ltr'><strong>salutationes</strong></span> <span class='ocrx_word' id='word_1_26' title='bbox 1868 462 2044 525; x_wconf 91' lang='lat' dir='ltr'><strong>decet,</strong></span> 
     </span>
    </p>
   </div>
   <div class='ocr_carea' id='block_1_6' title="bbox 467 553 2044 623">
    <p class='ocr_par' dir='ltr' id='par_1_6' title="bbox 467 553 2044 623">
     <span class='ocr_line' id='line_1_6' title="bbox 467 553 2044 623; baseline -0.002 -14"><span class='ocrx_word' id='word_1_27' title='bbox 467 557 603 610; x_wconf 83' lang='lat' dir='ltr'><strong>nihil</strong></span> <span class='ocrx_word' id='word_1_28' title='bbox 625 563 720 609; x_wconf 92' lang='lat' dir='ltr'><strong>aut</strong></span> <span class='ocrx_word' id='word_1_29' title='bbox 749 554 1019 609; x_wconf 86' lang='lat' dir='ltr'><strong>urbanius</strong></span> <span class='ocrx_word' id='word_1_30' title='bbox 1053 554 1292 609; x_wconf 85' lang='lat' dir='ltr'><strong>inveniri</strong></span> <span class='ocrx_word' id='word_1_31' title='bbox 1321 560 1527 623; x_wconf 86' lang='lat' dir='ltr'><strong>potest,</strong></span> <span class='ocrx_word' id='word_1_32' title='bbox 1568 560 1664 606; x_wconf 93' lang='lat' dir='ltr'><strong>aut</strong></span> <span class='ocrx_word' id='word_1_33' title='bbox 1704 553 2011 623; x_wconf 88' lang='lat' dir='ltr'><strong>elegantius</strong></span> <span class='ocrx_word' id='word_1_34' title='bbox 2031 592 2044 617; x_wconf 91' lang='lat'><strong>,</strong></span> 
     </span>
    </p>
   </div>
   <div class='ocr_carea' id='block_1_7' title="bbox 465 646 2005 720">
    <p class='ocr_par' dir='ltr' id='par_1_7' title="bbox 465 646 2005 720">
     <span class='ocr_line' id='line_1_7' title="bbox 465 646 2005 720; baseline -0.003 -19"><span class='ocrx_word' id='word_1_35' title='bbox 465 657 560 702; x_wconf 86' lang='lat' dir='ltr'><strong>aut</strong></span> <span class='ocrx_word' id='word_1_36' title='bbox 586 646 752 702; x_wconf 87' lang='lat' dir='ltr'><strong>etiam</strong></span> <span class='ocrx_word' id='word_1_37' title='bbox 784 646 956 716; x_wconf 88' lang='lat' dir='ltr'><strong>magis</strong></span> <span class='ocrx_word' id='word_1_38' title='bbox 989 646 1158 716; x_wconf 90' lang='lat' dir='ltr'><strong>pium.</strong></span> <span class='ocrx_word' id='word_1_39' title='bbox 2002 717 2005 720; x_wconf 7' lang='grc' dir='ltr'><em>ἠ</em></span> 
     </span>
    </p>
   </div>
   <div class='ocr_carea' id='block_1_8' title="bbox 534 733 2045 796">
    <p class='ocr_par' dir='ltr' id='par_1_8' title="bbox 534 733 2045 796">
     <span class='ocr_line' id='line_1_8' title="bbox 534 733 2045 796; baseline -0.006 -2"><span class='ocrx_word' id='word_1_40' title='bbox 534 740 626 794; x_wconf 78' lang='lat' dir='ltr'><strong>XI.</strong></span> <span class='ocrx_word' id='word_1_41' title='bbox 668 739 1002 793; x_wconf 90' lang='lat' dir='ltr'><strong>Eorumdem</strong></span> <span class='ocrx_word' id='word_1_42' title='bbox 1061 736 1362 791; x_wconf 89' lang='lat' dir='ltr'><strong>amicorum</strong></span> <span class='ocrx_word' id='word_1_43' title='bbox 1413 735 1634 789; x_wconf 83' lang='lat' dir='ltr'><strong>casibus</strong></span> <span class='ocrx_word' id='word_1_44' title='bbox 1675 733 2045 796; x_wconf 83' lang='lat' dir='ltr'><strong>afﬁciebatur,</strong></span> 
     </span>
    </p>
   </div>
   <div class='ocr_carea' id='block_1_9' title="bbox 466 826 2048 901">
    <p class='ocr_par' dir='ltr' id='par_1_9' title="bbox 466 826 2048 901">
     <span class='ocr_line' id='line_1_9' title="bbox 466 826 2048 901; baseline -0.003 -15"><span class='ocrx_word' id='word_1_45' title='bbox 466 831 694 901; x_wconf 83' lang='lat' dir='ltr'><strong>perinde</strong></span> <span class='ocrx_word' id='word_1_46' title='bbox 718 846 781 886; x_wconf 91' lang='lat' dir='ltr'><strong>ac</strong></span> <span class='ocrx_word' id='word_1_47' title='bbox 805 829 939 893; x_wconf 91' lang='lat' dir='ltr'><strong>suis,</strong></span> <span class='ocrx_word' id='word_1_48' title='bbox 971 828 1120 898; x_wconf 92' lang='lat' dir='ltr'><strong>quod</strong></span> <span class='ocrx_word' id='word_1_49' title='bbox 1143 827 1384 882; x_wconf 87' lang='lat' dir='ltr'><strong>hominis</strong></span> <span class='ocrx_word' id='word_1_50' title='bbox 1404 827 1604 882; x_wconf 87' lang='lat' dir='ltr'><strong>eximie</strong></span> <span class='ocrx_word' id='word_1_51' title='bbox 1639 827 1865 898; x_wconf 87' lang='lat' dir='ltr'><strong>benigni</strong></span> <span class='ocrx_word' id='word_1_52' title='bbox 1892 844 1904 879; x_wconf 91' lang='lat'>:</span> <span class='ocrx_word' id='word_1_53' title='bbox 1929 826 2048 881; x_wconf 72' lang='lat' dir='ltr'><strong>haec</strong></span> 
     </span>
    </p>
   </div>
   <div class='ocr_carea' id='block_1_10' title="bbox 466 919 2051 988">
    <p class='ocr_par' dir='ltr' id='par_1_10' title="bbox 466 919 2051 988">
     <span class='ocr_line' id='line_1_10' title="bbox 466 919 2051 988; baseline -0.003 -10"><span class='ocrx_word' id='word_1_54' title='bbox 466 939 631 978; x_wconf 89' lang='lat' dir='ltr'><strong>causa</strong></span> <span class='ocrx_word' id='word_1_55' title='bbox 675 923 797 986; x_wconf 90' lang='lat' dir='ltr'><strong>fuit,</strong></span> <span class='ocrx_word' id='word_1_56' title='bbox 822 937 921 976; x_wconf 90' lang='lat' dir='ltr'><strong>cur</strong></span> <span class='ocrx_word' id='word_1_57' title='bbox 947 920 1348 976; x_wconf 79' lang='lat' dir='ltr'><strong>consolatorias</strong></span> <span class='ocrx_word' id='word_1_58' title='bbox 1380 920 1595 974; x_wconf 84' lang='lat' dir='ltr'><strong>litteras</strong></span> <span class='ocrx_word' id='word_1_59' title='bbox 1630 919 1890 988; x_wconf 81' lang='lat' dir='ltr'><strong>frequens</strong></span> <span class='ocrx_word' id='word_1_60' title='bbox 1916 919 2051 974; x_wconf 86' lang='lat' dir='ltr'><strong>scri-</strong></span> 
     </span>
    </p>
   </div>
   <div class='ocr_carea' id='block_1_11' title="bbox 467 1011 2048 1083">
    <p class='ocr_par' dir='ltr' id='par_1_11' title="bbox 467 1011 2048 1083">
     <span class='ocr_line' id='line_1_11' title="bbox 467 1011 2048 1083; baseline -0.002 -14"><span class='ocrx_word' id='word_1_61' title='bbox 467 1015 644 1076; x_wconf 82' lang='lat' dir='ltr'><strong>beret,</strong></span> <span class='ocrx_word' id='word_1_62' title='bbox 668 1014 927 1083; x_wconf 85' lang='lat' dir='ltr'><strong>episcopo</strong></span> <span class='ocrx_word' id='word_1_63' title='bbox 949 1011 1174 1081; x_wconf 88' lang='lat' dir='ltr'><strong>quidem</strong></span> <span class='ocrx_word' id='word_1_64' title='bbox 1207 1011 1425 1081; x_wconf 87' lang='lat' dir='ltr'><strong>dignas,</strong></span> <span class='ocrx_word' id='word_1_65' title='bbox 1475 1012 1571 1066; x_wconf 91' lang='lat' dir='ltr'><strong>sed</strong></span> <span class='ocrx_word' id='word_1_66' title='bbox 1603 1011 1830 1066; x_wconf 87' lang='lat' dir='ltr'><strong>humani</strong></span> <span class='ocrx_word' id='word_1_67' title='bbox 1867 1019 2048 1066; x_wconf 88' lang='lat' dir='ltr'><strong>tamen</strong></span> 
     </span>
    </p>
   </div>
   <div class='ocr_carea' id='block_1_12' title="bbox 467 1099 2048 1166">
    <p class='ocr_par' dir='ltr' id='par_1_12' title="bbox 467 1099 2048 1166">
     <span class='ocr_line' id='line_1_12' title="bbox 467 1099 2048 1166; baseline -0.001 -10"><span class='ocrx_word' id='word_1_68' title='bbox 467 1118 663 1158; x_wconf 80' lang='lat' dir='ltr'><strong>sensus</strong></span> <span class='ocrx_word' id='word_1_69' title='bbox 701 1117 808 1156; x_wconf 88' lang='lat' dir='ltr'><strong>non</strong></span> <span class='ocrx_word' id='word_1_70' title='bbox 838 1101 1050 1155; x_wconf 87' lang='lat' dir='ltr'><strong>inanes.</strong></span> <span class='ocrx_word' id='word_1_71' title='bbox 1084 1100 1228 1166; x_wconf 83' lang='lat' dir='ltr'><strong>Quid</strong></span> <span class='ocrx_word' id='word_1_72' title='bbox 1263 1101 1562 1156; x_wconf 87' lang='lat' dir='ltr'><strong>humanius</strong></span> <span class='ocrx_word' id='word_1_73' title='bbox 1595 1101 1681 1155; x_wconf 88' lang='lat' dir='ltr'><strong>his</strong></span> <span class='ocrx_word' id='word_1_74' title='bbox 1719 1099 1786 1154; x_wconf 89' lang='lat' dir='ltr'><strong>ad</strong></span> <span class='ocrx_word' id='word_1_75' title='bbox 1811 1101 2048 1155; x_wconf 82' lang='lat' dir='ltr'><strong>Alexan-</strong></span> 
     </span>
    </p>
   </div>
   <div class='ocr_carea' id='block_1_13' title="bbox 467 1191 2049 1262">
    <p class='ocr_par' dir='ltr' id='par_1_13' title="bbox 467 1191 2049 1262">
     <span class='ocr_line' id='line_1_13' title="bbox 467 1191 2049 1262; baseline -0.001 -14"><span class='ocrx_word' id='word_1_76' title='bbox 467 1196 622 1248; x_wconf 83' lang='lat' dir='ltr'><strong>dram</strong></span> <span class='ocrx_word' id='word_1_77' title='bbox 635 1193 1031 1248; x_wconf 90' lang='lat' dir='ltr'><strong>nobilissimam</strong></span> <span class='ocrx_word' id='word_1_78' title='bbox 1050 1193 1310 1248; x_wconf 85' lang='lat' dir='ltr'><strong>feminam</strong></span> <span class='ocrx_word' id='word_1_79' title='bbox 1328 1194 1604 1247; x_wconf 78' lang='lat' dir='ltr'><strong>verbis”?</strong></span> <span class='ocrx_word' id='word_1_80' title='bbox 1631 1212 1649 1244; x_wconf 87' lang='grc'><strong>‹</strong></span> <span class='ocrx_word' id='word_1_81' title='bbox 1678 1193 1734 1247; x_wconf 89' lang='lat' dir='ltr'><strong>Si</strong></span> <span class='ocrx_word' id='word_1_82' title='bbox 1748 1208 1926 1257; x_wconf 90' lang='lat' dir='ltr'><strong>casus,</strong></span> <span class='ocrx_word' id='word_1_83' title='bbox 1954 1191 2049 1262; x_wconf 90' lang='lat' dir='ltr'><strong>qui</strong></span> 
     </span>
    </p>
   </div>
   <div class='ocr_carea' id='block_1_14' title="bbox 471 1285 2050 1352">
    <p class='ocr_par' dir='ltr' id='par_1_14' title="bbox 471 1285 2050 1352">
     <span class='ocr_line' id='line_1_14' title="bbox 471 1285 2050 1352; baseline -0.002 -12"><span class='ocrx_word' id='word_1_84' title='bbox 471 1286 568 1341; x_wconf 92' lang='lat' dir='ltr'><strong>tibi</strong></span> <span class='ocrx_word' id='word_1_85' title='bbox 604 1286 825 1351; x_wconf 88' lang='lat' dir='ltr'><strong>accidit,</strong></span> <span class='ocrx_word' id='word_1_86' title='bbox 863 1286 1032 1340; x_wconf 90' lang='lat' dir='ltr'><strong>solam</strong></span> <span class='ocrx_word' id='word_1_87' title='bbox 1063 1293 1318 1340; x_wconf 89' lang='lat' dir='ltr'><strong>naturam</strong></span> <span class='ocrx_word' id='word_1_88' title='bbox 1358 1285 1767 1340; x_wconf 88' lang='lat' dir='ltr'><strong>considerarem</strong></span> <span class='ocrx_word' id='word_1_89' title='bbox 1791 1323 1804 1347; x_wconf 94' lang='lat'><strong>,</strong></span> <span class='ocrx_word' id='word_1_90' title='bbox 1831 1298 2050 1352; x_wconf 83' lang='lat' dir='ltr'><strong>egerem</strong></span> 
     </span>
    </p>
   </div>
   <div class='ocr_carea' id='block_1_15' title="bbox 465 1375 2049 1448">
    <p class='ocr_par' dir='ltr' id='par_1_15' title="bbox 465 1375 2049 1448">
     <span class='ocr_line' id='line_1_15' title="bbox 465 1375 2049 1448; baseline 0 -18"><span class='ocrx_word' id='word_1_91' title='bbox 465 1384 523 1430; x_wconf 92' lang='lat' dir='ltr'><strong>et</strong></span> <span class='ocrx_word' id='word_1_92' title='bbox 567 1392 668 1448; x_wconf 89' lang='lat' dir='ltr'><strong>ego</strong></span> <span class='ocrx_word' id='word_1_93' title='bbox 709 1376 825 1446; x_wconf 90' lang='lat' dir='ltr'><strong>ipse</strong></span> <span class='ocrx_word' id='word_1_94' title='bbox 859 1377 1330 1440; x_wconf 89' lang='lat' dir='ltr'><strong>consolatoribus,</strong></span> <span class='ocrx_word' id='word_1_95' title='bbox 1371 1392 1483 1430; x_wconf 90' lang='lat' dir='ltr'><strong>non</strong></span> <span class='ocrx_word' id='word_1_96' title='bbox 1529 1376 1706 1430; x_wconf 91' lang='lat' dir='ltr'><strong>solum</strong></span> <span class='ocrx_word' id='word_1_97' title='bbox 1739 1375 1885 1446; x_wconf 90' lang='lat' dir='ltr'><strong>quod</strong></span> <span class='ocrx_word' id='word_1_98' title='bbox 1928 1391 2049 1430; x_wconf 89' lang='lat' dir='ltr'><strong>mea</strong></span> 
     </span>
    </p>
   </div>
   <div class='ocr_carea' id='block_1_16' title="bbox 466 1467 2050 1538">
    <p class='ocr_par' dir='ltr' id='par_1_16' title="bbox 466 1467 2050 1538">
     <span class='ocr_line' id='line_1_16' title="bbox 466 1467 2050 1538; baseline 0 -16"><span class='ocrx_word' id='word_1_99' title='bbox 466 1484 589 1523; x_wconf 90' lang='lat' dir='ltr'><strong>esse</strong></span> <span class='ocrx_word' id='word_1_100' title='bbox 623 1468 848 1534; x_wconf 89' lang='lat' dir='ltr'><strong>ducam,</strong></span> <span class='ocrx_word' id='word_1_101' title='bbox 892 1483 1014 1538; x_wconf 63' lang='lat' dir='ltr'><strong>quae</strong></span> <span class='ocrx_word' id='word_1_102' title='bbox 1057 1476 1151 1522; x_wconf 91' lang='lat' dir='ltr'><strong>tua</strong></span> <span class='ocrx_word' id='word_1_103' title='bbox 1198 1476 1358 1530; x_wconf 89' lang='lat' dir='ltr'><strong>sunt,</strong></span> <span class='ocrx_word' id='word_1_104' title='bbox 1405 1475 1520 1521; x_wconf 89' lang='lat' dir='ltr'><strong>tum</strong></span> <span class='ocrx_word' id='word_1_105' title='bbox 1563 1467 1722 1528; x_wconf 68' lang='lat' dir='ltr'><strong>laeta,</strong></span> <span class='ocrx_word' id='word_1_106' title='bbox 1784 1476 1896 1521; x_wconf 89' lang='lat' dir='ltr'><strong>tum</strong></span> <span class='ocrx_word' id='word_1_107' title='bbox 1943 1467 2050 1522; x_wconf 89' lang='lat' dir='ltr'><strong>alia</strong></span> 
     </span>
    </p>
   </div>
   <div class='ocr_carea' id='block_1_17' title="bbox 467 1559 2048 1631">
    <p class='ocr_par' dir='ltr' id='par_1_17' title="bbox 467 1559 2048 1631">
     <span class='ocr_line' id='line_1_17' title="bbox 467 1559 2048 1631; baseline -0.001 -16"><span class='ocrx_word' id='word_1_108' title='bbox 467 1576 841 1631; x_wconf 66' lang='lat' dir='ltr'><strong>quaecunque;</strong></span> <span class='ocrx_word' id='word_1_109' title='bbox 885 1576 1077 1615; x_wconf 91' lang='lat' dir='ltr'><strong>verum</strong></span> <span class='ocrx_word' id='word_1_110' title='bbox 1109 1560 1273 1614; x_wconf 88' lang='lat' dir='ltr'><strong>etiam</strong></span> <span class='ocrx_word' id='word_1_111' title='bbox 1299 1560 1446 1630; x_wconf 89' lang='lat' dir='ltr'><strong>quod</strong></span> <span class='ocrx_word' id='word_1_112' title='bbox 1470 1559 1853 1614; x_wconf 88' lang='lat' dir='ltr'><strong>admirandum</strong></span> <span class='ocrx_word' id='word_1_113' title='bbox 1894 1560 2048 1613; x_wconf 91' lang='lat' dir='ltr'><strong>illum</strong></span> 
     </span>
    </p>
   </div>
   <div class='ocr_carea' id='block_1_18' title="bbox 468 1652 2042 1725">
    <p class='ocr_par' dir='ltr' id='par_1_18' title="bbox 468 1652 2042 1725">
     <span class='ocr_line' id='line_1_18' title="bbox 468 1652 2042 1725; baseline -0.003 -17"><span class='ocrx_word' id='word_1_114' title='bbox 468 1670 534 1710; x_wconf 88' lang='lat' dir='ltr'><strong>ac</strong></span> <span class='ocrx_word' id='word_1_115' title='bbox 572 1656 698 1725; x_wconf 91' lang='lat' dir='ltr'><strong>jure</strong></span> <span class='ocrx_word' id='word_1_116' title='bbox 737 1653 1070 1708; x_wconf 90' lang='lat' dir='ltr'><strong>laudandum</strong></span> <span class='ocrx_word' id='word_1_117' title='bbox 1113 1653 1292 1707; x_wconf 89' lang='lat' dir='ltr'><strong>virum</strong></span> <span class='ocrx_word' id='word_1_118' title='bbox 1341 1653 1504 1708; x_wconf 90' lang='lat' dir='ltr'><strong>unice</strong></span> <span class='ocrx_word' id='word_1_119' title='bbox 1546 1652 1853 1714; x_wconf 85' lang='lat' dir='ltr'><strong>dilexerim,</strong></span> <span class='ocrx_word' id='word_1_120' title='bbox 1882 1660 1989 1706; x_wconf 91' lang='lat' dir='ltr'><strong>etc.</strong></span> <span class='ocrx_word' id='word_1_121' title='bbox 2025 1671 2042 1703; x_wconf 72' lang='grc' dir='ltr'><strong>ι</strong></span> 
     </span>
    </p>
   </div>
   <div class='ocr_carea' id='block_1_19' title="bbox 2154 458 3199 529">
    <p class='ocr_par' dir='ltr' id='par_1_19' title="bbox 2154 458 3199 529">
     <span class='ocr_line' id='line_1_19' title="bbox 2154 458 3199 529; baseline -0.003 -13"><span class='ocrx_word' id='word_1_122' title='bbox 2154 462 2278 526; x_wconf 87' lang='lat' dir='ltr'><strong>bus,</strong></span> <span class='ocrx_word' id='word_1_123' title='bbox 2305 461 2525 516; x_wconf 89' lang='lat' dir='ltr'><strong>duobus</strong></span> <span class='ocrx_word' id='word_1_124' title='bbox 2547 458 2952 529; x_wconf 83' lang='lat' dir='ltr'><strong>Apollinarium</strong></span> <span class='ocrx_word' id='word_1_125' title='bbox 2979 458 3199 514; x_wconf 82' lang='lat' dir='ltr'><strong>refellit.</strong></span> 
     </span>
    </p>
   </div>
   <div class='ocr_carea' id='block_1_20' title="bbox 2213 550 3739 622">
    <p class='ocr_par' dir='ltr' id='par_1_20' title="bbox 2213 550 3739 622">
     <span class='ocr_line' id='line_1_20' title="bbox 2213 550 3739 622; baseline 0.001 -15"><span class='ocrx_word' id='word_1_126' title='bbox 2213 552 2447 622; x_wconf 87' lang='lat' dir='ltr'><strong>Scripsit</strong></span> <span class='ocrx_word' id='word_1_127' title='bbox 2470 551 2637 607; x_wconf 87' lang='lat' dir='ltr'><strong>etiam</strong></span> <span class='ocrx_word' id='word_1_128' title='bbox 2671 550 3096 606; x_wconf 84' lang='lat' dir='ltr'><strong>commentarios</strong></span> <span class='ocrx_word' id='word_1_129' title='bbox 3141 553 3198 606; x_wconf 94' lang='lat' dir='ltr'><strong>in</strong></span> <span class='ocrx_word' id='word_1_130' title='bbox 3231 551 3457 608; x_wconf 87' lang='lat' dir='ltr'><strong>Cantica</strong></span> <span class='ocrx_word' id='word_1_131' title='bbox 3487 555 3739 610; x_wconf 84' lang='lat' dir='ltr'><strong>cantico-</strong></span> 
     </span>
    </p>
   </div>
   <div class='ocr_carea' id='block_1_21' title="bbox 2160 642 3738 714">
    <p class='ocr_par' dir='ltr' id='par_1_21' title="bbox 2160 642 3738 714">
     <span class='ocr_line' id='line_1_21' title="bbox 2160 642 3738 714; baseline 0 -14"><span class='ocrx_word' id='word_1_132' title='bbox 2160 661 2304 710; x_wconf 90' lang='lat' dir='ltr'><strong>rum,</strong></span> <span class='ocrx_word' id='word_1_133' title='bbox 2335 660 2446 700; x_wconf 92' lang='lat' dir='ltr'><strong>non</strong></span> <span class='ocrx_word' id='word_1_134' title='bbox 2480 643 2576 714; x_wconf 88' lang='lat' dir='ltr'><strong>qui</strong></span> <span class='ocrx_word' id='word_1_135' title='bbox 2615 642 2893 697; x_wconf 88' lang='lat' dir='ltr'><strong>habentur</strong></span> <span class='ocrx_word' id='word_1_136' title='bbox 2927 642 2984 696; x_wconf 92' lang='lat' dir='ltr'><strong>in</strong></span> <span class='ocrx_word' id='word_1_137' title='bbox 3010 642 3169 698; x_wconf 86' lang='lat' dir='ltr'><strong>libris</strong></span> <span class='ocrx_word' id='word_1_138' title='bbox 3188 644 3355 700; x_wconf 87' lang='lat' dir='ltr'><strong>editis</strong></span> <span class='ocrx_word' id='word_1_139' title='bbox 3375 663 3395 698; x_wconf 82' lang='lat'>:</span> <span class='ocrx_word' id='word_1_140' title='bbox 3427 653 3556 701; x_wconf 84' lang='lat' dir='ltr'><strong>sunt</strong></span> <span class='ocrx_word' id='word_1_141' title='bbox 3585 646 3738 701; x_wconf 91' lang='lat' dir='ltr'><strong>enim</strong></span> 
     </span>
    </p>
   </div>
   <div class='ocr_carea' id='block_1_22' title="bbox 2151 731 3740 806">
    <p class='ocr_par' dir='ltr' id='par_1_22' title="bbox 2151 731 3740 806">
     <span class='ocr_line' id='line_1_22' title="bbox 2151 731 3740 806; baseline -0.001 -15"><span class='ocrx_word' id='word_1_142' title='bbox 2151 735 2422 806; x_wconf 80' lang='lat' dir='ltr'><strong>suppositi</strong></span> <span class='ocrx_word' id='word_1_143' title='bbox 2469 735 2512 766; x_wconf 82' lang='lat'>“</span> <span class='ocrx_word' id='word_1_144' title='bbox 2557 751 2568 786; x_wconf 94' lang='lat'>:</span> <span class='ocrx_word' id='word_1_145' title='bbox 2615 733 2710 788; x_wconf 89' lang='lat' dir='ltr'><strong>sed</strong></span> <span class='ocrx_word' id='word_1_146' title='bbox 2749 731 2875 798; x_wconf 89' lang='lat' dir='ltr'><strong>alii,</strong></span> <span class='ocrx_word' id='word_1_147' title='bbox 2909 747 3050 803; x_wconf 88' lang='lat' dir='ltr'><strong>quos</strong></span> <span class='ocrx_word' id='word_1_148' title='bbox 3088 733 3366 789; x_wconf 87' lang='lat' dir='ltr'><strong>interiisse</strong></span> <span class='ocrx_word' id='word_1_149' title='bbox 3409 733 3465 788; x_wconf 94' lang='lat' dir='ltr'><strong>in</strong></span> <span class='ocrx_word' id='word_1_150' title='bbox 3501 749 3740 790; x_wconf 89' lang='lat' dir='ltr'><strong>censura</strong></span> 
     </span>
    </p>
   </div>
   <div class='ocr_carea' id='block_1_23' title="bbox 2148 823 3740 896">
    <p class='ocr_par' dir='ltr' id='par_1_23' title="bbox 2148 823 3740 896">
     <span class='ocr_line' id='line_1_23' title="bbox 2148 823 3740 896; baseline -0.001 -13"><span class='ocrx_word' id='word_1_151' title='bbox 2148 827 2526 884; x_wconf 85' lang='lat' dir='ltr'><strong>ostendemus.</strong></span> <span class='ocrx_word' id='word_1_152' title='bbox 2573 824 2811 896; x_wconf 90' lang='lat' dir='ltr'><strong>Scripsit</strong></span> <span class='ocrx_word' id='word_1_153' title='bbox 2852 824 3061 896; x_wconf 89' lang='lat' dir='ltr'><strong>pariter</strong></span> <span class='ocrx_word' id='word_1_154' title='bbox 3118 823 3176 879; x_wconf 90' lang='lat' dir='ltr'><strong>in</strong></span> <span class='ocrx_word' id='word_1_155' title='bbox 3231 825 3513 881; x_wconf 90' lang='lat' dir='ltr'><strong>Danielem</strong></span> <span class='ocrx_word' id='word_1_156' title='bbox 3566 835 3740 896; x_wconf 85' lang='lat' dir='ltr'><strong>atque</strong></span> 
     </span>
    </p>
   </div>
   <div class='ocr_carea' id='block_1_24' title="bbox 2147 911 3738 986">
    <p class='ocr_par' dir='ltr' id='par_1_24' title="bbox 2147 911 3738 986">
     <span class='ocr_line' id='line_1_24' title="bbox 2147 911 3738 986; baseline 0 -17"><span class='ocrx_word' id='word_1_157' title='bbox 2147 914 2286 982; x_wconf 82' lang='lat' dir='ltr'><strong>alios</strong></span> <span class='ocrx_word' id='word_1_158' title='bbox 2311 914 2628 985; x_wconf 88' lang='lat' dir='ltr'><strong>prophetas,</strong></span> <span class='ocrx_word' id='word_1_159' title='bbox 2658 912 2775 968; x_wconf 87' lang='lat' dir='ltr'><strong>sive</strong></span> <span class='ocrx_word' id='word_1_160' title='bbox 2803 913 2899 985; x_wconf 87' lang='lat' dir='ltr'><strong>qui</strong></span> <span class='ocrx_word' id='word_1_161' title='bbox 2921 911 3157 982; x_wconf 78' lang='lat' dir='ltr'><strong>majores</strong></span> <span class='ocrx_word' id='word_1_162' title='bbox 3187 913 3470 980; x_wconf 88' lang='lat' dir='ltr'><strong>dicuntur,</strong></span> <span class='ocrx_word' id='word_1_163' title='bbox 3489 915 3605 971; x_wconf 84' lang='lat' dir='ltr'><strong>sive</strong></span> <span class='ocrx_word' id='word_1_164' title='bbox 3637 917 3738 986; x_wconf 74' lang='lat' dir='ltr'><strong>qui</strong></span> 
     </span>
    </p>
   </div>
   <div class='ocr_carea' id='block_1_25' title="bbox 2147 1007 2413 1063">
    <p class='ocr_par' dir='ltr' id='par_1_25' title="bbox 2147 1007 2413 1063">
     <span class='ocr_line' id='line_1_25' title="bbox 2147 1007 2413 1063; baseline 0.004 -2"><span class='ocrx_word' id='word_1_165' title='bbox 2147 1007 2413 1063; x_wconf 89' lang='lat' dir='ltr'><strong>minores.</strong></span> 
     </span>
    </p>
   </div>
   <div class='ocr_carea' id='block_1_26' title="bbox 2219 1098 3740 1171">
    <p class='ocr_par' dir='ltr' id='par_1_26' title="bbox 2219 1098 3740 1171">
     <span class='ocr_line' id='line_1_26' title="bbox 2219 1098 3740 1171; baseline -0.001 -16"><span class='ocrx_word' id='word_1_166' title='bbox 2219 1100 2396 1171; x_wconf 87' lang='lat' dir='ltr'><strong>Atque</strong></span> <span class='ocrx_word' id='word_1_167' title='bbox 2448 1099 2583 1155; x_wconf 90' lang='lat' dir='ltr'><strong>illud</strong></span> <span class='ocrx_word' id='word_1_168' title='bbox 2635 1099 2740 1155; x_wconf 89' lang='lat' dir='ltr'><strong>fuit</strong></span> <span class='ocrx_word' id='word_1_169' title='bbox 2786 1098 3104 1156; x_wconf 87' lang='lat' dir='ltr'><strong>tirocinium</strong></span> <span class='ocrx_word' id='word_1_170' title='bbox 3150 1100 3416 1165; x_wconf 85' lang='lat' dir='ltr'><strong>auctoris,</strong></span> <span class='ocrx_word' id='word_1_171' title='bbox 3442 1114 3553 1169; x_wconf 88' lang='lat' dir='ltr'><strong>quo</strong></span> <span class='ocrx_word' id='word_1_172' title='bbox 3571 1115 3740 1155; x_wconf 89' lang='lat' dir='ltr'><strong>nemo</strong></span> 
     </span>
    </p>
   </div>
   <div class='ocr_carea' id='block_1_27' title="bbox 2148 1188 3742 1260">
    <p class='ocr_par' dir='ltr' id='par_1_27' title="bbox 2148 1188 3742 1260">
     <span class='ocr_line' id='line_1_27' title="bbox 2148 1188 3742 1260; baseline -0.002 -16"><span class='ocrx_word' id='word_1_173' title='bbox 2148 1191 2308 1260; x_wconf 91' lang='lat' dir='ltr'><strong>plura</strong></span> <span class='ocrx_word' id='word_1_174' title='bbox 2359 1189 2628 1245; x_wconf 90' lang='lat' dir='ltr'><strong>dicendus</strong></span> <span class='ocrx_word' id='word_1_175' title='bbox 2677 1199 2762 1245; x_wconf 89' lang='lat' dir='ltr'><strong>est</strong></span> <span class='ocrx_word' id='word_1_176' title='bbox 2807 1189 3048 1244; x_wconf 86' lang='lat' dir='ltr'><strong>edidisse</strong></span> <span class='ocrx_word' id='word_1_177' title='bbox 3078 1189 3222 1244; x_wconf 81' lang='lat' dir='ltr'><strong>inter</strong></span> <span class='ocrx_word' id='word_1_178' title='bbox 3261 1188 3502 1250; x_wconf 63' lang='lat' dir='ltr'><strong>Graecos,</strong></span> <span class='ocrx_word' id='word_1_179' title='bbox 3536 1197 3742 1258; x_wconf 61' lang='lat' dir='ltr'><strong>praeter</strong></span> 
     </span>
    </p>
   </div>
   <div class='ocr_carea' id='block_1_28' title="bbox 2147 1279 3738 1355">
    <p class='ocr_par' dir='ltr' id='par_1_28' title="bbox 2147 1279 3738 1355">
     <span class='ocr_line' id='line_1_28' title="bbox 2147 1279 3738 1355; baseline -0.002 -18"><span class='ocrx_word' id='word_1_180' title='bbox 2147 1281 2607 1355; x_wconf 87' lang='lat' dir='ltr'><strong>Chrysostomum</strong></span> <span class='ocrx_word' id='word_1_181' title='bbox 2643 1291 2702 1337; x_wconf 91' lang='lat' dir='ltr'><strong>et</strong></span> <span class='ocrx_word' id='word_1_182' title='bbox 2732 1280 3020 1354; x_wconf 88' lang='lat' dir='ltr'><strong>Cyrillum,</strong></span> <span class='ocrx_word' id='word_1_183' title='bbox 3073 1281 3120 1338; x_wconf 90' lang='lat' dir='ltr'><strong>si</strong></span> <span class='ocrx_word' id='word_1_184' title='bbox 3159 1281 3324 1336; x_wconf 90' lang='lat' dir='ltr'><strong>modo</strong></span> <span class='ocrx_word' id='word_1_185' title='bbox 3351 1280 3624 1352; x_wconf 83' lang='lat' dir='ltr'><strong>judicium</strong></span> <span class='ocrx_word' id='word_1_186' title='bbox 3649 1279 3738 1334; x_wconf 77' lang='lat' dir='ltr'><strong>fe-</strong></span> 
     </span>
    </p>
   </div>
   <div class='ocr_carea' id='block_1_29' title="bbox 2148 1372 3734 1444">
    <p class='ocr_par' dir='ltr' id='par_1_29' title="bbox 2148 1372 3734 1444">
     <span class='ocr_line' id='line_1_29' title="bbox 2148 1372 3734 1444; baseline -0.003 -15"><span class='ocrx_word' id='word_1_187' title='bbox 2148 1373 2383 1429; x_wconf 89' lang='lat' dir='ltr'><strong>rendum</strong></span> <span class='ocrx_word' id='word_1_188' title='bbox 2417 1373 2492 1428; x_wconf 89' lang='lat' dir='ltr'><strong>sit</strong></span> <span class='ocrx_word' id='word_1_189' title='bbox 2521 1389 2591 1428; x_wconf 83' lang='lat' dir='ltr'><strong>ex</strong></span> <span class='ocrx_word' id='word_1_190' title='bbox 2627 1373 2910 1444; x_wconf 81' lang='lat' dir='ltr'><strong>operibus,</strong></span> <span class='ocrx_word' id='word_1_191' title='bbox 2950 1389 3072 1443; x_wconf 83' lang='lat' dir='ltr'><strong>quae</strong></span> <span class='ocrx_word' id='word_1_192' title='bbox 3103 1372 3174 1428; x_wconf 90' lang='lat' dir='ltr'><strong>ad</strong></span> <span class='ocrx_word' id='word_1_193' title='bbox 3206 1387 3308 1428; x_wconf 87' lang='lat' dir='ltr'><strong>nos</strong></span> <span class='ocrx_word' id='word_1_194' title='bbox 3335 1381 3734 1443; x_wconf 84' lang='lat' dir='ltr'><strong>pervenerunt.</strong></span> 
     </span>
    </p>
   </div>
   <div class='ocr_carea' id='block_1_30' title="bbox 2219 1462 3742 1535">
    <p class='ocr_par' dir='ltr' id='par_1_30' title="bbox 2219 1462 3742 1535">
     <span class='ocr_line' id='line_1_30' title="bbox 2219 1462 3742 1535; baseline -0.003 -14"><span class='ocrx_word' id='word_1_195' title='bbox 2219 1466 2428 1521; x_wconf 79' lang='lat' dir='ltr'><strong>Verum</strong></span> <span class='ocrx_word' id='word_1_196' title='bbox 2467 1465 2877 1520; x_wconf 90' lang='lat' dir='ltr'><strong>laudatissimus</strong></span> <span class='ocrx_word' id='word_1_197' title='bbox 2926 1465 3016 1520; x_wconf 91' lang='lat' dir='ltr'><strong>ille</strong></span> <span class='ocrx_word' id='word_1_198' title='bbox 3071 1473 3236 1535; x_wconf 88' lang='lat' dir='ltr'><strong>atque</strong></span> <span class='ocrx_word' id='word_1_199' title='bbox 3281 1463 3610 1519; x_wconf 90' lang='lat' dir='ltr'><strong>utilissimus</strong></span> <span class='ocrx_word' id='word_1_200' title='bbox 3639 1462 3742 1517; x_wconf 82' lang='lat' dir='ltr'><strong>ad—</strong></span> 
     </span>
    </p>
   </div>
   <div class='ocr_carea' id='block_1_31' title="bbox 2149 1555 3741 1627">
    <p class='ocr_par' dir='ltr' id='par_1_31' title="bbox 2149 1555 3741 1627">
     <span class='ocr_line' id='line_1_31' title="bbox 2149 1555 3741 1627; baseline -0.003 -15"><span class='ocrx_word' id='word_1_201' title='bbox 2149 1573 2344 1613; x_wconf 89' lang='lat' dir='ltr'><strong>versus</strong></span> <span class='ocrx_word' id='word_1_202' title='bbox 2381 1557 2676 1612; x_wconf 68' lang='lat' dir='ltr'><strong>haereticos</strong></span> <span class='ocrx_word' id='word_1_203' title='bbox 2731 1556 2968 1612; x_wconf 91' lang='lat' dir='ltr'><strong>Arianos</strong></span> <span class='ocrx_word' id='word_1_204' title='bbox 3010 1567 3067 1625; x_wconf 81' lang='lat' dir='ltr'><strong>et</strong></span> <span class='ocrx_word' id='word_1_205' title='bbox 3108 1555 3526 1627; x_wconf 89' lang='lat' dir='ltr'><strong>Apollinaristas</strong></span> <span class='ocrx_word' id='word_1_206' title='bbox 3576 1555 3741 1610; x_wconf 90' lang='lat' dir='ltr'><strong>labor</strong></span> 
     </span>
    </p>
   </div>
   <div class='ocr_carea' id='block_1_32' title="bbox 2138 1645 3737 1720">
    <p class='ocr_par' dir='ltr' id='par_1_32' title="bbox 2138 1645 3737 1720">
     <span class='ocr_line' id='line_1_32' title="bbox 2138 1645 3737 1720; baseline -0.002 -16"><span class='ocrx_word' id='word_1_207' title='bbox 2138 1650 2343 1705; x_wconf 81' lang='lat' dir='ltr'><strong>&#39;nocuit</strong></span> <span class='ocrx_word' id='word_1_208' title='bbox 2379 1651 2594 1705; x_wconf 86' lang='lat' dir='ltr'><strong>auctori</strong></span> <span class='ocrx_word' id='word_1_209' title='bbox 2613 1690 2628 1714; x_wconf 93' lang='lat'><strong>,</strong></span> <span class='ocrx_word' id='word_1_210' title='bbox 2679 1650 2890 1720; x_wconf 89' lang='lat' dir='ltr'><strong>totique</strong></span> <span class='ocrx_word' id='word_1_211' title='bbox 2918 1649 3198 1713; x_wconf 64' lang='lat' dir='ltr'><strong>Ecclesiae,</strong></span> <span class='ocrx_word' id='word_1_212' title='bbox 3222 1663 3334 1703; x_wconf 90' lang='lat' dir='ltr'><strong>non</strong></span> <span class='ocrx_word' id='word_1_213' title='bbox 3358 1662 3457 1718; x_wconf 88' lang='lat' dir='ltr'><strong>per</strong></span> <span class='ocrx_word' id='word_1_214' title='bbox 3483 1662 3563 1712; x_wconf 89' lang='lat' dir='ltr'><strong>se,</strong></span> <span class='ocrx_word' id='word_1_215' title='bbox 3598 1645 3737 1716; x_wconf 88' lang='lat' dir='ltr'><strong>quid</strong></span> 
     </span>
    </p>
   </div>
   <div class='ocr_carea' id='block_1_33' title="bbox 539 1727 3734 1814">
    <p class='ocr_par' dir='ltr' id='par_1_33' title="bbox 539 1727 3734 1814">
     <span class='ocr_line' id='line_1_33' title="bbox 539 1727 3734 1814; baseline -0.001 -17"><span class='ocrx_word' id='word_1_216' title='bbox 539 1743 657 1798; x_wconf 82' lang='grc' dir='ltr'><strong>ΧΠ.</strong></span> <span class='ocrx_word' id='word_1_217' title='bbox 701 1743 838 1798; x_wconf 88' lang='lat' dir='ltr'><strong>Cum</strong></span> <span class='ocrx_word' id='word_1_218' title='bbox 883 1743 1083 1797; x_wconf 82' lang='lat' dir='ltr'><strong>vicinis</strong></span> <span class='ocrx_word' id='word_1_219' title='bbox 1107 1727 1366 1799; x_wconf 83' lang='lat' dir='ltr'><strong>omnibus</strong></span> <span class='ocrx_word' id='word_1_220' title='bbox 1409 1745 1683 1814; x_wconf 90' lang='lat' dir='ltr'><strong>episcopis</strong></span> <span class='ocrx_word' id='word_1_221' title='bbox 1721 1759 1831 1798; x_wconf 91' lang='lat' dir='ltr'><strong>non</strong></span> <span class='ocrx_word' id='word_1_222' title='bbox 1857 1744 2051 1798; x_wconf 91' lang='lat' dir='ltr'><strong>huma-</strong></span> <span class='ocrx_word' id='word_1_223' title='bbox 2082 1755 2121 1808; x_wconf 76' lang='grc' dir='ltr'><strong>Β</strong></span> <span class='ocrx_word' id='word_1_224' title='bbox 2149 1744 2296 1798; x_wconf 90' lang='lat' dir='ltr'><strong>enim</strong></span> <span class='ocrx_word' id='word_1_225' title='bbox 2351 1742 2703 1798; x_wconf 88' lang='lat' dir='ltr'><strong>consultius?</strong></span> <span class='ocrx_word' id='word_1_226' title='bbox 2758 1741 2854 1797; x_wconf 90' lang='lat' dir='ltr'><strong>sed</strong></span> <span class='ocrx_word' id='word_1_227' title='bbox 2894 1741 3100 1797; x_wconf 89' lang='lat' dir='ltr'><strong>infelici</strong></span> <span class='ocrx_word' id='word_1_228' title='bbox 3141 1740 3378 1812; x_wconf 89' lang='lat' dir='ltr'><strong>quadam</strong></span> <span class='ocrx_word' id='word_1_229' title='bbox 3421 1740 3734 1795; x_wconf 83' lang='lat' dir='ltr'><strong>occasione.</strong></span> 
     </span>
    </p>
   </div>
   <div class='ocr_carea' id='block_1_34' title="bbox 471 1835 2050 1905">
    <p class='ocr_par' dir='ltr' id='par_1_34' title="bbox 471 1835 2050 1905">
     <span class='ocr_line' id='line_1_34' title="bbox 471 1835 2050 1905; baseline 0.001 -16"><span class='ocrx_word' id='word_1_230' title='bbox 471 1852 594 1890; x_wconf 85' lang='lat' dir='ltr'><strong>nam</strong></span> <span class='ocrx_word' id='word_1_231' title='bbox 617 1835 780 1889; x_wconf 88' lang='lat' dir='ltr'><strong>modo</strong></span> <span class='ocrx_word' id='word_1_232' title='bbox 811 1835 1107 1889; x_wconf 87' lang='lat' dir='ltr'><strong>amicitiam</strong></span> <span class='ocrx_word' id='word_1_233' title='bbox 1145 1837 1336 1900; x_wconf 90' lang='lat' dir='ltr'><strong>coluit,</strong></span> <span class='ocrx_word' id='word_1_234' title='bbox 1381 1837 1476 1890; x_wconf 89' lang='lat' dir='ltr'><strong>sed</strong></span> <span class='ocrx_word' id='word_1_235' title='bbox 1514 1836 1887 1891; x_wconf 86' lang='lat' dir='ltr'><strong>Christianam</strong></span> <span class='ocrx_word' id='word_1_236' title='bbox 1913 1851 2050 1905; x_wconf 82' lang='lat' dir='ltr'><strong>quo-</strong></span> 
     </span>
    </p>
   </div>
   <div class='ocr_carea' id='block_1_35' title="bbox 468 1927 2048 1999">
    <p class='ocr_par' dir='ltr' id='par_1_35' title="bbox 468 1927 2048 1999">
     <span class='ocr_line' id='line_1_35' title="bbox 468 1927 2048 1999; baseline 0 -17"><span class='ocrx_word' id='word_1_237' title='bbox 468 1943 576 1997; x_wconf 86' lang='lat' dir='ltr'><strong>que</strong></span> <span class='ocrx_word' id='word_1_238' title='bbox 625 1927 968 1981; x_wconf 90' lang='lat' dir='ltr'><strong>charitatem.</strong></span> <span class='ocrx_word' id='word_1_239' title='bbox 1018 1927 1079 1980; x_wconf 90' lang='lat' dir='ltr'><strong>In</strong></span> <span class='ocrx_word' id='word_1_240' title='bbox 1134 1927 1499 1996; x_wconf 79' lang='lat' dir='ltr'><strong>Euphratesia</strong></span> <span class='ocrx_word' id='word_1_241' title='bbox 1543 1928 1847 1997; x_wconf 78' lang='lat' dir='ltr'><strong>provincia,</strong></span> <span class='ocrx_word' id='word_1_242' title='bbox 1891 1929 2048 1999; x_wconf 87' lang='lat' dir='ltr'><strong>cujus</strong></span> 
     </span>
    </p>
   </div>
   <div class='ocr_carea' id='block_1_36' title="bbox 469 2017 2047 2090">
    <p class='ocr_par' dir='ltr' id='par_1_36' title="bbox 469 2017 2047 2090">
     <span class='ocr_line' id='line_1_36' title="bbox 469 2017 2047 2090; baseline 0 -16"><span class='ocrx_word' id='word_1_243' title='bbox 469 2035 596 2089; x_wconf 88' lang='lat' dir='ltr'><strong>pars</strong></span> <span class='ocrx_word' id='word_1_244' title='bbox 625 2026 709 2074; x_wconf 88' lang='lat' dir='ltr'><strong>est</strong></span> <span class='ocrx_word' id='word_1_245' title='bbox 741 2017 1042 2090; x_wconf 78' lang='lat' dir='ltr'><strong>Cyrestiea,</strong></span> <span class='ocrx_word' id='word_1_246' title='bbox 1080 2017 1308 2071; x_wconf 88' lang='lat' dir='ltr'><strong>fuerunt</strong></span> <span class='ocrx_word' id='word_1_247' title='bbox 1339 2034 1403 2073; x_wconf 88' lang='lat' dir='ltr'><strong>ea</strong></span> <span class='ocrx_word' id='word_1_248' title='bbox 1435 2027 1615 2084; x_wconf 60' lang='lat' dir='ltr'><strong>aetate,</strong></span> <span class='ocrx_word' id='word_1_249' title='bbox 1653 2019 1800 2088; x_wconf 93' lang='lat' dir='ltr'><strong>quod</strong></span> <span class='ocrx_word' id='word_1_250' title='bbox 1823 2020 2047 2089; x_wconf 90' lang='lat' dir='ltr'><strong>quidem</strong></span> 
     </span>
    </p>
   </div>
   <div class='ocr_carea' id='block_1_37' title="bbox 468 2108 2050 2180">
    <p class='ocr_par' dir='ltr' id='par_1_37' title="bbox 468 2108 2050 2180">
     <span class='ocr_line' id='line_1_37' title="bbox 468 2108 2050 2180; baseline 0.001 -16"><span class='ocrx_word' id='word_1_251' title='bbox 468 2110 661 2173; x_wconf 83' lang='lat' dir='ltr'><strong>sciam,</strong></span> <span class='ocrx_word' id='word_1_252' title='bbox 693 2119 893 2179; x_wconf 79' lang='lat' dir='ltr'><strong>praeter</strong></span> <span class='ocrx_word' id='word_1_253' title='bbox 925 2109 1126 2178; x_wconf 84' lang='lat' dir='ltr'><strong>Cyrum</strong></span> <span class='ocrx_word' id='word_1_254' title='bbox 1164 2108 1454 2164; x_wconf 88' lang='lat' dir='ltr'><strong>duodecim</strong></span> <span class='ocrx_word' id='word_1_255' title='bbox 1501 2111 1786 2176; x_wconf 81' lang='lat' dir='ltr'><strong>civitates;</strong></span> <span class='ocrx_word' id='word_1_256' title='bbox 1832 2110 2050 2180; x_wconf 67' lang='lat' dir='ltr'><strong>scripta:</strong></span> 
     </span>
    </p>
   </div>
   <div class='ocr_carea' id='block_1_38' title="bbox 468 2196 2048 2268">
    <p class='ocr_par' dir='ltr' id='par_1_38' title="bbox 468 2196 2048 2268">
     <span class='ocr_line' id='line_1_38' title="bbox 468 2196 2048 2268; baseline 0.003 -18"><span class='ocrx_word' id='word_1_257' title='bbox 468 2196 538 2250; x_wconf 80' lang='lat' dir='ltr'><strong>a:_l</strong></span> <span class='ocrx_word' id='word_1_258' title='bbox 588 2196 828 2266; x_wconf 85' lang='lat' dir='ltr'><strong>plurium</strong></span> <span class='ocrx_word' id='word_1_259' title='bbox 892 2197 1171 2252; x_wconf 90' lang='lat' dir='ltr'><strong>antistites</strong></span> <span class='ocrx_word' id='word_1_260' title='bbox 1230 2197 1474 2268; x_wconf 69' lang='lat' dir='ltr'><strong>epistolae</strong></span> <span class='ocrx_word' id='word_1_261' title='bbox 1527 2215 1676 2254; x_wconf 87' lang='lat' dir='ltr'><strong>nunc</strong></span> <span class='ocrx_word' id='word_1_262' title='bbox 1743 2200 2048 2264; x_wconf 87' lang='lat' dir='ltr'><strong>habentur,</strong></span> 
     </span>
    </p>
   </div>
   <div class='ocr_carea' id='block_1_39' title="bbox 470 2288 2044 2360">
    <p class='ocr_par' dir='ltr' id='par_1_39' title="bbox 470 2288 2044 2360">
     <span class='ocr_line' id='line_1_39' title="bbox 470 2288 2044 2360; baseline 0.003 -18"><span class='ocrx_word' id='word_1_263' title='bbox 470 2290 660 2342; x_wconf 59' lang='lat' dir='ltr'><strong>amicae</strong></span> <span class='ocrx_word' id='word_1_264' title='bbox 703 2303 894 2342; x_wconf 88' lang='lat' dir='ltr'><strong>omnes</strong></span> <span class='ocrx_word' id='word_1_265' title='bbox 927 2296 983 2342; x_wconf 88' lang='lat' dir='ltr'><strong>et</strong></span> <span class='ocrx_word' id='word_1_266' title='bbox 1010 2288 1293 2344; x_wconf 87' lang='lat' dir='ltr'><strong>charitatis</strong></span> <span class='ocrx_word' id='word_1_267' title='bbox 1328 2305 1492 2345; x_wconf 90' lang='lat' dir='ltr'><strong>sensu</strong></span> <span class='ocrx_word' id='word_1_268' title='bbox 1528 2291 1722 2360; x_wconf 65' lang='lat' dir='ltr'><strong>plenae.</strong></span> <span class='ocrx_word' id='word_1_269' title='bbox 1760 2291 2044 2346; x_wconf 80' lang='lat' dir='ltr'><strong>Habentur</strong></span> 
     </span>
    </p>
   </div>
   <div class='ocr_carea' id='block_1_40' title="bbox 472 2379 2048 2453">
    <p class='ocr_par' dir='ltr' id='par_1_40' title="bbox 472 2379 2048 2453">
     <span class='ocr_line' id='line_1_40' title="bbox 472 2379 2048 2453; baseline 0.004 -21"><span class='ocrx_word' id='word_1_270' title='bbox 472 2395 605 2434; x_wconf 85' lang='lat' dir='ltr'><strong>sane</strong></span> <span class='ocrx_word' id='word_1_271' title='bbox 644 2380 711 2434; x_wconf 92' lang='lat' dir='ltr'><strong>ad</strong></span> <span class='ocrx_word' id='word_1_272' title='bbox 741 2379 1110 2435; x_wconf 80' lang='lat' dir='ltr'><strong>Alexandrum</strong></span> <span class='ocrx_word' id='word_1_273' title='bbox 1130 2380 1605 2451; x_wconf 83' lang='lat' dir='ltr'><strong>Hierapolitanum</strong></span> <span class='ocrx_word' id='word_1_274' title='bbox 1635 2384 1946 2453; x_wconf 85' lang='lat' dir='ltr'><strong>primatem,</strong></span> <span class='ocrx_word' id='word_1_275' title='bbox 1980 2383 2048 2439; x_wconf 93' lang='lat' dir='ltr'><strong>ad</strong></span> 
     </span>
    </p>
   </div>
   <div class='ocr_carea' id='block_1_41' title="bbox 472 2471 2046 2542">
    <p class='ocr_par' dir='ltr' id='par_1_41' title="bbox 472 2471 2046 2542">
     <span class='ocr_line' id='line_1_41' title="bbox 472 2471 2046 2542; baseline 0.002 -14"><span class='ocrx_word' id='word_1_276' title='bbox 472 2471 749 2528; x_wconf 86' lang='lat' dir='ltr'><strong>Andream</strong></span> <span class='ocrx_word' id='word_1_277' title='bbox 774 2471 1212 2538; x_wconf 88' lang='lat' dir='ltr'><strong>Samosatenum,</strong></span> <span class='ocrx_word' id='word_1_278' title='bbox 1239 2473 1503 2528; x_wconf 82' lang='lat' dir='ltr'><strong>Joannem</strong></span> <span class='ocrx_word' id='word_1_279' title='bbox 1525 2473 2046 2542; x_wconf 90' lang='lat' dir='ltr'><strong>Germaniciensem,</strong></span> 
     </span>
    </p>
   </div>
   <div class='ocr_carea' id='block_1_42' title="bbox 475 2560 2050 2632">
    <p class='ocr_par' dir='ltr' id='par_1_42' title="bbox 475 2560 2050 2632">
     <span class='ocr_line' id='line_1_42' title="bbox 475 2560 2050 2632; baseline 0.004 -17"><span class='ocrx_word' id='word_1_280' title='bbox 475 2560 884 2616; x_wconf 83' lang='lat' dir='ltr'><strong>Theodoretum</strong></span> <span class='ocrx_word' id='word_1_281' title='bbox 919 2561 1753 2632; x_wconf 88' lang='lat' dir='ltr'><strong>Zeugmatensem,Sabinianum</strong></span> <span class='ocrx_word' id='word_1_282' title='bbox 1773 2565 2050 2621; x_wconf 82' lang='lat' dir='ltr'><strong>Perrhen-</strong></span> 
     </span>
    </p>
   </div>
   <div class='ocr_carea' id='block_1_43' title="bbox 473 2650 2046 2723">
    <p class='ocr_par' dir='ltr' id='par_1_43' title="bbox 473 2650 2046 2723">
     <span class='ocr_line' id='line_1_43' title="bbox 473 2650 2046 2723; baseline 0.001 -15"><span class='ocrx_word' id='word_1_283' title='bbox 473 2670 632 2719; x_wconf 85' lang='lat' dir='ltr'><strong>sem;</strong></span> <span class='ocrx_word' id='word_1_284' title='bbox 695 2669 798 2708; x_wconf 89' lang='lat' dir='ltr'><strong>nec</strong></span> <span class='ocrx_word' id='word_1_285' title='bbox 856 2650 1084 2706; x_wconf 90' lang='lat' dir='ltr'><strong>dubium</strong></span> <span class='ocrx_word' id='word_1_286' title='bbox 1120 2654 1254 2723; x_wconf 90' lang='lat' dir='ltr'><strong>quin</strong></span> <span class='ocrx_word' id='word_1_287' title='bbox 1295 2653 1364 2708; x_wconf 92' lang='lat' dir='ltr'><strong>ad</strong></span> <span class='ocrx_word' id='word_1_288' title='bbox 1397 2653 1552 2718; x_wconf 89' lang='lat' dir='ltr'><strong>alios,</strong></span> <span class='ocrx_word' id='word_1_289' title='bbox 1591 2655 1742 2709; x_wconf 91' lang='lat' dir='ltr'><strong>velut</strong></span> <span class='ocrx_word' id='word_1_290' title='bbox 1793 2655 2046 2721; x_wconf 86' lang='lat' dir='ltr'><strong>Dolichii,</strong></span> 
     </span>
    </p>
   </div>
   <div class='ocr_carea' id='block_1_44' title="bbox 477 2743 2050 2815">
    <p class='ocr_par' dir='ltr' id='par_1_44' title="bbox 477 2743 2050 2815">
     <span class='ocr_line' id='line_1_44' title="bbox 477 2743 2050 2815; baseline 0.002 -17"><span class='ocrx_word' id='word_1_291' title='bbox 477 2744 704 2813; x_wconf 85' lang='lat' dir='ltr'><strong>Europi,</strong></span> <span class='ocrx_word' id='word_1_292' title='bbox 730 2743 1070 2807; x_wconf 89' lang='lat' dir='ltr'><strong>Urimorum,</strong></span> <span class='ocrx_word' id='word_1_293' title='bbox 1094 2743 1481 2808; x_wconf 69' lang='lat' dir='ltr'><strong>Neocaesareae,</strong></span> <span class='ocrx_word' id='word_1_294' title='bbox 1506 2743 1858 2815; x_wconf 89' lang='lat' dir='ltr'><strong>Sergiopolis,</strong></span> <span class='ocrx_word' id='word_1_295' title='bbox 1895 2745 2050 2802; x_wconf 61' lang='lat' dir='ltr'><strong>Sura;</strong></span> 
     </span>
    </p>
   </div>
   <div class='ocr_carea' id='block_1_45' title="bbox 475 2835 2050 2906">
    <p class='ocr_par' dir='ltr' id='par_1_45' title="bbox 475 2835 2050 2906">
     <span class='ocr_line' id='line_1_45' title="bbox 475 2835 2050 2906; baseline 0.004 -16"><span class='ocrx_word' id='word_1_296' title='bbox 475 2848 534 2890; x_wconf 85' lang='lat' dir='ltr'><strong>et</strong></span> <span class='ocrx_word' id='word_1_297' title='bbox 571 2835 987 2906; x_wconf 82' lang='lat' dir='ltr'><strong>Macrianopolis</strong></span> <span class='ocrx_word' id='word_1_298' title='bbox 1023 2835 1282 2905; x_wconf 63' lang='lat' dir='ltr'><strong>praesides</strong></span> <span class='ocrx_word' id='word_1_299' title='bbox 1318 2855 1331 2890; x_wconf 89' lang='lat'><strong>:</strong></span> <span class='ocrx_word' id='word_1_300' title='bbox 1365 2852 1492 2890; x_wconf 90' lang='lat' dir='ltr'><strong>nam</strong></span> <span class='ocrx_word' id='word_1_301' title='bbox 1527 2837 1712 2892; x_wconf 61' lang='lat' dir='ltr'><strong>multat</strong></span> <span class='ocrx_word' id='word_1_302' title='bbox 1753 2847 1901 2905; x_wconf 90' lang='lat' dir='ltr'><strong>sunt,</strong></span> <span class='ocrx_word' id='word_1_303' title='bbox 1937 2855 2050 2896; x_wconf 91' lang='lat' dir='ltr'><strong>non</strong></span> 
     </span>
    </p>
   </div>
   <div class='ocr_carea' id='block_1_46' title="bbox 476 2926 2049 3002">
    <p class='ocr_par' dir='ltr' id='par_1_46' title="bbox 476 2926 2049 3002">
     <span class='ocr_line' id='line_1_46' title="bbox 476 2926 2049 3002; baseline 0.004 -22"><span class='ocrx_word' id='word_1_304' title='bbox 476 2927 754 2997; x_wconf 74' lang='lat' dir='ltr'><strong>inscriptae</strong></span> <span class='ocrx_word' id='word_1_305' title='bbox 795 2926 1016 2982; x_wconf 91' lang='lat' dir='ltr'><strong>nomine</strong></span> <span class='ocrx_word' id='word_1_306' title='bbox 1075 2926 1349 2994; x_wconf 87' lang='lat' dir='ltr'><strong>civitatis,</strong></span> <span class='ocrx_word' id='word_1_307' title='bbox 1402 2929 1560 3000; x_wconf 87' lang='lat' dir='ltr'><strong>cujus</strong></span> <span class='ocrx_word' id='word_1_308' title='bbox 1606 2928 1675 2983; x_wconf 90' lang='lat' dir='ltr'><strong>ad</strong></span> <span class='ocrx_word' id='word_1_309' title='bbox 1730 2929 2049 3002; x_wconf 89' lang='lat' dir='ltr'><strong>episcopum</strong></span> 
     </span>
    </p>
   </div>
   <div class='ocr_carea' id='block_1_47' title="bbox 475 3019 854 3073">
    <p class='ocr_par' dir='ltr' id='par_1_47' title="bbox 475 3019 854 3073">
     <span class='ocr_line' id='line_1_47' title="bbox 475 3019 854 3073; baseline -0.003 0"><span class='ocrx_word' id='word_1_310' title='bbox 475 3019 854 3073; x_wconf 86' lang='lat' dir='ltr'><strong>mittebantur.</strong></span> 
     </span>
    </p>
   </div>
   <div class='ocr_carea' id='block_1_48' title="bbox 2155 1831 3736 1906">
    <p class='ocr_par' dir='ltr' id='par_1_48' title="bbox 2155 1831 3736 1906">
     <span class='ocr_line' id='line_1_48' title="bbox 2155 1831 3736 1906; baseline -0.003 -16"><span class='ocrx_word' id='word_1_311' title='bbox 2155 1836 2292 1890; x_wconf 90' lang='lat' dir='ltr'><strong>Nam</strong></span> <span class='ocrx_word' id='word_1_312' title='bbox 2322 1849 2447 1890; x_wconf 91' lang='lat' dir='ltr'><strong>cum</strong></span> <span class='ocrx_word' id='word_1_313' title='bbox 2480 1833 2867 1890; x_wconf 89' lang='lat' dir='ltr'><strong>Theodoretus</strong></span> <span class='ocrx_word' id='word_1_314' title='bbox 2905 1834 3211 1906; x_wconf 64' lang='lat' dir='ltr'><strong>praestigias</strong></span> <span class='ocrx_word' id='word_1_315' title='bbox 3256 1831 3481 1904; x_wconf 81' lang='lat' dir='ltr'><strong>triginta</strong></span> <span class='ocrx_word' id='word_1_316' title='bbox 3521 1832 3736 1903; x_wconf 89' lang='lat' dir='ltr'><strong>Apolli-</strong></span> 
     </span>
    </p>
   </div>
   <div class='ocr_carea' id='block_1_49' title="bbox 2153 1924 3738 1998">
    <p class='ocr_par' dir='ltr' id='par_1_49' title="bbox 2153 1924 3738 1998">
     <span class='ocr_line' id='line_1_49' title="bbox 2153 1924 3738 1998; baseline -0.003 -16"><span class='ocrx_word' id='word_1_317' title='bbox 2153 1927 2327 1992; x_wconf 89' lang='lat' dir='ltr'><strong>narii,</strong></span> <span class='ocrx_word' id='word_1_318' title='bbox 2366 1935 2734 1998; x_wconf 85' lang='lat' dir='ltr'><strong>cognatasque</strong></span> <span class='ocrx_word' id='word_1_319' title='bbox 2786 1927 3018 1981; x_wconf 89' lang='lat' dir='ltr'><strong>aliorum</strong></span> <span class='ocrx_word' id='word_1_320' title='bbox 3063 1926 3450 1982; x_wconf 65' lang='lat' dir='ltr'><strong>haereticorum</strong></span> <span class='ocrx_word' id='word_1_321' title='bbox 3493 1924 3738 1995; x_wconf 84' lang='lat' dir='ltr'><strong>argutias</strong></span> 
     </span>
    </p>
   </div>
   <div class='ocr_carea' id='block_1_50' title="bbox 2155 2017 3737 2090">
    <p class='ocr_par' dir='ltr' id='par_1_50' title="bbox 2155 2017 3737 2090">
     <span class='ocr_line' id='line_1_50' title="bbox 2155 2017 3737 2090; baseline -0.003 -15"><span class='ocrx_word' id='word_1_322' title='bbox 2155 2021 2503 2084; x_wconf 79' lang='lat' dir='ltr'><strong>dissolveret,</strong></span> <span class='ocrx_word' id='word_1_323' title='bbox 2561 2035 2759 2089; x_wconf 83' lang='lat' dir='ltr'><strong>passus</strong></span> <span class='ocrx_word' id='word_1_324' title='bbox 2819 2027 2924 2084; x_wconf 89' lang='lat' dir='ltr'><strong>est,</strong></span> <span class='ocrx_word' id='word_1_325' title='bbox 2979 2020 3125 2090; x_wconf 91' lang='lat' dir='ltr'><strong>quod</strong></span> <span class='ocrx_word' id='word_1_326' title='bbox 3169 2019 3526 2075; x_wconf 85' lang='lat' dir='ltr'><strong>vehementer</strong></span> <span class='ocrx_word' id='word_1_327' title='bbox 3551 2017 3737 2071; x_wconf 79' lang='lat' dir='ltr'><strong>aﬂ‘ccti</strong></span> 
     </span>
    </p>
   </div>
   <div class='ocr_carea' id='block_1_51' title="bbox 2154 2107 3742 2180">
    <p class='ocr_par' dir='ltr' id='par_1_51' title="bbox 2154 2107 3742 2180">
     <span class='ocr_line' id='line_1_51' title="bbox 2154 2107 3742 2180; baseline -0.003 -14"><span class='ocrx_word' id='word_1_328' title='bbox 2154 2111 2335 2166; x_wconf 89' lang='lat' dir='ltr'><strong>solent</strong></span> <span class='ocrx_word' id='word_1_329' title='bbox 2370 2127 2384 2163; x_wconf 90' lang='lat'>:</span> <span class='ocrx_word' id='word_1_330' title='bbox 2422 2109 2623 2164; x_wconf 89' lang='lat' dir='ltr'><strong>formas</strong></span> <span class='ocrx_word' id='word_1_331' title='bbox 2650 2109 2880 2180; x_wconf 89' lang='lat' dir='ltr'><strong>hujusce</strong></span> <span class='ocrx_word' id='word_1_332' title='bbox 2912 2109 3139 2164; x_wconf 78' lang='lat' dir='ltr'><strong>haeresis</strong></span> <span class='ocrx_word' id='word_1_333' title='bbox 3164 2109 3339 2174; x_wconf 86' lang='lat' dir='ltr'><strong>ﬁnxit,</strong></span> <span class='ocrx_word' id='word_1_334' title='bbox 3381 2124 3448 2163; x_wconf 91' lang='lat' dir='ltr'><strong>eo</strong></span> <span class='ocrx_word' id='word_1_335' title='bbox 3491 2107 3742 2162; x_wconf 85' lang='lat' dir='ltr'><strong>fallacio-</strong></span> 
     </span>
    </p>
   </div>
   <div class='ocr_carea' id='block_1_52' title="bbox 2155 2199 3738 2273">
    <p class='ocr_par' dir='ltr' id='par_1_52' title="bbox 2155 2199 3738 2273">
     <span class='ocr_line' id='line_1_52' title="bbox 2155 2199 3738 2273; baseline -0.002 -16"><span class='ocrx_word' id='word_1_336' title='bbox 2155 2219 2266 2267; x_wconf 88' lang='lat' dir='ltr'><strong>res,</strong></span> <span class='ocrx_word' id='word_1_337' title='bbox 2307 2216 2417 2273; x_wconf 92' lang='lat' dir='ltr'><strong>quo</strong></span> <span class='ocrx_word' id='word_1_338' title='bbox 2453 2201 2774 2267; x_wconf 89' lang='lat' dir='ltr'><strong>invidiores,</strong></span> <span class='ocrx_word' id='word_1_339' title='bbox 2821 2216 3045 2272; x_wconf 89' lang='lat' dir='ltr'><strong>easque,</strong></span> <span class='ocrx_word' id='word_1_340' title='bbox 3093 2216 3281 2256; x_wconf 90' lang='lat' dir='ltr'><strong>amore</strong></span> <span class='ocrx_word' id='word_1_341' title='bbox 3323 2200 3449 2256; x_wconf 84' lang='lat' dir='ltr'><strong>fidei</strong></span> <span class='ocrx_word' id='word_1_342' title='bbox 3494 2199 3738 2269; x_wconf 91' lang='lat' dir='ltr'><strong>odioque</strong></span> 
     </span>
    </p>
   </div>
   <div class='ocr_carea' id='block_1_53' title="bbox 2155 2293 3738 2364">
    <p class='ocr_par' dir='ltr' id='par_1_53' title="bbox 2155 2293 3738 2364">
     <span class='ocr_line' id='line_1_53' title="bbox 2155 2293 3738 2364; baseline -0.001 -16"><span class='ocrx_word' id='word_1_343' title='bbox 2155 2293 2362 2348; x_wconf 88' lang='lat' dir='ltr'><strong>erroris</strong></span> <span class='ocrx_word' id='word_1_344' title='bbox 2383 2293 2688 2359; x_wconf 90' lang='lat' dir='ltr'><strong>annitente,</strong></span> <span class='ocrx_word' id='word_1_345' title='bbox 2715 2293 2821 2348; x_wconf 88' lang='lat' dir='ltr'><strong>alte</strong></span> <span class='ocrx_word' id='word_1_346' title='bbox 2848 2293 3032 2349; x_wconf 90' lang='lat' dir='ltr'><strong>animo</strong></span> <span class='ocrx_word' id='word_1_347' title='bbox 3079 2294 3162 2350; x_wconf 90' lang='lat' dir='ltr'><strong>sic</strong></span> <span class='ocrx_word' id='word_1_348' title='bbox 3193 2293 3492 2364; x_wconf 88' lang='lat' dir='ltr'><strong>impressit,</strong></span> <span class='ocrx_word' id='word_1_349' title='bbox 3525 2301 3588 2347; x_wconf 89' lang='lat' dir='ltr'><strong>ut</strong></span> <span class='ocrx_word' id='word_1_350' title='bbox 3617 2293 3738 2346; x_wconf 81' lang='lat' dir='ltr'><strong>hae-</strong></span> 
     </span>
    </p>
   </div>
   <div class='ocr_carea' id='block_1_54' title="bbox 2156 2384 3734 2456">
    <p class='ocr_par' dir='ltr' id='par_1_54' title="bbox 2156 2384 3734 2456">
     <span class='ocr_line' id='line_1_54' title="bbox 2156 2384 3734 2456; baseline -0.001 -17"><span class='ocrx_word' id='word_1_351' title='bbox 2156 2385 2304 2440; x_wconf 91' lang='lat' dir='ltr'><strong>resin</strong></span> <span class='ocrx_word' id='word_1_352' title='bbox 2333 2393 2524 2456; x_wconf 90' lang='lat' dir='ltr'><strong>postea</strong></span> <span class='ocrx_word' id='word_1_353' title='bbox 2558 2385 2664 2441; x_wconf 90' lang='lat' dir='ltr'><strong>sibi</strong></span> <span class='ocrx_word' id='word_1_354' title='bbox 2715 2387 3028 2456; x_wconf 83' lang='lat' dir='ltr'><strong>perspicere</strong></span> <span class='ocrx_word' id='word_1_355' title='bbox 3077 2385 3383 2450; x_wconf 85' lang='lat' dir='ltr'><strong>videretur,</strong></span> <span class='ocrx_word' id='word_1_356' title='bbox 3419 2386 3474 2439; x_wconf 91' lang='lat' dir='ltr'><strong>in</strong></span> <span class='ocrx_word' id='word_1_357' title='bbox 3500 2384 3734 2455; x_wconf 90' lang='lat' dir='ltr'><strong>quibus-</strong></span> 
     </span>
    </p>
   </div>
   <div class='ocr_carea' id='block_1_55' title="bbox 2156 2474 3735 2548">
    <p class='ocr_par' dir='ltr' id='par_1_55' title="bbox 2156 2474 3735 2548">
     <span class='ocr_line' id='line_1_55' title="bbox 2156 2474 3735 2548; baseline -0.003 -16"><span class='ocrx_word' id='word_1_358' title='bbox 2156 2493 2373 2548; x_wconf 89' lang='lat' dir='ltr'><strong>cunque</strong></span> <span class='ocrx_word' id='word_1_359' title='bbox 2417 2477 2577 2533; x_wconf 86' lang='lat' dir='ltr'><strong>libris</strong></span> <span class='ocrx_word' id='word_1_360' title='bbox 2627 2485 2982 2533; x_wconf 85' lang='lat' dir='ltr'><strong>occurrerent</strong></span> <span class='ocrx_word' id='word_1_361' title='bbox 3036 2477 3206 2533; x_wconf 85' lang='lat' dir='ltr'><strong>verba</strong></span> <span class='ocrx_word' id='word_1_362' title='bbox 3259 2477 3406 2534; x_wconf 84' lang='lat' dir='ltr'><strong>ﬂecti</strong></span> <span class='ocrx_word' id='word_1_363' title='bbox 3459 2475 3638 2532; x_wconf 91' lang='lat' dir='ltr'><strong>facilia</strong></span> <span class='ocrx_word' id='word_1_364' title='bbox 3678 2474 3735 2528; x_wconf 90' lang='lat' dir='ltr'><strong>in</strong></span> 
     </span>
    </p>
   </div>
   <div class='ocr_carea' id='block_1_56' title="bbox 2156 2567 3737 2641">
    <p class='ocr_par' dir='ltr' id='par_1_56' title="bbox 2156 2567 3737 2641">
     <span class='ocr_line' id='line_1_56' title="bbox 2156 2567 3737 2641; baseline 0 -17"><span class='ocrx_word' id='word_1_365' title='bbox 2156 2570 2572 2641; x_wconf 66' lang='lat' dir='ltr'><strong>praejudicatum</strong></span> <span class='ocrx_word' id='word_1_366' title='bbox 2609 2585 2853 2626; x_wconf 89' lang='lat' dir='ltr'><strong>sensum.</strong></span> <span class='ocrx_word' id='word_1_367' title='bbox 2887 2569 3012 2625; x_wconf 76' lang='lat' dir='ltr'><strong>Haec</strong></span> <span class='ocrx_word' id='word_1_368' title='bbox 3037 2586 3066 2625; x_wconf 92' lang='lat' dir='ltr'><strong>a</strong></span> <span class='ocrx_word' id='word_1_369' title='bbox 3096 2569 3262 2625; x_wconf 91' lang='lat' dir='ltr'><strong>nobis</strong></span> <span class='ocrx_word' id='word_1_370' title='bbox 3287 2578 3347 2624; x_wconf 93' lang='lat' dir='ltr'><strong>ut</strong></span> <span class='ocrx_word' id='word_1_371' title='bbox 3374 2569 3619 2633; x_wconf 86' lang='lat' dir='ltr'><strong>brevius,</strong></span> <span class='ocrx_word' id='word_1_372' title='bbox 3656 2567 3737 2624; x_wconf 81' lang='lat' dir='ltr'><strong>ita</strong></span> 
     </span>
    </p>
   </div>
   <div class='ocr_carea' id='block_1_57' title="bbox 2156 2660 3736 2732">
    <p class='ocr_par' dir='ltr' id='par_1_57' title="bbox 2156 2660 3736 2732">
     <span class='ocr_line' id='line_1_57' title="bbox 2156 2660 3736 2732; baseline 0.001 -17"><span class='ocrx_word' id='word_1_373' title='bbox 2156 2660 2341 2716; x_wconf 90' lang='lat' dir='ltr'><strong>forsan</strong></span> <span class='ocrx_word' id='word_1_374' title='bbox 2376 2661 2669 2717; x_wconf 90' lang='lat' dir='ltr'><strong>obscurius</strong></span> <span class='ocrx_word' id='word_1_375' title='bbox 2699 2661 2866 2729; x_wconf 86' lang='lat' dir='ltr'><strong>dicta,</strong></span> <span class='ocrx_word' id='word_1_376' title='bbox 2901 2676 3244 2732; x_wconf 90' lang='lat' dir='ltr'><strong>consequens</strong></span> <span class='ocrx_word' id='word_1_377' title='bbox 3287 2676 3473 2717; x_wconf 88' lang='lat' dir='ltr'><strong>rerum</strong></span> <span class='ocrx_word' id='word_1_378' title='bbox 3499 2669 3736 2716; x_wconf 86' lang='lat' dir='ltr'><strong>eventus</strong></span> 
     </span>
    </p>
   </div>
   <div class='ocr_carea' id='block_1_58' title="bbox 2156 2752 2473 2808">
    <p class='ocr_par' dir='ltr' id='par_1_58' title="bbox 2156 2752 2473 2808">
     <span class='ocr_line' id='line_1_58' title="bbox 2156 2752 2473 2808; baseline -0.003 -1"><span class='ocrx_word' id='word_1_379' title='bbox 2156 2752 2473 2808; x_wconf 90' lang='lat' dir='ltr'><strong>declarabit.</strong></span> 
     </span>
    </p>
   </div>
   <div class='ocr_carea' id='block_1_59' title="bbox 2706 2867 3186 2939">
    <p class='ocr_par' dir='ltr' id='par_1_59' title="bbox 2706 2867 3186 2939">
     <span class='ocr_line' id='line_1_59' title="bbox 2706 2867 3186 2939; baseline -0.002 -16"><span class='ocrx_word' id='word_1_380' title='bbox 2706 2868 2863 2939; x_wconf 80' lang='lat'><strong>150</strong></span> <span class='ocrx_word' id='word_1_381' title='bbox 2895 2867 3045 2923; x_wconf 82' lang='lat' dir='ltr'><strong>CAP.</strong></span> <span class='ocrx_word' id='word_1_382' title='bbox 3093 2867 3186 2922; x_wconf 84' lang='lat' dir='ltr'><strong>1v.</strong></span> 
     </span>
    </p>
   </div>
   <div class='ocr_carea' id='block_1_60' title="bbox 2155 2979 3733 3054">
    <p class='ocr_par' dir='ltr' id='par_1_60' title="bbox 2155 2979 3733 3054">
     <span class='ocr_line' id='line_1_60' title="bbox 2155 2979 3733 3054; baseline -0.001 -17"><span class='ocrx_word' id='word_1_383' title='bbox 2155 2983 2196 3038; x_wconf 88' lang='grc' dir='ltr'><strong>Ι.</strong></span> <span class='ocrx_word' id='word_1_384' title='bbox 2223 2981 2831 3054; x_wconf 60' lang='lat' dir='ltr'><strong>Constantinopolitanw</strong></span> <span class='ocrx_word' id='word_1_385' title='bbox 2850 2981 3425 3054; x_wconf 64' lang='lat' dir='ltr'><strong>Eccles_i(e_prwﬁcitur_</strong></span> <span class='ocrx_word' id='word_1_386' title='bbox 3440 2979 3733 3036; x_wconf 73' lang='lat' dir='ltr'><strong>Nestorius.</strong></span> 
     </span>
    </p>
   </div>
   <div class='ocr_carea' id='block_1_61' title="bbox 2220 3050 3736 3117">
    <p class='ocr_par' dir='ltr' id='par_1_61' title="bbox 2220 3050 3736 3117">
     <span class='ocr_line' id='line_1_61' title="bbox 2220 3050 3736 3117; baseline -0.002 -9"><span class='ocrx_word' id='word_1_387' title='bbox 2220 3052 2284 3108; x_wconf 90' lang='lat' dir='ltr'><strong>ll.</strong></span> <span class='ocrx_word' id='word_1_388' title='bbox 2324 3050 2625 3108; x_wconf 77' lang='lat' dir='ltr'><strong>Theodoreti</strong></span> <span class='ocrx_word' id='word_1_389' title='bbox 2649 3053 2868 3107; x_wconf 86' lang='lat' dir='ltr'><strong>amicus.</strong></span> <span class='ocrx_word' id='word_1_390' title='bbox 2899 3051 3044 3106; x_wconf 81' lang='lat' dir='ltr'><strong>HLA</strong></span> <span class='ocrx_word' id='word_1_391' title='bbox 3077 3050 3342 3106; x_wconf 81' lang='lat' dir='ltr'><strong>Theodoro</strong></span> <span class='ocrx_word' id='word_1_392' title='bbox 3367 3050 3736 3117; x_wconf 81' lang='lat' dir='ltr'><strong>Mopsuesteno</strong></span> 
     </span>
    </p>
   </div>
   <div class='ocr_carea' id='block_1_62' title="bbox 543 3108 3739 3182">
    <p class='ocr_par' dir='ltr' id='par_1_62' title="bbox 543 3108 3739 3182">
     <span class='ocr_line' id='line_1_62' title="bbox 543 3108 3739 3182; baseline 0.003 -18"><span class='ocrx_word' id='word_1_393' title='bbox 543 3108 732 3179; x_wconf 89' lang='lat' dir='ltr'><strong>Neque</strong></span> <span class='ocrx_word' id='word_1_394' title='bbox 768 3124 901 3164; x_wconf 90' lang='lat' dir='ltr'><strong>vero</strong></span> <span class='ocrx_word' id='word_1_395' title='bbox 950 3125 1061 3166; x_wconf 68' lang='lat' dir='ltr'><strong>sua:</strong></span> <span class='ocrx_word' id='word_1_396' title='bbox 1111 3111 1408 3181; x_wconf 66' lang='lat' dir='ltr'><strong>provincia:</strong></span> <span class='ocrx_word' id='word_1_397' title='bbox 1455 3111 1657 3169; x_wconf 82' lang='lat' dir='ltr'><strong>ﬁnibus</strong></span> <span class='ocrx_word' id='word_1_398' title='bbox 1693 3130 1846 3169; x_wconf 91' lang='lat' dir='ltr'><strong>suam</strong></span> <span class='ocrx_word' id='word_1_399' title='bbox 1871 3113 2126 3172; x_wconf 87' lang='lat' dir='ltr'><strong>amici-C</strong></span> <span class='ocrx_word' id='word_1_400' title='bbox 2226 3122 2484 3182; x_wconf 75' lang='lat' dir='ltr'><strong>didicerat</strong></span> <span class='ocrx_word' id='word_1_401' title='bbox 2533 3124 2777 3182; x_wconf 73' lang='lat' dir='ltr'><strong>hazresin,</strong></span> <span class='ocrx_word' id='word_1_402' title='bbox 2829 3124 2910 3177; x_wconf 89' lang='lat' dir='ltr'><strong>cui</strong></span> <span class='ocrx_word' id='word_1_403' title='bbox 2969 3138 3160 3176; x_wconf 85' lang='lat' dir='ltr'><strong>nomen</strong></span> <span class='ocrx_word' id='word_1_404' title='bbox 3209 3121 3370 3176; x_wconf 82' lang='lat' dir='ltr'><strong>dedit.</strong></span> <span class='ocrx_word' id='word_1_405' title='bbox 3435 3108 3522 3174; x_wconf 65' lang='lat' dir='ltr'><strong>iV.</strong></span> <span class='ocrx_word' id='word_1_406' title='bbox 3582 3121 3739 3175; x_wconf 85' lang='lat' dir='ltr'><strong>Hanc</strong></span> 
     </span>
    </p>
   </div>
   <div class='ocr_carea' id='block_1_63' title="bbox 477 3198 2052 3273">
    <p class='ocr_par' dir='ltr' id='par_1_63' title="bbox 477 3198 2052 3273">
     <span class='ocr_line' id='line_1_63' title="bbox 477 3198 2052 3273; baseline 0.004 -22"><span class='ocrx_word' id='word_1_407' title='bbox 477 3198 607 3252; x_wconf 85' lang='lat' dir='ltr'><strong>tiam</strong></span> <span class='ocrx_word' id='word_1_408' title='bbox 665 3199 957 3262; x_wconf 90' lang='lat' dir='ltr'><strong>continuit,</strong></span> <span class='ocrx_word' id='word_1_409' title='bbox 1002 3198 1097 3254; x_wconf 93' lang='lat' dir='ltr'><strong>sed</strong></span> <span class='ocrx_word' id='word_1_410' title='bbox 1154 3199 1222 3255; x_wconf 88' lang='lat' dir='ltr'><strong>ad</strong></span> <span class='ocrx_word' id='word_1_411' title='bbox 1275 3201 1486 3257; x_wconf 83' lang='lat' dir='ltr'><strong>vicinas</strong></span> <span class='ocrx_word' id='word_1_412' title='bbox 1533 3218 1754 3273; x_wconf 91' lang='lat' dir='ltr'><strong>quoque</strong></span> <span class='ocrx_word' id='word_1_413' title='bbox 1788 3203 2052 3259; x_wconf 84' lang='lat' dir='ltr'><strong>extendit.</strong></span> 
     </span>
    </p>
   </div>
   <div class='ocr_carea' id='block_1_64' title="bbox 553 3289 2057 3363">
    <p class='ocr_par' dir='ltr' id='par_1_64' title="bbox 553 3289 2057 3363">
     <span class='ocr_line' id='line_1_64' title="bbox 553 3289 2057 3363; baseline 0.005 -20"><span class='ocrx_word' id='word_1_414' title='bbox 553 3289 713 3362; x_wconf 68' lang='grc'><strong>149</strong></span> <span class='ocrx_word' id='word_1_415' title='bbox 754 3291 1173 3362; x_wconf 88' lang='lat' dir='ltr'><strong>Euphratesiam</strong></span> <span class='ocrx_word' id='word_1_416' title='bbox 1226 3292 1525 3363; x_wconf 83' lang='lat' dir='ltr'><strong>Augustam</strong></span> <span class='ocrx_word' id='word_1_417' title='bbox 1583 3295 1820 3350; x_wconf 88' lang='lat' dir='ltr'><strong>attinent</strong></span> <span class='ocrx_word' id='word_1_418' title='bbox 1875 3295 1945 3350; x_wconf 90' lang='lat' dir='ltr'><strong>ab</strong></span> <span class='ocrx_word' id='word_1_419' title='bbox 1990 3309 2057 3350; x_wconf 87' lang='lat' dir='ltr'><strong>o-</strong></span> 
     </span>
    </p>
   </div>
   <div class='ocr_carea' id='block_1_65' title="bbox 476 3380 2057 3447">
    <p class='ocr_par' dir='ltr' id='par_1_65' title="bbox 476 3380 2057 3447">
     <span class='ocr_line' id='line_1_65' title="bbox 476 3380 2057 3447; baseline 0.003 -11"><span class='ocrx_word' id='word_1_420' title='bbox 476 3383 653 3436; x_wconf 87' lang='lat' dir='ltr'><strong>riente</strong></span> <span class='ocrx_word' id='word_1_421' title='bbox 690 3380 1007 3447; x_wconf 87' lang='lat' dir='ltr'><strong>Osrhoena;</strong></span> <span class='ocrx_word' id='word_1_422' title='bbox 1050 3397 1080 3435; x_wconf 91' lang='lat' dir='ltr'><strong>a</strong></span> <span class='ocrx_word' id='word_1_423' title='bbox 1133 3383 1364 3437; x_wconf 87' lang='lat' dir='ltr'><strong>meridie</strong></span> <span class='ocrx_word' id='word_1_424' title='bbox 1418 3385 1697 3440; x_wconf 82' lang='lat' dir='ltr'><strong>Phcenicia</strong></span> <span class='ocrx_word' id='word_1_425' title='bbox 1747 3385 1946 3442; x_wconf 87' lang='lat' dir='ltr'><strong>Libani</strong></span> <span class='ocrx_word' id='word_1_426' title='bbox 1999 3394 2057 3442; x_wconf 92' lang='lat' dir='ltr'><strong>et</strong></span> 
     </span>
    </p>
   </div>
   <div class='ocr_carea' id='block_1_66' title="bbox 479 3471 2056 3544">
    <p class='ocr_par' dir='ltr' id='par_1_66' title="bbox 479 3471 2056 3544">
     <span class='ocr_line' id='line_1_66' title="bbox 479 3471 2056 3544; baseline 0.005 -18"><span class='ocrx_word' id='word_1_427' title='bbox 479 3472 636 3543; x_wconf 87' lang='lat' dir='ltr'><strong>Syria</strong></span> <span class='ocrx_word' id='word_1_428' title='bbox 660 3471 872 3543; x_wconf 89' lang='lat' dir='ltr'><strong>prima;</strong></span> <span class='ocrx_word' id='word_1_429' title='bbox 902 3472 970 3526; x_wconf 91' lang='lat' dir='ltr'><strong>ab</strong></span> <span class='ocrx_word' id='word_1_430' title='bbox 1025 3472 1307 3528; x_wconf 91' lang='lat' dir='ltr'><strong>occidente</strong></span> <span class='ocrx_word' id='word_1_431' title='bbox 1342 3473 1532 3530; x_wconf 90' lang='lat' dir='ltr'><strong>Cilicia</strong></span> <span class='ocrx_word' id='word_1_432' title='bbox 1575 3477 1856 3544; x_wconf 90' lang='lat' dir='ltr'><strong>secunda;</strong></span> <span class='ocrx_word' id='word_1_433' title='bbox 1905 3493 1937 3532; x_wconf 92' lang='lat' dir='ltr'><strong>a</strong></span> <span class='ocrx_word' id='word_1_434' title='bbox 1969 3493 2056 3534; x_wconf 87' lang='lat' dir='ltr'><strong>se-</strong></span> 
     </span>
    </p>
   </div>
   <div class='ocr_carea' id='block_1_67' title="bbox 476 3563 2050 3638">
    <p class='ocr_par' dir='ltr' id='par_1_67' title="bbox 476 3563 2050 3638">
     <span class='ocr_line' id='line_1_67' title="bbox 476 3563 2050 3638; baseline 0.003 -20"><span class='ocrx_word' id='word_1_435' title='bbox 476 3565 786 3634; x_wconf 87' lang='lat' dir='ltr'><strong>ptentrione</strong></span> <span class='ocrx_word' id='word_1_436' title='bbox 821 3563 1098 3618; x_wconf 88' lang='lat' dir='ltr'><strong>Armenia.</strong></span> <span class='ocrx_word' id='word_1_437' title='bbox 1136 3563 1434 3620; x_wconf 72' lang='lat' dir='ltr'><strong>Osrhoena:</strong></span> <span class='ocrx_word' id='word_1_438' title='bbox 1467 3576 1632 3638; x_wconf 88' lang='lat' dir='ltr'><strong>caput</strong></span> <span class='ocrx_word' id='word_1_439' title='bbox 1665 3566 1770 3622; x_wconf 89' lang='lat' dir='ltr'><strong>fuit</strong></span> <span class='ocrx_word' id='word_1_440' title='bbox 1803 3567 2005 3622; x_wconf 86' lang='lat' dir='ltr'><strong>Edessa</strong></span> <span class='ocrx_word' id='word_1_441' title='bbox 2034 3585 2050 3634; x_wconf 89' lang='lat'><strong>;</strong></span> 
     </span>
    </p>
   </div>
   <div class='ocr_carea' id='block_1_68' title="bbox 479 3653 2050 3725">
    <p class='ocr_par' dir='ltr' id='par_1_68' title="bbox 479 3653 2050 3725">
     <span class='ocr_line' id='line_1_68' title="bbox 479 3653 2050 3725; baseline 0.004 -18"><span class='ocrx_word' id='word_1_442' title='bbox 479 3654 649 3725; x_wconf 63' lang='lat' dir='ltr'><strong>Syria:</strong></span> <span class='ocrx_word' id='word_1_443' title='bbox 682 3654 873 3724; x_wconf 67' lang='lat' dir='ltr'><strong>prima:</strong></span> <span class='ocrx_word' id='word_1_444' title='bbox 898 3654 1173 3724; x_wconf 90' lang='lat' dir='ltr'><strong>totiusque</strong></span> <span class='ocrx_word' id='word_1_445' title='bbox 1198 3653 1460 3721; x_wconf 89' lang='lat' dir='ltr'><strong>Orientis,</strong></span> <span class='ocrx_word' id='word_1_446' title='bbox 1486 3655 1804 3724; x_wconf 83' lang='lat' dir='ltr'><strong>Antiochia;</strong></span> <span class='ocrx_word' id='word_1_447' title='bbox 1825 3657 2050 3724; x_wconf 73' lang='lat' dir='ltr'><strong>Ciliciae,</strong></span> 
     </span>
    </p>
   </div>
   <div class='ocr_carea' id='block_1_69' title="bbox 475 3746 2054 3816">
    <p class='ocr_par' dir='ltr' id='par_1_69' title="bbox 475 3746 2054 3816">
     <span class='ocr_line' id='line_1_69' title="bbox 475 3746 2054 3816; baseline 0.003 -15"><span class='ocrx_word' id='word_1_448' title='bbox 475 3747 795 3802; x_wconf 84' lang='lat' dir='ltr'><strong>Anazarbus</strong></span> <span class='ocrx_word' id='word_1_449' title='bbox 820 3763 834 3812; x_wconf 90' lang='lat'><strong>;</strong></span> <span class='ocrx_word' id='word_1_450' title='bbox 866 3746 1138 3801; x_wconf 65' lang='lat' dir='ltr'><strong>Armeniae</strong></span> <span class='ocrx_word' id='word_1_451' title='bbox 1163 3747 1439 3812; x_wconf 67' lang='lat' dir='ltr'><strong>secundae,</strong></span> <span class='ocrx_word' id='word_1_452' title='bbox 1469 3748 1752 3816; x_wconf 82' lang='lat' dir='ltr'><strong>Melitene;</strong></span> <span class='ocrx_word' id='word_1_453' title='bbox 1782 3748 2054 3805; x_wconf 66' lang='lat' dir='ltr'><strong>Armenia:</strong></span> 
     </span>
    </p>
   </div>
   <div class='ocr_carea' id='block_1_70' title="bbox 477 3837 2054 3910">
    <p class='ocr_par' dir='ltr' id='par_1_70' title="bbox 477 3837 2054 3910">
     <span class='ocr_line' id='line_1_70' title="bbox 477 3837 2054 3910; baseline 0.003 -17"><span class='ocrx_word' id='word_1_454' title='bbox 477 3838 684 3908; x_wconf 86' lang='lat' dir='ltr'><strong>primae,</strong></span> <span class='ocrx_word' id='word_1_455' title='bbox 713 3837 959 3894; x_wconf 90' lang='lat' dir='ltr'><strong>Sebaste.</strong></span> <span class='ocrx_word' id='word_1_456' title='bbox 992 3838 1074 3894; x_wconf 87' lang='lat' dir='ltr'><strong>Ad</strong></span> <span class='ocrx_word' id='word_1_457' title='bbox 1101 3838 1436 3909; x_wconf 89' lang='lat' dir='ltr'><strong>singularum</strong></span> <span class='ocrx_word' id='word_1_458' title='bbox 1463 3839 1750 3910; x_wconf 90' lang='lat' dir='ltr'><strong>episcopos</strong></span> <span class='ocrx_word' id='word_1_459' title='bbox 1778 3840 2054 3900; x_wconf 87' lang='lat' dir='ltr'><strong>scribebat</strong></span> 
     </span>
    </p>
   </div>
   <div class='ocr_carea' id='block_1_71' title="bbox 477 3930 2050 4001">
    <p class='ocr_par' dir='ltr' id='par_1_71' title="bbox 477 3930 2050 4001">
     <span class='ocr_line' id='line_1_71' title="bbox 477 3930 2050 4001; baseline 0.004 -18"><span class='ocrx_word' id='word_1_460' title='bbox 477 3930 758 4000; x_wconf 85' lang='lat' dir='ltr'><strong>frequens,</strong></span> <span class='ocrx_word' id='word_1_461' title='bbox 797 3938 1119 4000; x_wconf 91' lang='lat' dir='ltr'><strong>tantumque</strong></span> <span class='ocrx_word' id='word_1_462' title='bbox 1153 3946 1252 4001; x_wconf 91' lang='lat' dir='ltr'><strong>per</strong></span> <span class='ocrx_word' id='word_1_463' title='bbox 1283 3930 1496 3985; x_wconf 87' lang='lat' dir='ltr'><strong>litteras</strong></span> <span class='ocrx_word' id='word_1_464' title='bbox 1531 3931 1764 3987; x_wconf 88' lang='lat' dir='ltr'><strong>faciebat</strong></span> <span class='ocrx_word' id='word_1_465' title='bbox 1796 3931 2050 3989; x_wconf 87' lang='lat' dir='ltr'><strong>omnibus</strong></span> 
     </span>
    </p>
   </div>
   <div class='ocr_carea' id='block_1_72' title="bbox 477 4020 2050 4092">
    <p class='ocr_par' dir='ltr' id='par_1_72' title="bbox 477 4020 2050 4092">
     <span class='ocr_line' id='line_1_72' title="bbox 477 4020 2050 4092; baseline 0.003 -18"><span class='ocrx_word' id='word_1_466' title='bbox 477 4020 562 4074; x_wconf 92' lang='lat' dir='ltr'><strong>sui</strong></span> <span class='ocrx_word' id='word_1_467' title='bbox 614 4035 877 4086; x_wconf 88' lang='lat' dir='ltr'><strong>amorem,</strong></span> <span class='ocrx_word' id='word_1_468' title='bbox 917 4029 978 4075; x_wconf 91' lang='lat' dir='ltr'><strong>ut</strong></span> <span class='ocrx_word' id='word_1_469' title='bbox 1011 4021 1138 4076; x_wconf 92' lang='lat' dir='ltr'><strong>inde</strong></span> <span class='ocrx_word' id='word_1_470' title='bbox 1166 4022 1511 4092; x_wconf 89' lang='lat' dir='ltr'><strong>postmodum</strong></span> <span class='ocrx_word' id='word_1_471' title='bbox 1537 4030 1658 4076; x_wconf 80' lang='lat' dir='ltr'><strong>orta</strong></span> <span class='ocrx_word' id='word_1_472' title='bbox 1689 4023 1760 4077; x_wconf 93' lang='lat' dir='ltr'><strong>sit</strong></span> <span class='ocrx_word' id='word_1_473' title='bbox 1793 4023 2050 4078; x_wconf 90' lang='lat' dir='ltr'><strong>crimina-</strong></span> 
     </span>
    </p>
   </div>
   <div class='ocr_carea' id='block_1_73' title="bbox 479 4112 2048 4182">
    <p class='ocr_par' dir='ltr' id='par_1_73' title="bbox 479 4112 2048 4182">
     <span class='ocr_line' id='line_1_73' title="bbox 479 4112 2048 4182; baseline 0.003 -17"><span class='ocrx_word' id='word_1_474' title='bbox 479 4112 712 4177; x_wconf 91' lang='lat' dir='ltr'><strong>tionum,</strong></span> <span class='ocrx_word' id='word_1_475' title='bbox 753 4127 889 4181; x_wconf 91' lang='lat' dir='ltr'><strong>quas</strong></span> <span class='ocrx_word' id='word_1_476' title='bbox 920 4127 1115 4182; x_wconf 84' lang='lat' dir='ltr'><strong>passus</strong></span> <span class='ocrx_word' id='word_1_477' title='bbox 1158 4122 1263 4178; x_wconf 92' lang='lat' dir='ltr'><strong>est,</strong></span> <span class='ocrx_word' id='word_1_478' title='bbox 1305 4113 1351 4168; x_wconf 90' lang='lat' dir='ltr'><strong>si</strong></span> <span class='ocrx_word' id='word_1_479' title='bbox 1382 4128 1491 4168; x_wconf 92' lang='lat' dir='ltr'><strong>non</strong></span> <span class='ocrx_word' id='word_1_480' title='bbox 1520 4125 1704 4179; x_wconf 90' lang='lat' dir='ltr'><strong>causa,</strong></span> <span class='ocrx_word' id='word_1_481' title='bbox 1737 4114 1929 4169; x_wconf 87' lang='lat' dir='ltr'><strong>saltem</strong></span> <span class='ocrx_word' id='word_1_482' title='bbox 1953 4129 2048 4169; x_wconf 91' lang='lat' dir='ltr'><strong>oc-</strong></span> 
     </span>
    </p>
   </div>
   <div class='ocr_carea' id='block_1_74' title="bbox 478 4203 647 4258">
    <p class='ocr_par' dir='ltr' id='par_1_74' title="bbox 478 4203 647 4258">
     <span class='ocr_line' id='line_1_74' title="bbox 478 4203 647 4258; baseline -0.006 -1"><span class='ocrx_word' id='word_1_483' title='bbox 478 4203 647 4258; x_wconf 86' lang='lat' dir='ltr'><strong>casio.</strong></span> 
     </span>
    </p>
   </div>
   <div class='ocr_carea' id='block_1_75' title="bbox 548 4289 2047 4368">
    <p class='ocr_par' dir='ltr' id='par_1_75' title="bbox 548 4289 2047 4368">
     <span class='ocr_line' id='line_1_75' title="bbox 548 4289 2047 4368; baseline 0.001 -20"><span class='ocrx_word' id='word_1_484' title='bbox 548 4292 689 4348; x_wconf 81' lang='lat' dir='ltr'><strong>Xlll.</strong></span> <span class='ocrx_word' id='word_1_485' title='bbox 717 4293 836 4368; x_wconf 84' lang='lat' dir='ltr'><strong>Jam</strong></span> <span class='ocrx_word' id='word_1_486' title='bbox 863 4292 990 4347; x_wconf 91' lang='lat' dir='ltr'><strong>inde</strong></span> <span class='ocrx_word' id='word_1_487' title='bbox 1018 4308 1049 4347; x_wconf 92' lang='lat' dir='ltr'><strong>a</strong></span> <span class='ocrx_word' id='word_1_488' title='bbox 1072 4294 1263 4363; x_wconf 89' lang='lat' dir='ltr'><strong>primis</strong></span> <span class='ocrx_word' id='word_1_489' title='bbox 1288 4293 1637 4364; x_wconf 89' lang='lat' dir='ltr'><strong>episcopatus</strong></span> <span class='ocrx_word' id='word_1_490' title='bbox 1653 4295 1812 4350; x_wconf 91' lang='lat' dir='ltr'><strong>annis</strong></span> <span class='ocrx_word' id='word_1_491' title='bbox 1841 4289 2047 4365; x_wconf 90' lang='lat' dir='ltr'><strong>aliquid</strong></span> 
     </span>
    </p>
   </div>
   <div class='ocr_carea' id='block_1_76' title="bbox 475 4383 2045 4457">
    <p class='ocr_par' dir='ltr' id='par_1_76' title="bbox 475 4383 2045 4457">
     <span class='ocr_line' id='line_1_76' title="bbox 475 4383 2045 4457; baseline 0 -17"><span class='ocrx_word' id='word_1_492' title='bbox 475 4384 760 4454; x_wconf 83' lang='lat' dir='ltr'><strong>scripsisse</strong></span> <span class='ocrx_word' id='word_1_493' title='bbox 797 4383 1026 4438; x_wconf 89' lang='lat' dir='ltr'><strong>suadere</strong></span> <span class='ocrx_word' id='word_1_494' title='bbox 1054 4391 1238 4454; x_wconf 86' lang='lat' dir='ltr'><strong>posset</strong></span> <span class='ocrx_word' id='word_1_495' title='bbox 1270 4385 1505 4440; x_wconf 89' lang='lat' dir='ltr'><strong>hominis</strong></span> <span class='ocrx_word' id='word_1_496' title='bbox 1536 4386 1774 4441; x_wconf 90' lang='lat' dir='ltr'><strong>eruditio</strong></span> <span class='ocrx_word' id='word_1_497' title='bbox 1805 4386 2045 4457; x_wconf 85' lang='lat' dir='ltr'><strong>singula—</strong></span> 
     </span>
    </p>
   </div>
   <div class='ocr_carea' id='block_1_77' title="bbox 2232 3189 3737 3262">
    <p class='ocr_par' dir='ltr' id='par_1_77' title="bbox 2232 3189 3737 3262">
     <span class='ocr_line' id='line_1_77' title="bbox 2232 3189 3737 3262; baseline -0.001 -16"><span class='ocrx_word' id='word_1_498' title='bbox 2232 3208 2481 3262; x_wconf 80' lang='lat' dir='ltr'><strong>spargere</strong></span> <span class='ocrx_word' id='word_1_499' title='bbox 2502 3193 2698 3262; x_wconf 17' lang='lat' dir='ltr'><strong>7ubique</strong></span> <span class='ocrx_word' id='word_1_500' title='bbox 2722 3195 2929 3248; x_wconf 79' lang='lat' dir='ltr'><strong>nititur.</strong></span> <span class='ocrx_word' id='word_1_501' title='bbox 2975 3192 3041 3248; x_wconf 69' lang='grc' dir='ltr'><strong>ν.</strong></span> <span class='ocrx_word' id='word_1_502' title='bbox 3081 3191 3292 3248; x_wconf 85' lang='lat' dir='ltr'><strong>Obsistit</strong></span> <span class='ocrx_word' id='word_1_503' title='bbox 3322 3189 3737 3262; x_wconf 81' lang='lat' dir='ltr'><strong>sanctusCyril-</strong></span> 
     </span>
    </p>
   </div>
   <div class='ocr_carea' id='block_1_78' title="bbox 2231 3261 3737 3318">
    <p class='ocr_par' dir='ltr' id='par_1_78' title="bbox 2231 3261 3737 3318">
     <span class='ocr_line' id='line_1_78' title="bbox 2231 3261 3737 3318; baseline 0.001 -4"><span class='ocrx_word' id='word_1_504' title='bbox 2231 3261 2330 3316; x_wconf 73' lang='lat' dir='ltr'><strong>las.</strong></span> <span class='ocrx_word' id='word_1_505' title='bbox 2364 3261 2450 3317; x_wconf 81' lang='lat' dir='ltr'><strong>Vl.</strong></span> <span class='ocrx_word' id='word_1_506' title='bbox 2485 3261 2541 3318; x_wconf 92' lang='lat' dir='ltr'><strong>S.</strong></span> <span class='ocrx_word' id='word_1_507' title='bbox 2579 3262 2885 3318; x_wconf 74' lang='lat' dir='ltr'><strong>Caelestinus</strong></span> <span class='ocrx_word' id='word_1_508' title='bbox 2933 3279 3050 3316; x_wconf 89' lang='lat' dir='ltr'><strong>eam</strong></span> <span class='ocrx_word' id='word_1_509' title='bbox 3087 3279 3203 3315; x_wconf 82' lang='lat' dir='ltr'><strong>cum</strong></span> <span class='ocrx_word' id='word_1_510' title='bbox 3257 3271 3468 3315; x_wconf 83' lang='lat' dir='ltr'><strong>auctore</strong></span> <span class='ocrx_word' id='word_1_511' title='bbox 3510 3261 3737 3318; x_wconf 85' lang='lat' dir='ltr'><strong>damnat</strong></span> 
     </span>
    </p>
   </div>
   <div class='ocr_carea' id='block_1_79' title="bbox 2230 3330 3738 3402">
    <p class='ocr_par' dir='ltr' id='par_1_79' title="bbox 2230 3330 3738 3402">
     <span class='ocr_line' id='line_1_79' title="bbox 2230 3330 3738 3402; baseline 0 -16"><span class='ocrx_word' id='word_1_512' title='bbox 2230 3331 2413 3386; x_wconf 66' lang='lat' dir='ltr'><strong>Roma?</strong></span> <span class='ocrx_word' id='word_1_513' title='bbox 2429 3335 2483 3386; x_wconf 88' lang='lat' dir='ltr'><strong>in</strong></span> <span class='ocrx_word' id='word_1_514' title='bbox 2512 3333 2729 3386; x_wconf 86' lang='lat' dir='ltr'><strong>concilio</strong></span> <span class='ocrx_word' id='word_1_515' title='bbox 2759 3331 3071 3388; x_wconf 81' lang='lat' dir='ltr'><strong>Occidentis.</strong></span> <span class='ocrx_word' id='word_1_516' title='bbox 3093 3333 3205 3402; x_wconf 81' lang='lat' dir='ltr'><strong>Vll.</strong></span> <span class='ocrx_word' id='word_1_517' title='bbox 3232 3330 3462 3402; x_wconf 83' lang='lat' dir='ltr'><strong>Cyrillus</strong></span> <span class='ocrx_word' id='word_1_518' title='bbox 3481 3332 3535 3402; x_wconf 86' lang='lat' dir='ltr'><strong>in</strong></span> <span class='ocrx_word' id='word_1_519' title='bbox 3557 3334 3738 3402; x_wconf 78' lang='lat' dir='ltr'><strong>conci-</strong></span> 
     </span>
    </p>
   </div>
   <div class='ocr_carea' id='block_1_80' title="bbox 2230 3401 3740 3475">
    <p class='ocr_par' dir='ltr' id='par_1_80' title="bbox 2230 3401 3740 3475">
     <span class='ocr_line' id='line_1_80' title="bbox 2230 3401 3740 3475; baseline -0.001 -18"><span class='ocrx_word' id='word_1_520' title='bbox 2230 3402 2301 3457; x_wconf 88' lang='lat' dir='ltr'><strong>lio</strong></span> <span class='ocrx_word' id='word_1_521' title='bbox 2337 3402 2576 3475; x_wconf 64' lang='grc' dir='ltr'><strong>Αἰαίη)εῄ</strong></span> <span class='ocrx_word' id='word_1_522' title='bbox 2616 3403 2755 3457; x_wconf 81' lang='lat' dir='ltr'><strong>unde</strong></span> <span class='ocrx_word' id='word_1_523' title='bbox 2806 3405 2964 3457; x_wconf 86' lang='lat' dir='ltr'><strong>mittit</strong></span> <span class='ocrx_word' id='word_1_524' title='bbox 3001 3402 3078 3475; x_wconf 85' lang='lat' dir='ltr'><strong>ad</strong></span> <span class='ocrx_word' id='word_1_525' title='bbox 3108 3401 3412 3475; x_wconf 67' lang='lat' dir='ltr'><strong>Nestorium</strong></span> <span class='ocrx_word' id='word_1_526' title='bbox 3444 3401 3740 3475; x_wconf 72' lang='lat' dir='ltr'><strong>duodecim</strong></span> 
     </span>
    </p>
   </div>
   <div class='ocr_carea' id='block_1_81' title="bbox 2225 3470 3737 3543">
    <p class='ocr_par' dir='ltr' id='par_1_81' title="bbox 2225 3470 3737 3543">
     <span class='ocr_line' id='line_1_81' title="bbox 2225 3470 3737 3543; baseline 0.001 -17"><span class='ocrx_word' id='word_1_527' title='bbox 2225 3470 2716 3536; x_wconf 71' lang='lat' dir='ltr'><strong>anathémbtismos,</strong></span> <span class='ocrx_word' id='word_1_528' title='bbox 2765 3490 2882 3528; x_wconf 87' lang='lat' dir='ltr'><strong>cum</strong></span> <span class='ocrx_word' id='word_1_529' title='bbox 2927 3474 3034 3528; x_wconf 86' lang='lat' dir='ltr'><strong>suis</strong></span> <span class='ocrx_word' id='word_1_530' title='bbox 3075 3480 3124 3543; x_wconf 82' lang='lat' dir='ltr'><strong>et</strong></span> <span class='ocrx_word' id='word_1_531' title='bbox 3179 3471 3478 3543; x_wconf 83' lang='lat' dir='ltr'><strong>apostolicis</strong></span> <span class='ocrx_word' id='word_1_532' title='bbox 3522 3470 3737 3527; x_wconf 79' lang='lat' dir='ltr'><strong>litteris.</strong></span> 
     </span>
    </p>
   </div>
   <div class='ocr_carea' id='block_1_82' title="bbox 2231 3542 3740 3613">
    <p class='ocr_par' dir='ltr' id='par_1_82' title="bbox 2231 3542 3740 3613">
     <span class='ocr_line' id='line_1_82' title="bbox 2231 3542 3740 3613; baseline -0.003 -15"><span class='ocrx_word' id='word_1_533' title='bbox 2231 3543 2367 3598; x_wconf 82' lang='lat' dir='ltr'><strong>Vlll.</strong></span> <span class='ocrx_word' id='word_1_534' title='bbox 2431 3543 2777 3597; x_wconf 84' lang='lat' dir='ltr'><strong>Theodoretus</strong></span> <span class='ocrx_word' id='word_1_535' title='bbox 2839 3552 3027 3613; x_wconf 79' lang='lat' dir='ltr'><strong>rogatu</strong></span> <span class='ocrx_word' id='word_1_536' title='bbox 3082 3542 3310 3598; x_wconf 76' lang='lat' dir='ltr'><strong>Nestbrii</strong></span> <span class='ocrx_word' id='word_1_537' title='bbox 3375 3543 3740 3613; x_wconf 65' lang='lat' dir='ltr'><strong>anathemati-</strong></span> 
     </span>
    </p>
   </div>
   <div class='ocr_carea' id='block_1_83' title="bbox 2227 3610 3738 3680">
    <p class='ocr_par' dir='ltr' id='par_1_83' title="bbox 2227 3610 3738 3680">
     <span class='ocr_line' id='line_1_83' title="bbox 2227 3610 3738 3680; baseline -0.001 -14"><span class='ocrx_word' id='word_1_538' title='bbox 2227 3629 2372 3666; x_wconf 79' lang='lat' dir='ltr'><strong>smos</strong></span> <span class='ocrx_word' id='word_1_539' title='bbox 2402 3616 2598 3680; x_wconf 81' lang='lat' dir='ltr'><strong>arguit.</strong></span> <span class='ocrx_word' id='word_1_540' title='bbox 2641 3613 2729 3667; x_wconf 79' lang='lat' dir='ltr'><strong>IX.</strong></span> <span class='ocrx_word' id='word_1_541' title='bbox 2758 3610 2979 3667; x_wconf 76' lang='lat' dir='ltr'><strong>Labitur</strong></span> <span class='ocrx_word' id='word_1_542' title='bbox 3025 3615 3082 3667; x_wconf 86' lang='lat' dir='ltr'><strong>in</strong></span> <span class='ocrx_word' id='word_1_543' title='bbox 3135 3615 3378 3667; x_wconf 64' lang='lat' dir='ltr'><strong>haeresin.</strong></span> <span class='ocrx_word' id='word_1_544' title='bbox 3423 3611 3491 3665; x_wconf 75' lang='grc' dir='ltr'><strong>Χ.</strong></span> <span class='ocrx_word' id='word_1_545' title='bbox 3528 3610 3738 3680; x_wconf 74' lang='lat' dir='ltr'><strong>Lapsus</strong></span> 
     </span>
    </p>
   </div>
   <div class='ocr_carea' id='block_1_84' title="bbox 2225 3680 3742 3753">
    <p class='ocr_par' dir='ltr' id='par_1_84' title="bbox 2225 3680 3742 3753">
     <span class='ocr_line' id='line_1_84' title="bbox 2225 3680 3742 3753; baseline -0.001 -19"><span class='ocrx_word' id='word_1_546' title='bbox 2225 3697 2418 3753; x_wconf 59' lang='lat' dir='ltr'><strong>causa.</strong></span> <span class='ocrx_word' id='word_1_547' title='bbox 2457 3683 2558 3753; x_wconf 78' lang='grc' dir='ltr'><strong>ΧΙ.</strong></span> <span class='ocrx_word' id='word_1_548' title='bbox 2596 3682 2836 3753; x_wconf 85' lang='lat' dir='ltr'><strong>Epistola</strong></span> <span class='ocrx_word' id='word_1_549' title='bbox 2873 3683 2943 3736; x_wconf 86' lang='lat' dir='ltr'><strong>ad</strong></span> <span class='ocrx_word' id='word_1_550' title='bbox 2982 3684 3304 3737; x_wconf 85' lang='lat' dir='ltr'><strong>monasteria</strong></span> <span class='ocrx_word' id='word_1_551' title='bbox 3353 3680 3553 3753; x_wconf 71' lang='lat' dir='ltr'><strong>Cyrillo</strong></span> <span class='ocrx_word' id='word_1_552' title='bbox 3583 3682 3742 3750; x_wconf 86' lang='lat' dir='ltr'><strong>inju-</strong></span> 
     </span>
    </p>
   </div>
   <div class='ocr_carea' id='block_1_85' title="bbox 2221 3751 3743 3874">
    <p class='ocr_par' dir='ltr' id='par_1_85' title="bbox 2221 3751 3743 3874">
     <span class='ocr_line' id='line_1_85' title="bbox 2221 3751 3743 3874; baseline 0.001 -70"><span class='ocrx_word' id='word_1_553' title='bbox 2221 3752 2384 3874; x_wconf 58' lang='lat' dir='ltr'><strong>riosg:</strong></span> <span class='ocrx_word' id='word_1_554' title='bbox 2420 3752 2536 3808; x_wconf 83' lang='lat' dir='ltr'><strong>Xll.</strong></span> <span class='ocrx_word' id='word_1_555' title='bbox 2566 3751 2866 3810; x_wconf 81' lang='lat' dir='ltr'><strong>Gennadius</strong></span> <span class='ocrx_word' id='word_1_556' title='bbox 2892 3753 3014 3807; x_wconf 88' lang='lat' dir='ltr'><strong>inde</strong></span> <span class='ocrx_word' id='word_1_557' title='bbox 3047 3753 3297 3808; x_wconf 85' lang='lat' dir='ltr'><strong>adversus</strong></span> <span class='ocrx_word' id='word_1_558' title='bbox 3339 3751 3599 3824; x_wconf 77' lang='lat' dir='ltr'><strong>Cyrillum</strong></span> <span class='ocrx_word' id='word_1_559' title='bbox 3644 3769 3743 3806; x_wconf 85' lang='lat' dir='ltr'><strong>ac-</strong></span> 
     </span>
     <span class='ocr_line' id='line_1_86' title="bbox 2229 3831 2490 3874; baseline 0 0"><span class='ocrx_word' id='word_1_560' title='bbox 2229 3836 2322 3874; x_wconf 87' lang='lat' dir='ltr'><strong>cen</strong></span> <span class='ocrx_word' id='word_1_561' title='bbox 2362 3831 2490 3874; x_wconf 73' lang='lat' dir='ltr'><strong>itur.</strong></span> 
     </span>
    </p>
   </div>
   <div class='ocr_carea' id='block_1_86' title="bbox 2229 3823 2490 3876">
    <p class='ocr_par' dir='ltr' id='par_1_86' title="bbox 2229 3823 2490 3876">
     <span class='ocr_line' id='line_1_87' title="bbox 2229 3823 2490 3876; baseline 0.008 -2"><span class='ocrx_word' id='word_1_562' title='bbox 2229 3823 2490 3876; x_wconf 83' lang='lat' dir='ltr'><strong>cenditur.</strong></span> 
     </span>
    </p>
   </div>
   <div class='ocr_carea' id='block_1_87' title="bbox 2534 3932 3352 3987">
    <p class='ocr_par' dir='ltr' id='par_1_87' title="bbox 2534 3932 3352 3987">
     <span class='ocr_line' id='line_1_88' title="bbox 2534 3932 3352 3987; baseline 0.001 -2"><span class='ocrx_word' id='word_1_563' title='bbox 2534 3932 2552 3953; x_wconf 80' lang='lat'><strong><em>‘</em></strong></span> <span class='ocrx_word' id='word_1_564' title='bbox 2576 3935 2650 3985; x_wconf 88' lang='lat' dir='ltr'><strong>Ab</strong></span> <span class='ocrx_word' id='word_1_565' title='bbox 2671 3949 2801 3986; x_wconf 86' lang='lat' dir='ltr'><strong>anno</strong></span> <span class='ocrx_word' id='word_1_566' title='bbox 2823 3934 3002 3987; x_wconf 90' lang='lat' dir='ltr'><strong>Christi</strong></span> <span class='ocrx_word' id='word_1_567' title='bbox 3026 3935 3117 3984; x_wconf 72' lang='lat'><strong>4‘28</strong></span> <span class='ocrx_word' id='word_1_568' title='bbox 3151 3937 3211 3986; x_wconf 86' lang='lat' dir='ltr'><strong>ad</strong></span> <span class='ocrx_word' id='word_1_569' title='bbox 3246 3937 3352 3986; x_wconf 70' lang='grc'><strong>451.</strong></span> 
     </span>
    </p>
   </div>
   <div class='ocr_carea' id='block_1_88' title="bbox 2225 4035 3738 4110">
    <p class='ocr_par' dir='ltr' id='par_1_88' title="bbox 2225 4035 3738 4110">
     <span class='ocr_line' id='line_1_89' title="bbox 2225 4035 3738 4110; baseline 0.003 -18"><span class='ocrx_word' id='word_1_570' title='bbox 2225 4036 2266 4092; x_wconf 85' lang='lat' dir='ltr'><strong>l.</strong></span> <span class='ocrx_word' id='word_1_571' title='bbox 2289 4037 2478 4093; x_wconf 87' lang='lat' dir='ltr'><strong>Annos</strong></span> <span class='ocrx_word' id='word_1_572' title='bbox 2494 4035 2608 4093; x_wconf 90' lang='lat' dir='ltr'><strong>fere</strong></span> <span class='ocrx_word' id='word_1_573' title='bbox 2642 4047 2764 4093; x_wconf 91' lang='lat' dir='ltr'><strong>octo</strong></span> <span class='ocrx_word' id='word_1_574' title='bbox 2788 4038 2843 4092; x_wconf 90' lang='lat' dir='ltr'><strong>in</strong></span> <span class='ocrx_word' id='word_1_575' title='bbox 2877 4038 3192 4108; x_wconf 89' lang='lat' dir='ltr'><strong>episcopatu</strong></span> <span class='ocrx_word' id='word_1_576' title='bbox 3215 4039 3592 4095; x_wconf 84' lang='lat' dir='ltr'><strong>Theodoretus</strong></span> <span class='ocrx_word' id='word_1_577' title='bbox 3618 4041 3738 4110; x_wconf 92' lang='lat' dir='ltr'><strong>jam</strong></span> 
     </span>
    </p>
   </div>
   <div class='ocr_carea' id='block_1_89' title="bbox 2153 4128 3739 4202">
    <p class='ocr_par' dir='ltr' id='par_1_89' title="bbox 2153 4128 3739 4202">
     <span class='ocr_line' id='line_1_90' title="bbox 2153 4128 3739 4202; baseline 0.003 -22"><span class='ocrx_word' id='word_1_578' title='bbox 2153 4135 2379 4196; x_wconf 81' lang='lat' dir='ltr'><strong>egerat,</strong></span> <span class='ocrx_word' id='word_1_579' title='bbox 2439 4143 2565 4181; x_wconf 91' lang='lat' dir='ltr'><strong>cum</strong></span> <span class='ocrx_word' id='word_1_580' title='bbox 2607 4128 2866 4184; x_wconf 90' lang='lat' dir='ltr'><strong>defuncto</strong></span> <span class='ocrx_word' id='word_1_581' title='bbox 2922 4128 3165 4185; x_wconf 92' lang='lat' dir='ltr'><strong>Sisinnio</strong></span> <span class='ocrx_word' id='word_1_582' title='bbox 3206 4131 3368 4200; x_wconf 64' lang='lat' dir='ltr'><strong>regite</strong></span> <span class='ocrx_word' id='word_1_583' title='bbox 3413 4131 3566 4186; x_wconf 82' lang='lat' dir='ltr'><strong>urbis</strong></span> <span class='ocrx_word' id='word_1_584' title='bbox 3609 4133 3739 4202; x_wconf 85' lang='lat' dir='ltr'><strong>epi-</strong></span> 
     </span>
    </p>
   </div>
   <div class='ocr_carea' id='block_1_90' title="bbox 2154 4215 3736 4286">
    <p class='ocr_par' dir='ltr' id='par_1_90' title="bbox 2154 4215 3736 4286">
     <span class='ocr_line' id='line_1_91' title="bbox 2154 4215 3736 4286; baseline 0.004 -19"><span class='ocrx_word' id='word_1_585' title='bbox 2154 4227 2342 4283; x_wconf 86' lang='lat' dir='ltr'><strong>seopo,</strong></span> <span class='ocrx_word' id='word_1_586' title='bbox 2382 4215 2661 4284; x_wconf 88' lang='lat' dir='ltr'><strong>cleroque,</strong></span> <span class='ocrx_word' id='word_1_587' title='bbox 2703 4215 2848 4271; x_wconf 91' lang='lat' dir='ltr'><strong>inter</strong></span> <span class='ocrx_word' id='word_1_588' title='bbox 2885 4217 3157 4286; x_wconf 86' lang='lat' dir='ltr'><strong>agendum</strong></span> <span class='ocrx_word' id='word_1_589' title='bbox 3190 4217 3259 4272; x_wconf 91' lang='lat' dir='ltr'><strong>de</strong></span> <span class='ocrx_word' id='word_1_590' title='bbox 3297 4234 3639 4283; x_wconf 89' lang='lat' dir='ltr'><strong>successore,</strong></span> <span class='ocrx_word' id='word_1_591' title='bbox 3676 4221 3736 4275; x_wconf 89' lang='lat' dir='ltr'><strong>in</strong></span> 
     </span>
    </p>
   </div>
   <div class='ocr_carea' id='block_1_91' title="bbox 2154 4303 3734 4379">
    <p class='ocr_par' dir='ltr' id='par_1_91' title="bbox 2154 4303 3734 4379">
     <span class='ocr_line' id='line_1_92' title="bbox 2154 4303 3734 4379; baseline 0.007 -24"><span class='ocrx_word' id='word_1_592' title='bbox 2154 4311 2337 4371; x_wconf 89' lang='lat' dir='ltr'><strong>partes</strong></span> <span class='ocrx_word' id='word_1_593' title='bbox 2394 4303 2588 4367; x_wconf 85' lang='lat' dir='ltr'><strong>diviso,</strong></span> <span class='ocrx_word' id='word_1_594' title='bbox 2646 4305 2942 4374; x_wconf 89' lang='lat' dir='ltr'><strong>imperator</strong></span> <span class='ocrx_word' id='word_1_595' title='bbox 2998 4307 3360 4374; x_wconf 88' lang='lat' dir='ltr'><strong>Theodosius,</strong></span> <span class='ocrx_word' id='word_1_596' title='bbox 3415 4326 3527 4379; x_wconf 91' lang='lat' dir='ltr'><strong>quo</strong></span> <span class='ocrx_word' id='word_1_597' title='bbox 3577 4311 3734 4366; x_wconf 89' lang='lat' dir='ltr'><strong>litem</strong></span> 
     </span>
    </p>
   </div>
   <div class='ocr_carea' id='block_1_92' title="bbox 2154 4395 3738 4462">
    <p class='ocr_par' dir='ltr' id='par_1_92' title="bbox 2154 4395 3738 4462">
     <span class='ocr_line' id='line_1_93' title="bbox 2154 4395 3738 4462; baseline 0.008 -17"><span class='ocrx_word' id='word_1_598' title='bbox 2154 4403 2540 4462; x_wconf 88' lang='lat' dir='ltr'><strong>componeret,</strong></span> <span class='ocrx_word' id='word_1_599' title='bbox 2607 4395 2900 4452; x_wconf 86' lang='lat' dir='ltr'><strong>Antiochia</strong></span> <span class='ocrx_word' id='word_1_600' title='bbox 2965 4398 3283 4454; x_wconf 88' lang='lat' dir='ltr'><strong>Nestorium</strong></span> <span class='ocrx_word' id='word_1_601' title='bbox 3337 4402 3738 4458; x_wconf 87' lang='lat' dir='ltr'><strong>accersendum</strong></span> 
     </span>
    </p>
   </div>
   <div class='ocr_carea' id='block_1_93' title="bbox 475 4473 3739 4565">
    <p class='ocr_par' dir='ltr' id='par_1_93' title="bbox 475 4473 3739 4565">
     <span class='ocr_line' id='line_1_94' title="bbox 475 4473 3739 4565; baseline 0.006 -35"><span class='ocrx_word' id='word_1_602' title='bbox 475 4475 574 4534; x_wconf 86' lang='lat' dir='ltr'><strong>ris.</strong></span> <span class='ocrx_word' id='word_1_603' title='bbox 617 4482 673 4529; x_wconf 91' lang='lat' dir='ltr'><strong>et</strong></span> <span class='ocrx_word' id='word_1_604' title='bbox 712 4473 990 4544; x_wconf 88' lang='lat' dir='ltr'><strong>ingenium</strong></span> <span class='ocrx_word' id='word_1_605' title='bbox 1030 4483 1357 4530; x_wconf 89' lang='lat' dir='ltr'><strong>actuosum:</strong></span> <span class='ocrx_word' id='word_1_606' title='bbox 1396 4476 1492 4531; x_wconf 90' lang='lat' dir='ltr'><strong>sed</strong></span> <span class='ocrx_word' id='word_1_607' title='bbox 1540 4477 1594 4531; x_wconf 91' lang='lat' dir='ltr'><strong>id</strong></span> <span class='ocrx_word' id='word_1_608' title='bbox 1645 4476 1864 4546; x_wconf 90' lang='lat' dir='ltr'><strong>opinari</strong></span> <span class='ocrx_word' id='word_1_609' title='bbox 1900 4485 2048 4533; x_wconf 87' lang='lat' dir='ltr'><strong>vetat</strong></span> <span class='ocrx_word' id='word_1_610' title='bbox 2081 4475 2124 4528; x_wconf 87' lang='grc' dir='ltr'><strong>Ι)</strong></span> <span class='ocrx_word' id='word_1_611' title='bbox 2153 4483 2425 4544; x_wconf 90' lang='lat' dir='ltr'><strong>credidit,</strong></span> <span class='ocrx_word' id='word_1_612' title='bbox 2487 4485 2852 4558; x_wconf 70' lang='lat' dir='ltr'><strong>Ecclesiaaque</strong></span> <span class='ocrx_word' id='word_1_613' title='bbox 2916 4487 3530 4562; x_wconf 67' lang='lat' dir='ltr'><strong>Constantinopolitanzr</strong></span> <span class='ocrx_word' id='word_1_614' title='bbox 3597 4510 3739 4565; x_wconf 73' lang='lat' dir='ltr'><strong>pra:-</strong></span> 
     </span>
    </p>
   </div>
   <div class='ocr_carea' id='block_1_94' title="bbox 475 4566 2047 4638">
    <p class='ocr_par' dir='ltr' id='par_1_94' title="bbox 475 4566 2047 4638">
     <span class='ocr_line' id='line_1_95' title="bbox 475 4566 2047 4638; baseline 0.005 -19"><span class='ocrx_word' id='word_1_615' title='bbox 475 4568 621 4620; x_wconf 87' lang='lat' dir='ltr'><strong>ratio</strong></span> <span class='ocrx_word' id='word_1_616' title='bbox 673 4566 972 4630; x_wconf 88' lang='lat' dir='ltr'><strong>temporis;</strong></span> <span class='ocrx_word' id='word_1_617' title='bbox 1029 4580 1154 4619; x_wconf 91' lang='lat' dir='ltr'><strong>nam</strong></span> <span class='ocrx_word' id='word_1_618' title='bbox 1209 4568 1444 4635; x_wconf 90' lang='lat' dir='ltr'><strong>primum</strong></span> <span class='ocrx_word' id='word_1_619' title='bbox 1485 4584 1624 4638; x_wconf 91' lang='lat' dir='ltr'><strong>opus</strong></span> <span class='ocrx_word' id='word_1_620' title='bbox 1666 4571 1812 4625; x_wconf 88' lang='lat' dir='ltr'><strong>circa</strong></span> <span class='ocrx_word' id='word_1_621' title='bbox 1842 4587 2047 4628; x_wconf 90' lang='lat' dir='ltr'><strong>annum</strong></span> 
     </span>
    </p>
   </div>
   <div class='ocr_carea' id='block_1_95' title="bbox 475 4653 2048 4730">
    <p class='ocr_par' dir='ltr' id='par_1_95' title="bbox 475 4653 2048 4730">
     <span class='ocr_line' id='line_1_96' title="bbox 475 4653 2048 4730; baseline 0.004 -20"><span class='ocrx_word' id='word_1_622' title='bbox 475 4655 581 4710; x_wconf 67' lang='lat'><strong>425</strong></span> <span class='ocrx_word' id='word_1_623' title='bbox 605 4654 795 4709; x_wconf 89' lang='lat' dir='ltr'><strong>edidit.</strong></span> <span class='ocrx_word' id='word_1_624' title='bbox 829 4653 1006 4722; x_wconf 86' lang='lat' dir='ltr'><strong>Quare</strong></span> <span class='ocrx_word' id='word_1_625' title='bbox 1040 4653 1284 4725; x_wconf 84' lang='lat' dir='ltr'><strong>quinque</strong></span> <span class='ocrx_word' id='word_1_626' title='bbox 1307 4656 1524 4726; x_wconf 88' lang='lat' dir='ltr'><strong>priores</strong></span> <span class='ocrx_word' id='word_1_627' title='bbox 1556 4675 1728 4715; x_wconf 90' lang='lat' dir='ltr'><strong>annos</strong></span> <span class='ocrx_word' id='word_1_628' title='bbox 1769 4661 1952 4730; x_wconf 88' lang='lat' dir='ltr'><strong>posuit</strong></span> <span class='ocrx_word' id='word_1_629' title='bbox 1991 4662 2048 4716; x_wconf 91' lang='lat' dir='ltr'><strong>in</strong></span> 
     </span>
    </p>
   </div>
   <div class='ocr_carea' id='block_1_96' title="bbox 476 4746 2047 4823">
    <p class='ocr_par' dir='ltr' id='par_1_96' title="bbox 476 4746 2047 4823">
     <span class='ocr_line' id='line_1_97' title="bbox 476 4746 2047 4823; baseline 0.004 -22"><span class='ocrx_word' id='word_1_630' title='bbox 476 4747 590 4801; x_wconf 91' lang='lat' dir='ltr'><strong>suis</strong></span> <span class='ocrx_word' id='word_1_631' title='bbox 623 4746 956 4818; x_wconf 81' lang='lat' dir='ltr'><strong>Cyrcnsibus</strong></span> <span class='ocrx_word' id='word_1_632' title='bbox 981 4747 1048 4803; x_wconf 89' lang='lat' dir='ltr'><strong>ad</strong></span> <span class='ocrx_word' id='word_1_633' title='bbox 1083 4763 1266 4802; x_wconf 90' lang='lat' dir='ltr'><strong>veram</strong></span> <span class='ocrx_word' id='word_1_634' title='bbox 1290 4747 1551 4818; x_wconf 89' lang='lat' dir='ltr'><strong>pietatem</strong></span> <span class='ocrx_word' id='word_1_635' title='bbox 1587 4751 1901 4807; x_wconf 80' lang='lat' dir='ltr'><strong>excolendis</strong></span> <span class='ocrx_word' id='word_1_636' title='bbox 1918 4769 2047 4823; x_wconf 92' lang='lat' dir='ltr'><strong>pro-</strong></span> 
     </span>
    </p>
   </div>
   <div class='ocr_carea' id='block_1_97' title="bbox 476 4837 2045 4911">
    <p class='ocr_par' dir='ltr' id='par_1_97' title="bbox 476 4837 2045 4911">
     <span class='ocr_line' id='line_1_98' title="bbox 476 4837 2045 4911; baseline 0.006 -20"><span class='ocrx_word' id='word_1_637' title='bbox 476 4837 831 4907; x_wconf 81' lang='lat' dir='ltr'><strong>fligandisque</strong></span> <span class='ocrx_word' id='word_1_638' title='bbox 879 4839 1290 4911; x_wconf 71' lang='lat' dir='ltr'><strong>hmretieis.qui</strong></span> <span class='ocrx_word' id='word_1_639' title='bbox 1331 4850 1462 4898; x_wconf 88' lang='lat' dir='ltr'><strong>tunc</strong></span> <span class='ocrx_word' id='word_1_640' title='bbox 1492 4843 1766 4904; x_wconf 72' lang='lat' dir='ltr'><strong>vigebant,</strong></span> <span class='ocrx_word' id='word_1_641' title='bbox 1806 4843 2045 4910; x_wconf 85' lang='lat' dir='ltr'><strong>Arianis,</strong></span> 
     </span>
    </p>
   </div>
   <div class='ocr_carea' id='block_1_98' title="bbox 475 4929 2048 5003">
    <p class='ocr_par' dir='ltr' id='par_1_98' title="bbox 475 4929 2048 5003">
     <span class='ocr_line' id='line_1_99' title="bbox 475 4929 2048 5003; baseline 0.008 -21"><span class='ocrx_word' id='word_1_642' title='bbox 475 4929 896 4995; x_wconf 78' lang='lat' dir='ltr'><strong>Macedonianis,</strong></span> <span class='ocrx_word' id='word_1_643' title='bbox 919 4940 1082 5001; x_wconf 89' lang='lat' dir='ltr'><strong>atque</strong></span> <span class='ocrx_word' id='word_1_644' title='bbox 1102 4933 1526 5003; x_wconf 81' lang='lat' dir='ltr'><strong>Apollinaristis.</strong></span> <span class='ocrx_word' id='word_1_645' title='bbox 1551 4934 1663 4990; x_wconf 92' lang='lat' dir='ltr'><strong>llos</strong></span> <span class='ocrx_word' id='word_1_646' title='bbox 1692 4938 2048 4994; x_wconf 88' lang='lat' dir='ltr'><strong>concionihus</strong></span> 
     </span>
    </p>
   </div>
   <div class='ocr_carea' id='block_1_99' title="bbox 475 5021 2048 5098">
    <p class='ocr_par' dir='ltr' id='par_1_99' title="bbox 475 5021 2048 5098">
     <span class='ocr_line' id='line_1_100' title="bbox 475 5021 2048 5098; baseline 0.008 -25"><span class='ocrx_word' id='word_1_647' title='bbox 475 5021 712 5090; x_wconf 82' lang='lat' dir='ltr'><strong>primum</strong></span> <span class='ocrx_word' id='word_1_648' title='bbox 747 5024 1102 5091; x_wconf 84' lang='lat' dir='ltr'><strong>Oppuguavit,</strong></span> <span class='ocrx_word' id='word_1_649' title='bbox 1140 5039 1266 5079; x_wconf 86' lang='lat' dir='ltr'><strong>mox</strong></span> <span class='ocrx_word' id='word_1_650' title='bbox 1289 5025 1468 5090; x_wconf 90' lang='lat' dir='ltr'><strong>libris,</strong></span> <span class='ocrx_word' id='word_1_651' title='bbox 1493 5042 1652 5098; x_wconf 91' lang='lat' dir='ltr'><strong>quos,</strong></span> <span class='ocrx_word' id='word_1_652' title='bbox 1680 5035 1741 5082; x_wconf 89' lang='lat' dir='ltr'><strong>ut</strong></span> <span class='ocrx_word' id='word_1_653' title='bbox 1768 5028 1836 5082; x_wconf 91' lang='lat' dir='ltr'><strong>ab</strong></span> <span class='ocrx_word' id='word_1_654' title='bbox 1867 5031 2048 5085; x_wconf 89' lang='lat' dir='ltr'><strong>omni-</strong></span> 
     </span>
    </p>
   </div>
   <div class='ocr_carea' id='block_1_100' title="bbox 475 5111 2048 5192">
    <p class='ocr_par' dir='ltr' id='par_1_100' title="bbox 475 5111 2048 5192">
     <span class='ocr_line' id='line_1_101' title="bbox 475 5111 2048 5192; baseline 0.006 -26"><span class='ocrx_word' id='word_1_655' title='bbox 475 5113 580 5167; x_wconf 82' lang='lat' dir='ltr'><strong>bus</strong></span> <span class='ocrx_word' id='word_1_656' title='bbox 627 5111 840 5167; x_wconf 84' lang='lat' dir='ltr'><strong>facilius</strong></span> <span class='ocrx_word' id='word_1_657' title='bbox 891 5113 1223 5184; x_wconf 85' lang='lat' dir='ltr'><strong>legerentur,</strong></span> <span class='ocrx_word' id='word_1_658' title='bbox 1251 5116 1592 5188; x_wconf 88' lang='lat' dir='ltr'><strong>dialogorum</strong></span> <span class='ocrx_word' id='word_1_659' title='bbox 1628 5135 1782 5174; x_wconf 91' lang='lat' dir='ltr'><strong>more</strong></span> <span class='ocrx_word' id='word_1_660' title='bbox 1827 5135 2048 5192; x_wconf 91' lang='lat' dir='ltr'><strong>compo-</strong></span> 
     </span>
    </p>
   </div>
   <div class='ocr_carea' id='block_1_101' title="bbox 479 5202 2046 5282">
    <p class='ocr_par' dir='ltr' id='par_1_101' title="bbox 479 5202 2046 5282">
     <span class='ocr_line' id='line_1_102' title="bbox 479 5202 2046 5282; baseline 0.005 -22"><span class='ocrx_word' id='word_1_661' title='bbox 479 5202 586 5260; x_wconf 72' lang='lat' dir='ltr'><strong>suit</strong></span> <span class='ocrx_word' id='word_1_662' title='bbox 623 5219 638 5258; x_wconf 87' lang='lat'><strong>:</strong></span> <span class='ocrx_word' id='word_1_663' title='bbox 673 5203 889 5259; x_wconf 92' lang='lat' dir='ltr'><strong>duobus</strong></span> <span class='ocrx_word' id='word_1_664' title='bbox 917 5203 1080 5276; x_wconf 88' lang='lat' dir='ltr'><strong>igitur</strong></span> <span class='ocrx_word' id='word_1_665' title='bbox 1111 5205 1359 5271; x_wconf 86' lang='lat' dir='ltr'><strong>Arianos.</strong></span> <span class='ocrx_word' id='word_1_666' title='bbox 1400 5225 1496 5264; x_wconf 90' lang='lat' dir='ltr'><strong>seu</strong></span> <span class='ocrx_word' id='word_1_667' title='bbox 1530 5211 1711 5282; x_wconf 89' lang='lat' dir='ltr'><strong>potius</strong></span> <span class='ocrx_word' id='word_1_668' title='bbox 1748 5212 2046 5268; x_wconf 89' lang='lat' dir='ltr'><strong>Eunomia-</strong></span> 
     </span>
    </p>
   </div>
   <div class='ocr_carea' id='block_1_102' title="bbox 2159 4577 2474 4632">
    <p class='ocr_par' dir='ltr' id='par_1_102' title="bbox 2159 4577 2474 4632">
     <span class='ocr_line' id='line_1_103' title="bbox 2159 4577 2474 4632; baseline 0.006 -2"><span class='ocrx_word' id='word_1_669' title='bbox 2159 4577 2474 4632; x_wconf 86' lang='lat' dir='ltr'><strong>ficiendum.</strong></span> 
     </span>
    </p>
   </div>
   <div class='ocr_carea' id='block_1_103' title="bbox 2226 4670 3735 4744">
    <p class='ocr_par' dir='ltr' id='par_1_103' title="bbox 2226 4670 3735 4744">
     <span class='ocr_line' id='line_1_104' title="bbox 2226 4670 3735 4744; baseline 0.005 -20"><span class='ocrx_word' id='word_1_670' title='bbox 2226 4670 2291 4724; x_wconf 91' lang='lat' dir='ltr'><strong>ll.</strong></span> <span class='ocrx_word' id='word_1_671' title='bbox 2321 4671 2454 4726; x_wconf 85' lang='lat' dir='ltr'><strong>Erat</strong></span> <span class='ocrx_word' id='word_1_672' title='bbox 2487 4671 2578 4727; x_wconf 91' lang='lat' dir='ltr'><strong>ille</strong></span> <span class='ocrx_word' id='word_1_673' title='bbox 2613 4674 2926 4744; x_wconf 87' lang='lat' dir='ltr'><strong>eloquentia</strong></span> <span class='ocrx_word' id='word_1_674' title='bbox 2957 4683 3012 4730; x_wconf 89' lang='lat' dir='ltr'><strong>et</strong></span> <span class='ocrx_word' id='word_1_675' title='bbox 3050 4676 3170 4730; x_wconf 66' lang='lat' dir='ltr'><strong>vitae</strong></span> <span class='ocrx_word' id='word_1_676' title='bbox 3196 4677 3448 4732; x_wconf 87' lang='lat' dir='ltr'><strong>instituto</strong></span> <span class='ocrx_word' id='word_1_677' title='bbox 3470 4678 3735 4744; x_wconf 87' lang='lat' dir='ltr'><strong>celebris,</strong></span> 
     </span>
    </p>
   </div>
   <div class='ocr_carea' id='block_1_104' title="bbox 2154 4760 3734 4836">
    <p class='ocr_par' dir='ltr' id='par_1_104' title="bbox 2154 4760 3734 4836">
     <span class='ocr_line' id='line_1_105' title="bbox 2154 4760 3734 4836; baseline 0.006 -22"><span class='ocrx_word' id='word_1_678' title='bbox 2154 4760 2553 4832; x_wconf 88' lang='lat' dir='ltr'><strong>videbaturque</strong></span> <span class='ocrx_word' id='word_1_679' title='bbox 2599 4763 2772 4834; x_wconf 91' lang='lat' dir='ltr'><strong>ipsius</strong></span> <span class='ocrx_word' id='word_1_680' title='bbox 2811 4765 2974 4820; x_wconf 87' lang='lat' dir='ltr'><strong>etiam</strong></span> <span class='ocrx_word' id='word_1_681' title='bbox 3003 4765 3396 4836; x_wconf 80' lang='lat' dir='ltr'><strong>Chrysostomi,</strong></span> <span class='ocrx_word' id='word_1_682' title='bbox 3441 4769 3734 4824; x_wconf 88' lang='lat' dir='ltr'><strong>Antiochia</strong></span> 
     </span>
    </p>
   </div>
   <div class='ocr_carea' id='block_1_105' title="bbox 2154 4852 3734 4928">
    <p class='ocr_par' dir='ltr' id='par_1_105' title="bbox 2154 4852 3734 4928">
     <span class='ocr_line' id='line_1_106' title="bbox 2154 4852 3734 4928; baseline 0.006 -23"><span class='ocrx_word' id='word_1_683' title='bbox 2154 4852 2286 4906; x_wconf 90' lang='lat' dir='ltr'><strong>olim</strong></span> <span class='ocrx_word' id='word_1_684' title='bbox 2342 4855 2576 4919; x_wconf 89' lang='lat' dir='ltr'><strong>evocati,</strong></span> <span class='ocrx_word' id='word_1_685' title='bbox 2626 4872 2735 4911; x_wconf 93' lang='lat' dir='ltr'><strong>non</strong></span> <span class='ocrx_word' id='word_1_686' title='bbox 2784 4857 3050 4911; x_wconf 85' lang='lat' dir='ltr'><strong>absimilis</strong></span> <span class='ocrx_word' id='word_1_687' title='bbox 3090 4857 3350 4913; x_wconf 82' lang='lat' dir='ltr'><strong>futurus:</strong></span> <span class='ocrx_word' id='word_1_688' title='bbox 3384 4875 3556 4928; x_wconf 88' lang='lat' dir='ltr'><strong>quare</strong></span> <span class='ocrx_word' id='word_1_689' title='bbox 3608 4876 3734 4915; x_wconf 88' lang='lat' dir='ltr'><strong>om-</strong></span> 
     </span>
    </p>
   </div>
   <div class='ocr_carea' id='block_1_106' title="bbox 2153 4943 3734 5023">
    <p class='ocr_par' dir='ltr' id='par_1_106' title="bbox 2153 4943 3734 5023">
     <span class='ocr_line' id='line_1_107' title="bbox 2153 4943 3734 5023; baseline 0.008 -28"><span class='ocrx_word' id='word_1_690' title='bbox 2153 4943 2345 5009; x_wconf 91' lang='lat' dir='ltr'><strong>nium,</strong></span> <span class='ocrx_word' id='word_1_691' title='bbox 2418 4955 2776 5016; x_wconf 69' lang='lat' dir='ltr'><strong>praeterquam</strong></span> <span class='ocrx_word' id='word_1_692' title='bbox 2829 4948 3156 5003; x_wconf 88' lang='lat' dir='ltr'><strong>clericorum</strong></span> <span class='ocrx_word' id='word_1_693' title='bbox 3227 4952 3734 5023; x_wconf 88' lang='lat' dir='ltr'><strong>monachorumque</strong></span> 
     </span>
    </p>
   </div>
   <div class='ocr_carea' id='block_1_107' title="bbox 2154 5035 3731 5112">
    <p class='ocr_par' dir='ltr' id='par_1_107' title="bbox 2154 5035 3731 5112">
     <span class='ocr_line' id='line_1_108' title="bbox 2154 5035 3731 5112; baseline 0.01 -25"><span class='ocrx_word' id='word_1_694' title='bbox 2154 5035 2298 5089; x_wconf 88' lang='lat' dir='ltr'><strong>votis</strong></span> <span class='ocrx_word' id='word_1_695' title='bbox 2339 5047 2615 5107; x_wconf 59' lang='lat' dir='ltr'><strong>expetitus</strong></span> <span class='ocrx_word' id='word_1_696' title='bbox 2649 5038 3177 5112; x_wconf 88' lang='lat' dir='ltr'><strong>Constantinopolim</strong></span> <span class='ocrx_word' id='word_1_697' title='bbox 3212 5043 3381 5109; x_wconf 87' lang='lat' dir='ltr'><strong>venit,</strong></span> <span class='ocrx_word' id='word_1_698' title='bbox 3411 5046 3731 5104; x_wconf 88' lang='lat' dir='ltr'><strong>ordinatus-</strong></span> 
     </span>
    </p>
   </div>
   <div class='ocr_carea' id='block_1_108' title="bbox 2153 5128 3300 5201">
    <p class='ocr_par' dir='ltr' id='par_1_108' title="bbox 2153 5128 3300 5201">
     <span class='ocr_line' id='line_1_109' title="bbox 2153 5128 3300 5201; baseline 0.01 -23"><span class='ocrx_word' id='word_1_699' title='bbox 2153 5141 2262 5196; x_wconf 90' lang='lat' dir='ltr'><strong>que</strong></span> <span class='ocrx_word' id='word_1_700' title='bbox 2290 5137 2375 5181; x_wconf 62' lang='grc' dir='ltr'><strong>σει</strong></span> <span class='ocrx_word' id='word_1_701' title='bbox 2409 5128 2497 5184; x_wconf 88' lang='lat' dir='ltr'><strong>die</strong></span> <span class='ocrx_word' id='word_1_702' title='bbox 2530 5129 2740 5186; x_wconf 90' lang='lat' dir='ltr'><strong>decima</strong></span> <span class='ocrx_word' id='word_1_703' title='bbox 2777 5132 2979 5201; x_wconf 89' lang='lat' dir='ltr'><strong>Aprilis</strong></span> <span class='ocrx_word' id='word_1_704' title='bbox 3011 5133 3138 5186; x_wconf 87' lang='lat' dir='ltr'><strong>anni</strong></span> <span class='ocrx_word' id='word_1_705' title='bbox 3174 5134 3300 5189; x_wconf 72' lang='grc'><strong>428.</strong></span> 
     </span>
    </p>
   </div>
   <div class='ocr_carea' id='block_1_109' title="bbox 2229 5218 3729 5293">
    <p class='ocr_par' dir='ltr' id='par_1_109' title="bbox 2229 5218 3729 5293">
     <span class='ocr_line' id='line_1_110' title="bbox 2229 5218 3729 5293; baseline 0.01 -20"><span class='ocrx_word' id='word_1_706' title='bbox 2229 5218 2320 5273; x_wconf 94' lang='lat' dir='ltr'><strong>lll.</strong></span> <span class='ocrx_word' id='word_1_707' title='bbox 2357 5220 2580 5275; x_wconf 65' lang='lat' dir='ltr'><strong>Vixerat</strong></span> <span class='ocrx_word' id='word_1_708' title='bbox 2625 5222 2812 5293; x_wconf 88' lang='lat' dir='ltr'><strong>plures</strong></span> <span class='ocrx_word' id='word_1_709' title='bbox 2869 5238 3043 5279; x_wconf 89' lang='lat' dir='ltr'><strong>annos</strong></span> <span class='ocrx_word' id='word_1_710' title='bbox 3099 5241 3224 5280; x_wconf 87' lang='lat' dir='ltr'><strong>eum</strong></span> <span class='ocrx_word' id='word_1_711' title='bbox 3270 5227 3618 5287; x_wconf 89' lang='lat' dir='ltr'><strong>Theodoreto</strong></span> <span class='ocrx_word' id='word_1_712' title='bbox 3670 5231 3729 5288; x_wconf 91' lang='lat' dir='ltr'><strong>in</strong></span> 
     </span>
    </p>
   </div>
   <div class='ocr_carea' id='block_1_110' title="bbox 1821 5390 2400 5451">
    <p class='ocr_par' dir='ltr' id='par_1_110' title="bbox 1821 5390 2400 5451">
     <span class='ocr_line' id='line_1_111' title="bbox 1821 5390 2400 5451; baseline 0.005 -4"><span class='ocrx_word' id='word_1_713' title='bbox 1821 5390 2132 5451; x_wconf 86' lang='lat' dir='ltr'><strong>SCllULle</strong></span> <span class='ocrx_word' id='word_1_714' title='bbox 2173 5391 2400 5450; x_wconf 52' lang='lat' dir='ltr'><strong>NOTAE.</strong></span> 
     </span>
    </p>
   </div>
   <div class='ocr_carea' id='block_1_111' title="bbox 553 5557 920 5628">
    <p class='ocr_par' dir='ltr' id='par_1_111' title="bbox 553 5557 920 5628">
     <span class='ocr_line' id='line_1_112' title="bbox 553 5557 920 5628; baseline 0.011 -17"><span class='ocrx_word' id='word_1_715' title='bbox 553 5558 596 5589; x_wconf 81' lang='grc'>³⁸</span> <span class='ocrx_word' id='word_1_716' title='bbox 625 5557 795 5628; x_wconf 83' lang='lat' dir='ltr'><strong>Epist.</strong></span> <span class='ocrx_word' id='word_1_717' title='bbox 836 5561 920 5615; x_wconf 78' lang='grc' dir='ltr'><strong>Η.</strong></span> 
     </span>
    </p>
   </div>
   <div class='ocr_carea' id='block_1_112' title="bbox 1033 5560 3725 5653">
    <p class='ocr_par' dir='ltr' id='par_1_112' title="bbox 1033 5560 3725 5653">
     <span class='ocr_line' id='line_1_113' title="bbox 1033 5560 3725 5653; baseline 0.013 -41"><span class='ocrx_word' id='word_1_718' title='bbox 1093 5560 1713 5653; x_wconf 31' lang='grc' dir='ltr'><strong>έςιέηξξίιᾼίφηξᾳρροέζιὶ.</strong></span> <span class='ocrx_word' id='word_1_719' title='bbox 1737 5569 1932 5653; x_wconf 72' lang='lat' dir='ltr'><strong>_Mullis</strong></span> <span class='ocrx_word' id='word_1_720' title='bbox 1967 5573 2556 5653; x_wconf 69' lang='lat' dir='ltr'><strong>quidemargumentis</strong></span> <span class='ocrx_word' id='word_1_721' title='bbox 2588 5579 2728 5635; x_wconf 90' lang='lat' dir='ltr'><strong>hanc</strong></span> <span class='ocrx_word' id='word_1_722' title='bbox 2755 5580 3080 5653; x_wconf 77' lang='lat' dir='ltr'><strong>hypothesin</strong></span> <span class='ocrx_word' id='word_1_723' title='bbox 3110 5601 3373 5643; x_wconf 84' lang='lat' dir='ltr'><strong>exornare</strong></span> <span class='ocrx_word' id='word_1_724' title='bbox 3412 5587 3623 5646; x_wconf 91' lang='lat' dir='ltr'><strong>studuit</strong></span> <span class='ocrx_word' id='word_1_725' title='bbox 3665 5592 3725 5646; x_wconf 87' lang='lat' dir='ltr'><strong>in</strong></span> 
     </span>
    </p>
   </div>
   <div class='ocr_carea' id='block_1_113' title="bbox 475 5624 3052 5731">
    <p class='ocr_par' dir='ltr' id='par_1_113' title="bbox 475 5624 3052 5731">
     <span class='ocr_line' id='line_1_114' title="bbox 475 5624 3052 5731; baseline 0.011 -50"><span class='ocrx_word' id='word_1_726' title='bbox 475 5624 604 5683; x_wconf 70' lang='lat' dir='ltr'><strong>diss.</strong></span> <span class='ocrx_word' id='word_1_727' title='bbox 627 5624 687 5697; x_wconf 65' lang='grc' dir='ltr'><strong>ἓξ</strong></span> <span class='ocrx_word' id='word_1_728' title='bbox 707 5645 749 5685; x_wconf 90' lang='lat' dir='ltr'><strong>c.</strong></span> <span class='ocrx_word' id='word_1_729' title='bbox 784 5630 837 5698; x_wconf 83' lang='lat'><strong>3,</strong></span> <span class='ocrx_word' id='word_1_730' title='bbox 875 5630 989 5704; x_wconf 69' lang='lat'><strong>55;</strong></span> <span class='ocrx_word' id='word_1_731' title='bbox 1024 5631 1120 5689; x_wconf 87' lang='lat' dir='ltr'><strong>sed</strong></span> <span class='ocrx_word' id='word_1_732' title='bbox 1149 5648 1342 5704; x_wconf 89' lang='lat' dir='ltr'><strong>parum</strong></span> <span class='ocrx_word' id='word_1_733' title='bbox 1382 5624 1565 5692; x_wconf 70' lang='lat' dir='ltr'><strong>valere</strong></span> <span class='ocrx_word' id='word_1_734' title='bbox 1600 5624 1938 5710; x_wconf 77' lang='lat' dir='ltr'><strong>illa,ipseiu</strong></span> <span class='ocrx_word' id='word_1_735' title='bbox 1959 5624 3052 5731; x_wconf 43' lang='lat' dir='ltr'><strong>iiiié’ééiiiis&quot;</strong></span> 
     </span>
    </p>
   </div>
  </div>
