3950 6226
300 255 392 321 105

1499 249 1863 314 HISTORIA
1898 247 2409 320 THEODORETI.

3432 269 3533 334 106

296 364 508 421 mandra
545 365 737 420 Sancti
781 366 1047 436 Euprepii
1085 378 1253 436 prope
1290 362 1660 425 Antiochiam,
1704 359 1865 427 eique
1894 362 1940 418 A
1969 367 2182 419 tantum
2208 367 2379 437 regia,
2402 383 2505 424 nec
2528 368 2583 425 in
2614 368 2837 429 Oriente
2879 374 3079 442 solum,
3133 376 3227 431 sed
3266 378 3432 434 etiam
3479 380 3533 434 in

293 465 405 510 erat
430 471 538 508 non
571 457 829 510 diuturni
858 466 1069 511 tantum
1103 453 1473 519 contubernii,
1519 452 1613 507 sed
1648 449 1863 506 studio-

290 560 409 599 rum
451 546 614 599 etiam
647 561 715 600 ac
755 546 1025 601 doctrina:
1055 545 1439 600 communione
1478 540 1862 613 coniunctissi-

294 654 441 693 mus:
461 638 779 695 habuerant
801 642 949 695 enim
984 640 1144 695 ambo
1168 654 1511 696 communem
1544 637 1864 709 magistrum

293 732 443 787 libris
467 740 521 785 et
554 733 926 787 concionibus
970 733 1245 788 celebrem
1295 729 1864 800 Theodorum,‘cujus

292 822 501 892 scriptis
548 838 813 894 semper,
863 824 1105 895 alloquio
1146 823 1445 879 identidem
1500 819 1859 885 fruebantur,

288 924 445 984 prout
478 929 679 985 nempe
712 916 1084 981 Antiochiam,
1110 915 1267 972 statis
1287 915 1860 987 synodorum‘tempo—

288 1004 458 1068 ribus,
493 1005 779 1061 veniebat.
832 1006 1027 1076 Ibique
1073 1015 1300 1076 propter
1327 1004 1707 1060 incredibilem
1739 1016 1860 1056 om-

285 1094 431 1148 nium
455 1095 778 1166 opinionem
806 1097 1158 1153 detinebatur
1184 1095 1524 1167 aliquandiu,
1557 1103 1618 1149 ut
1640 1092 1862 1148 audien-

285 1185 415 1241 tium
471 1187 837 1257 cupiditatem
894 1187 1155 1259 expleret.
1218 1187 1346 1241 Inde
1421 1193 1571 1241 arcta
1621 1182 1859 1239 Nestorii

282 1276 727 1352 Theodoretigue
759 1278 1260 1335 necessitudo.Etsi
1279 1284 1428 1333 tanta
1454 1285 1574 1333 erat
1603 1274 1859 1331 Theodo-

280 1376 455 1422 retum
496 1368 647 1423 inter
674 1379 730 1425 et
755 1369 1066 1424 Nestorium
1094 1367 1350 1423 amicitia:
1382 1366 1715 1430 necessitas,
1746 1377 1856 1419 non

282 1457 383 1513 fuit
420 1469 605 1515 tamen
634 1476 747 1515 una
782 1460 1071 1529 utriusque
1096 1458 1332 1522 indoles,
1360 1457 1664 1527 eademque
1688 1453 1856 1510 animi

278 1551 621 1621 propensio:
670 1551 1022 1606 Theodoreto
1068 1551 1284 1606 sincera
1345 1564 1540 1615 mens,
1601 1546 1856 1603 Nestorio

276 1642 502 1697 subdola
527 1660 545 1707 ;
581 1658 703 1697 rem
734 1643 910 1714 ipsam
938 1642 1156 1714 pietatis
1179 1640 1561 1697 Theodoretus
1601 1639 1852 1695 sectaba-

276 1739 382 1795 tur,
416 1731 712 1788 Nestorius
738 1734 977 1802 speciem
1003 1750 1016 1787 :
1042 1732 1235 1787 amicis
1263 1731 1356 1786 ille
1389 1745 1530 1801 pene
1557 1729 1853 1796 serviebat,
1888 1700 1930 1757 Β

275 1828 333 1874 ut
387 1819 670 1887 dominis;
718 1822 823 1877 iste
880 1821 1142 1878 utebatur
1199 1829 1461 1891 tanquam
1543 1819 1854 1890 mancipiis.

276 1911 454 1968 Verbo
506 1913 714 1981 dicam,
764 1915 820 1971 id
867 1931 991 1971 esse
1038 1913 1216 1971 voluit
1278 1912 1680 1982 Theodoretus,
1708 1913 1857 1985 quod

272 2004 558 2060 Nestorius
591 2006 793 2062 videri.

339 2095 428 2149 Π.
473 2095 679 2151 Fertur
717 2097 763 2130 ³⁸
811 2096 948 2152 falsa
985 2095 1234 2167 quaedam
1285 2098 1354 2153 de
1391 2096 1647 2155 Nestorio
1689 2095 1852 2161 fama,

272 2186 436 2255 quod,
472 2203 602 2242 cum
643 2187 854 2243 accitus
894 2187 1421 2259 ConstantinOpolim
1474 2205 1577 2260 per
1607 2187 1853 2244 Ciliciam

275 2277 551 2340 transiret,
576 2278 675 2332 ubi
710 2277 1045 2348 Mopsuestia
1076 2287 1181 2343 est,
1220 2278 1571 2334 Theodorum
1606 2270 1857 2349 Mopsue-

274 2367 385 2423 stia:
432 2369 728 2437 praesulem
775 2369 1072 2425 admodum
1118 2385 1330 2436 senem,
1369 2372 1572 2443 quippe
1622 2373 1855 2442 expletis

275 2459 381 2513 fere
407 2473 502 2513 sex
546 2468 601 2514 et
643 2459 869 2531 triginta
911 2459 1263 2531 episcopatus
1297 2462 1477 2526 annis,
1509 2462 1851 2527 convenerit,

273 2549 546 2620 simulque
578 2550 869 2622 agitaverit
906 2552 1135 2606 consilia
1159 2552 1227 2607 de
1248 2552 1474 2618 haeresi,
1511 2569 1676 2624 quam
1706 2564 1853 2609 uter-

273 2655 375 2710 que
409 2641 621 2695 dudum
669 2642 725 2696 in
781 2643 907 2698 sinu
953 2642 1193 2708 fovebat,
1222 2659 1496 2714 quamque
1530 2644 1853 2701 Theodorus

271 2732 430 2786 etiam
464 2733 731 2802 scriptis,
796 2734 890 2789 sed
938 2735 1206 2793 hactenus
1247 2737 1484 2808 pressis,
1530 2737 1848 2803 mandarat,

276 2822 422 2893 151
487 2840 589 2894 pro
645 2834 894 2897 tempore
955 2835 1011 2883 et
1071 2828 1193 2884 loco
1243 2829 1540 2899 aperienda
1582 2849 1593 2883 :
1629 2829 1852 2900 quando

272 2929 461 2983 nempe
496 2915 788 2971 Nestorius
810 2924 1015 2972 tantam
1040 2919 1338 2988 potentiam
1358 2921 1851 2990 auctoritatemque

270 3005 408 3074 apud
468 3007 785 3077 principum
848 3009 1062 3064 animos
1096 3009 1328 3080 adeptus
1364 3011 1587 3076 fuisset,
1616 3019 1848 3103 iquanta
1874 3043 1921 3103 ο

270 3112 403 3168 opus
443 3105 569 3154 erat
619 3099 690 3154 ad
742 3107 852 3154 tam
898 3100 1074 3155 audax
1134 3102 1351 3157 facinus
1405 3102 1749 3158 tentandum.
1788 3103 1849 3159 Id

269 3190 519 3259 quamvis
552 3191 625 3245 ab
664 3191 919 3262 Evagrio,
964 3201 1187 3249 auctore
1242 3194 1577 3264 caeteroquin
1636 3194 1846 3261 nobili,

270 3279 540 3344 tradatur,
583 3290 796 3352 pugnat
847 3292 1030 3338 tamen
1068 3298 1195 3338 cum
1232 3282 1443 3339 ratione
1496 3294 1847 3355 temporum:

268 3384 390 3423 nam
441 3371 597 3425 diem
646 3378 956 3426 extremum
1001 3373 1215 3430 obierat
1269 3374 1616 3437 Theodorus,
1671 3377 1850 3445 prius-

265 3475 423 3529 quam
449 3461 524 3516 de
552 3462 908 3533 praeﬁciendo
939 3464 1196 3519 Ecclesiae
1229 3463 1849 3534 Constantinopolitanze

263 3550 519 3606 Nestorio
545 3552 905 3623 cogitaretur.
954 3553 1075 3607 Non
1129 3554 1277 3608 enim
1321 3554 1475 3624 prius
1526 3554 1844 3625 cogitatum,

263 3655 420 3709 quam
448 3681 463 3703 ,
522 3640 788 3695 defuncto
837 3640 1120 3707 Sisinnio,
1178 3642 1520 3698 divideretur
1567 3644 1622 3697 in
1665 3654 1848 3714 partes

264 3731 417 3785 urbis
448 3731 618 3802 regiae
640 3732 843 3796 clerus,
863 3732 987 3787 aliis
1008 3732 1177 3787 alium
1203 3734 1492 3803 praesulem
1512 3734 1841 3793 volentibus.

260 3821 422 3892 Atqui
462 3823 766 3878 defunctus
794 3832 882 3878 est
920 3822 1196 3879 Sisinnius
1243 3823 1333 3878 die
1375 3824 1446 3879 24
1502 3824 1842 3891 Decembris,

261 3928 389 3968 ann.
422 3914 555 3980 427,
582 3929 697 3985 quo
730 3930 879 3970 anno
911 3915 1188 3971 Theodori
1215 3916 1401 3972 obitus
1431 3918 1681 3988 contigit.
1701 3917 1845 3985 Quo-

260 4005 421 4061 modo
446 4005 624 4077 igitur
650 4004 959 4072 Nestorius,
985 4007 1103 4077 qui,
1123 4022 1235 4062 non
1259 4017 1386 4063 ante
1407 4008 1659 4063 Martium
1686 4024 1843 4064 men-

259 4111 373 4151 sem
408 4098 545 4151 anni
594 4097 723 4162 428,
756 4096 1290 4169 Constantinopolim
1322 4114 1424 4168 per
1467 4098 1711 4155 Ciliciam
1744 4115 1841 4170 pe-

260 4188 364 4253 tiit,
396 4187 756 4244 Theodorum
786 4191 1083 4245 convenire
1112 4189 1355 4260 potuerit
1379 4189 1404 4243 ?

324 4278 453 4334 Fuit
482 4294 655 4349 porro
689 4277 968 4335 Theodori
1012 4278 1363 4350 Nestoriique
1416 4281 1644 4338 hmresis
1696 4284 1841 4355 inju-

1962 453 2213 527 Egypto,
2246 460 2357 515 imo
2385 463 2514 518 etin
2551 465 2684 522 urbe
2712 466 2905 535 Roma,
2941 485 3051 540 quo
3090 487 3375 528 sermones
3406 488 3536 531 suos

1965 550 2286 607 transmisit.

2034 638 2097 693 ν.
2133 639 2427 712 Postquam
2471 661 2602 701 vero
2639 647 2909 706 nefandus
2951 650 3155 708 Christi
3202 653 3375 711 hostis
3402 672 3537 727 pro-

1962 728 2144 796 palata
2183 731 2381 787 haeresi
2413 742 2589 791 totum
2615 738 2804 794 orbem
2838 744 3154 810 commovit,
3182 746 3536 818 monitusque

1961 820 2132 875 semel
2176 838 2241 877 ac
2273 818 2473 880 iterum
2520 843 2551 883 a
2588 837 2781 884 sancto
2823 830 3050 903 Cyrillo,
3095 851 3206 889 non
3239 836 3402 892 modo
3424 853 3535 894 non

1961 910 2128 968 desiit
2180 912 2500 983 impietatis,
2560 920 2657 977 sed
2711 936 2832 977 eam
2885 924 3275 994 confidentius,
3323 944 3432 998 qua
3480 930 3535 984 vi

1962 1002 2316 1072 potentiaque
2359 1004 2853 1082 Constantinopoli,
2882 1029 2989 1084 qua
3013 1013 3303 1073 fraudibus
3328 1018 3534 1085 Romae,

1962 1091 2182 1146 firmare
2229 1110 2398 1148 ausus
2440 1104 2562 1151 est:
2614 1114 2706 1154 res
2741 1101 2808 1155 ad
2839 1102 3025 1157 sedem
3050 1104 3407 1174 apostolicam
3436 1107 3537 1164 de-

1959 1181 2066 1236 lata
2101 1182 2148 1215 ⁸³
2173 1192 2258 1238 est
2291 1200 2388 1254 per
2413 1187 2644 1253 litteras,
2671 1198 2785 1245 tum
2814 1191 3023 1264 Cyrilli,
3049 1196 3335 1265 querentis
3371 1198 3536 1253 simul

1959 1282 2015 1326 et
2053 1277 2409 1343 accusantis;
2451 1287 2567 1334 tum
2621 1281 2879 1349 Nestorii,
2931 1284 3092 1340 fidem
3143 1301 3322 1352 suam,
3354 1289 3538 1345 missis

1958 1375 2058 1430 per
2104 1363 2438 1421 Antiochum
2490 1368 2669 1424 virum
2714 1371 2984 1427 illustrem
3010 1375 3378 1444 sermonibus,
3408 1393 3538 1448 pro-

1958 1452 2090 1508 bare
2126 1456 2445 1514 adnitentis.

2029 1546 2116 1601 Vl.
2147 1547 2325 1603 Causa
2351 1551 2405 1604 in
2439 1552 2677 1608 concilio
2703 1552 2972 1621 Romano,
3013 1565 3204 1611 sancto
3237 1555 3537 1614 Caelestino

1957 1638 2308 1706 praesidente,
2339 1642 2541 1713 agitata
2569 1651 2676 1710 est,
2720 1645 2939 1716 lataque
2967 1648 3261 1712 sententia,
3291 1664 3398 1719 qua
3423 1649 3536 1705 hae-

1960 1730 2166 1785 reticus
2183 1731 2491 1801 juberetur,
2526 1734 2633 1789 nisi
2652 1736 2837 1790 mallet
2861 1736 3062 1808 deponi
3090 1739 3231 1794 intra
3258 1740 3537 1796 decimum

1959 1819 2105 1876 diem
2140 1838 2171 1877 a
2209 1822 2646 1892 denuntiatione,
2704 1843 2966 1884 revocare
3014 1846 3284 1899 errorem,
3326 1833 3541 1905 capitu-

1956 1911 2117 1983 laque
2166 1929 2197 1969 a
2252 1913 2458 1986 Cyrillo
2500 1917 2706 1988 scripta
2745 1918 3098 1977 subscribere
3132 1920 3210 1975 ’δε
3247 1922 3537 1994 iuberetur

1955 2019 2175 2075 quoque
2227 2006 2484 2079 Cyrillus,
2528 2010 2724 2081 prima;
2757 2021 2882 2085 post
2911 2013 3214 2069 Romanam
3246 2015 3395 2071 sedis
3418 2018 3535 2087 cpi-

1956 2110 2177 2166 scopus,
2222 2098 2371 2154 vices
2407 2099 2693 2157 Caelestini
2751 2104 2857 2160 hoc
2906 2104 2961 2159 in
3009 2105 3231 2178 negotio
3282 2107 3533 2179 implere,

1954 2186 2396 2258 sententiamque
2422 2191 2645 2261 exsequi
2676 2208 2742 2247 ex
2773 2208 3047 2249 canonum
3084 2196 3425 2267 praescripto.

2027 2276 2138 2331 νη.
2187 2277 2246 2332 Id
2295 2287 2357 2334 ut
2409 2291 2695 2351 praestaret
2742 2285 3001 2356 Cyrillus,
3052 2304 3121 2343 ex
3165 2296 3276 2343 tota
3302 2287 3536 2361 Egypto

1954 2368 2171 2439 collegit
2222 2371 2513 2441 synodum,
2567 2373 2806 2447 indeque
2847 2386 3081 2449 quatuor
3130 2380 3420 2450 episc0pos
3465 2381 3533 2435 ad

1953 2459 2267 2515 Nestorium
2312 2463 2468 2535 153
2498 2465 2668 2532 misit,
2703 2482 2830 2522 cum
2865 2470 3066 2524 summi
3099 2471 3117 2490 ‘
3145 2470 3421 2541 pontiﬁcis
3447 2472 3537 2527 lit—

1955 2550 2108 2618 teris,
2164 2553 2412 2623 suisque,
2463 2563 2627 2626 atque
2685 2558 2853 2612 etiam
2911 2557 3202 2615 duodecim
3253 2561 3531 2632 capitulis,

1953 2642 2069 2697 sive
2120 2644 2619 2711 anathematismis,
2670 2649 2873 2718 quibus
2918 2666 2984 2705 ex
3032 2650 3290 2708 mandato
3334 2656 3532 2709 summi

1954 2735 2230 2804 pontiﬁcis
2252 2736 2578 2792 catholicam
2603 2740 2890 2795 veritatem
2914 2742 3153 2797 Nestorii
3178 2742 3534 2813 blasphetniis

1953 2825 2263 2895 oppositam
2291 2827 2614 2897 complexus
2645 2837 2784 2895 erat,
2824 2831 3136 2902 quibusque
3180 2835 3384 2903 scripto
3429 2835 3534 2889 Ne-

1953 2917 2158 2974 storius
2206 2919 2574 2985 consentiret,
2628 2921 2675 2975 si
2723 2922 2890 2978 vellet
2934 2923 3240 2980 catholicus
3273 2925 3445 2980 videri
3476 2936 3533 2980 et

1955 3008 2009 3062 in
2050 3009 2179 3064 sede
2205 3010 2529 3066 consistere.
3445 3019 3449 3023 ’

2023 3102 2227 3156 Verum
2269 3103 2540 3173 Cyrillus,
2593 3111 2888 3174 antequam
2951 3104 3219 3175 synodum
3280 3104 3528 3167 haberet.

1954 3191 2192 3261 indeque
2239 3191 2774 3262 Constantinopolim
2799 3193 3089 3263 episcopos
3121 3193 3386 3259 mitteret,
3415 3195 3531 3266 jus-

1953 3291 2099 3335 serat
2151 3280 2553 3346 Possidonium,
2603 3296 2716 3337 sua:
2769 3282 3027 3339 Ecclesiae
3073 3282 3386 3348 diaconum,
3435 3286 3533 3353 qui

1952 3374 2123 3427 Roma
2157 3372 2355 3427 summi
2390 3371 2670 3443 pontificis
2711 3372 2926 3428 litteras
2952 3374 3235 3447 attulerat,
3265 3373 3529 3430 Hieroso-

1949 3464 2149 3535 lymam
2195 3473 2253 3518 et
2295 3463 2644 3520 Antiochiam
2680 3462 2977 3534 proficisci,
3003 3464 3323 3536 litterasque
3348 3466 3529 3522 Coele-

1949 3553 2079 3608 stini
2113 3553 2182 3609 ad
2219 3554 2507 3624 utriusque
2546 3552 2789 3610 civitatis
2838 3554 3112 3610 antistites
3157 3554 3390 3610 deferre.
3432 3555 3528 3613 His

1949 3659 1978 3698 a
2040 3658 2256 3698 summo
2312 3642 2574 3713 pontifice
2623 3642 2967 3697 docebantur
3011 3642 3081 3697 de
3142 3643 3415 3697 sententia
3471 3642 3529 3699 in

1947 3737 2260 3793 Nestorium
2290 3737 2420 3802 lata,
2447 3736 2722 3807 simulque
2751 3745 2809 3792 et
2837 3736 3300 3792 abstrahebantu‘r
3328 3753 3356 3791 a
3404 3754 3528 3808 par-

1949 3828 2117 3891 tibus,
2171 3842 2309 3896 quas
2352 3827 2591 3881 amicitia
2641 3826 2873 3882 suadere
2919 3834 3169 3896 poterat:
3212 3826 3528 3897 obstringe-

1947 3917 2149 3972 bantur
2173 3918 2337 3971 etiam
2369 3917 2437 3971 ad
2469 3917 2594 3972 fidei
2626 3933 2848 3972 causam
2871 3915 3292 3981 defendendam,
3326 3917 3524 3986 partim

1945 4017 2119 4070 metu,
2177 4022 2246 4061 ne
2298 4006 2431 4076 quid
2484 4006 2660 4061 simile
2719 4006 2852 4076 ipsis
2881 4005 3267 4076 contingeret;
3322 4007 3520 4076 partim

1946 4097 2173 4152 honoris
2213 4113 2402 4161 sensu,
2458 4106 2518 4152 ut
2578 4096 2673 4167 qui
2717 4106 3048 4152 vocarentur
3094 4097 3151 4151 in
3203 4097 3522 4152 societatem

1945 4188 2150 4259 negotii
2188 4189 2434 4243 omnium
2473 4203 2539 4244 ea
2567 4197 2889 4258 tempestate
2921 4188 3164 4243 maximi.

2018 4280 2139 4348 Quo
2162 4291 2409 4351 tempore
2445 4280 2632 4352 Cyrilli
2670 4280 2936 4335 diaconus
2973 4281 3327 4336 Antiochiam’
3346 4283 3517 4347 venit,

244 4368 401 4425 'riosa
422 4369 850 4439 supra‘modum
891 4369 1131 4437 Christo,
1170 4371 1353 4426 Mariae
1383 4372 1621 4443 Virgini,
1656 4381 1711 4426 et
1742 4372 1840 4426 toti
1879 4372 1920 4428 Ι)
1946 4373 2125 4427 soluta
2176 4388 2369 4427 recens
2409 4383 2528 4428 erat
2574 4372 2817 4443 synodus
2855 4373 3208 4439 autumnalis,
3237 4389 3520 4429 remanse-

259 4461 547 4515 hominum
603 4460 835 4531 generi:
882 4459 1107 4516 Christo
1150 4462 1297 4517 enim
1328 4462 1611 4517 invidebat
1643 4462 1842 4517 divini-

262 4561 446 4616 tatem,
482 4551 700 4622 Virgini
750 4566 953 4606 nomen
988 4552 1257 4622 Deipartc,
1317 4553 1640 4608 hominibus
1685 4569 1839 4623 spem

257 4643 468 4698 salutis.
513 4641 802 4697 Christum
836 4643 1041 4712 quippe
1067 4642 1353 4697 asserebat
1385 4657 1499 4696 non
1523 4657 1645 4697 esse
1665 4642 1838 4697 Deum

262 4733 458 4803 teipsa,
485 4734 586 4790 sed
612 4749 815 4805 purum
840 4734 1140 4798 hominem,
1170 4734 1285 4787 Deo
1306 4733 1490 4789 Verbo
1513 4733 1839 4790 habitudine

261 4826 734 4895 solaeopulatum.
770 4824 926 4882 Unde
963 4824 1023 4878 ﬁt
1043 4838 1410 4893 consequens,
1452 4830 1516 4877 ut
1542 4839 1647 4879 nec
1679 4824 1837 4880 beata

262 4914 422 4988 Virgo
471 4918 757 4989 peperisse
806 4917 981 4973 Deum
1023 4916 1135 4972 dici
1176 4924 1391 4987 posset,
1427 4932 1531 4973 nec
1580 4917 1839 4974 homines

265 5010 487 5065 salutem
515 5026 760 5080 sperare,
793 5020 855 5065 ut
887 5024 1009 5079 qua:
1038 5008 1111 5063 ab
1137 5008 1363 5064 homine
1401 5011 1709 5080 exspectari
1742 5027 1841 5066 ne-

269 5112 441 5170 queat.
492 5102 726 5157 Tantam
779 5102 1144 5172 impietatem,
1196 5115 1320 5156 cum
1359 5102 1601 5172 primum
1632 5117 1837 5173 oppor-

273 5201 389 5249 tune
418 5195 619 5265 potuit,
646 5209 754 5265 qua
797 5193 1183 5260 concionibus,
1224 5209 1333 5264 qua
1370 5193 1683 5262 colloquiis,
1731 5210 1839 5264 qua

277 5289 510 5361 malignis
550 5290 764 5344 artibus
824 5287 1031 5357 sparsit
1073 5288 1379 5351 Nestorius,
1438 5303 1547 5341 non
1599 5287 1655 5342 in
1699 5290 1838 5344 urbe

1946 4474 2143 4536 ratque
2170 4465 2313 4520 forte
2344 4465 2487 4534 apud
2516 4465 2782 4521 Joannem
2813 4464 3195 4520 Theodoretus
3229 4479 3353 4519 cum
3395 4465 3522 4519 aliis

1944 4557 2211 4628 quinque,
2257 4555 2527 4612 Archelao
2564 4553 2824 4610 Cmsareae
2852 4554 3228 4626 Cappadociae,
3259 4553 3521 4625 Apringio

1943 4647 2241 4710 Chalcidis,
2270 4645 2497 4701 Heliade
2537 4644 2867 4717 Zeugmatis,
2891 4645 3107 4700 Meletio
3130 4645 3519 4711 Neocaesaree,

1946 4742 2003 4789 et
2035 4734 2272 4789 Macario
2300 4732 2583 4788 Laodiceae
2612 4733 2909 4804 episc0pis,
2940 4731 3269 4801 quibuscum
3299 4748 3357 4786 re
3398 4747 3518 4787 ma-

1947 4827 2130 4882 turius
2170 4825 2496 4891 deliberata,
2530 4826 2708 4880 visum
2739 4832 2844 4889 est,
2879 4822 3108 4879 Joannis
3134 4823 3351 4878 nomine
3377 4825 3519 4879 scri-

1944 4918 2186 4975 bendum
2242 4915 2532 4980 Nestorio,
2590 4923 2652 4969 ut
2704 4913 2968 4967 Θεοτὸκου
3018 4911 3359 4968 confessione
3412 4915 3517 4967 im-

1944 5007 2282 5079 pendentem
2317 5005 2485 5075 capiti
2525 5020 2625 5059 suo
2652 5010 3034 5074 tempestatem
3069 5012 3363 5059 averteret.
3394 5003 3519 5059 Non

1941 5099 2050 5155 erit
2095 5112 2261 5169 porro
2306 5111 2482 5151 vanus
2519 5096 2823 5165 conjector,‘
2842 5095 2936 5166 qui
2965 5095 3251 5165 epistolam
3276 5111 3304 5149 a
3336 5095 3518 5149 Theo-

1943 5193 2139 5249 doreto
2160 5191 2421 5259 scriptam
2443 5194 2599 5258 putet
2627 5188 2690 5240 ³⁸.
2727 5186 2862 5241 Nam
2893 5194 2949 5242 et
2982 5187 3051 5241 de
3078 5188 3249 5256 ipsius
3289 5183 3533 5242 consilio'

1943 5289 2147 5344 dictata
2179 5283 2401 5347 dicitur,
2435 5289 2491 5335 et
2526 5279 2700 5350 ipsius
2732 5278 2930 5351 stylum
2952 5278 3137 5342 refert,
3161 5286 3212 5331 et
3238 5276 3412 5330 affinis
3435 5286 3519 5333 est

1601 5382 1923 5441 SCHULZII
1962 5382 2192 5440 ΝΟΤᾹΞ.
2275 5434 2278 5441 .

335 5472 654 5547 ’ζΕτδςι-ἰιιε
684 5475 803 5547 Ιίὺέ
832 5491 874 5537 ι,
905 5489 1024 5547 cap.
1086 5473 1140 5528 2.

1241 5475 1295 5550 ³³.
1347 5474 1669 5550 Palmam.
1728 5479 1852 5550 Vid.
1900 5480 2088 5550 Epist.
2119 5475 2342 5550 Coalest.
2379 5470 2735 5550 _ad_Ne_stor.

2844 5468 2888 5500 ³⁸
2912 5468 3044 5522 Acta
3077 5465 3289 5520 concilii
3315 5464 3514 5534 Ephes.

284 5539 445 5619 {Non
462 5536 532 5587 -ἱ
544 5557 719 5619 pum.
762 5536 1030 5619 Eamde'm
1059 5543 1389 5619 sententiam
1409 5547 1486 5619 ⁸ἰῃ
1531 5547 1688 5619 Notis
1710 5549 1778 5607 ad
1810 5536 2041 5607 Joannis
2064 5543 2393 5619 Antiocheni
2424 5541 2715 5619 epistolam
2744 5539 2897 5619 (_e_d_i‘t.
2922 5537 3123 5619 prioris
3153 5551 3206 5605 p.
3238 5536 3363 5619 5.9),
3376 5549 3520 5619 quas

281 5609 384 5705 {qu
411 5603 683 5684 dabimus,
720 5623 922 5672 tuetur
951 5613 1285 5680 Garnerius;
1329 5616 1425 5669 sed
1471 5616 1524 5670 in
1561 5603 2086 5691 dissftertiavfedit.
2121 5614 2324 5705 prioris
2363 5603 2481 5683 pag.
2524 5610 2627 5665 469
2666 5616 2723 5665 et
2748 5607 2894 5671 tm,
2924 5603 3003 5661 'de
3047 5606 3125 5660 rei
3154 5603 3397 5660 veritate
3417 5603 3520 5659 du-

276 5681 398 5744 m“.
463 5786 774 5849 ΡΑτιιοι.
826 5776 955 5837 Gn.
998 5774 1326 5836 LXXXIV.

3079 5765 3113 5826 4
