  <div class='ocr_page' id='page_1' title='image "/cluster/home/n/w/nwhite01/storage/ocr_20150623/84 pt.5/mdp.39015010572884/061.png"; bbox 0 0 3950 6226; ppageno 0'>
   <div class='ocr_carea' id='block_1_1' title="bbox 400 260 499 330">
    <p class='ocr_par' dir='ltr' id='par_1_1' title="bbox 400 260 499 330">
     <span class='ocr_line' id='line_1_1' title="bbox 400 260 499 330; baseline -0.01 0"><span class='ocrx_word' id='word_1_1' title='bbox 400 260 499 330; x_wconf 81' lang='lat' dir='ltr'><strong>tm</strong></span> 
     </span>
    </p>
   </div>
   <div class='ocr_carea' id='block_1_2' title="bbox 1551 258 2551 322">
    <p class='ocr_par' dir='ltr' id='par_1_2' title="bbox 1551 258 2551 322">
     <span class='ocr_line' id='line_1_2' title="bbox 1551 258 2551 322; baseline 0.003 -4"><span class='ocrx_word' id='word_1_2' title='bbox 1551 259 1924 319; x_wconf 79' lang='lat' dir='ltr'><strong>GARNERII</strong></span> <span class='ocrx_word' id='word_1_3' title='bbox 1967 258 2463 321; x_wconf 76' lang='lat' dir='ltr'><strong>DISSERTATIO</strong></span> <span class='ocrx_word' id='word_1_4' title='bbox 2501 262 2551 322; x_wconf 87' lang='grc' dir='ltr'><strong>Ι.</strong></span> 
     </span>
    </p>
   </div>
   <div class='ocr_carea' id='block_1_3' title="bbox 3540 255 3645 325">
    <p class='ocr_par' dir='ltr' id='par_1_3' title="bbox 3540 255 3645 325">
     <span class='ocr_line' id='line_1_3' title="bbox 3540 255 3645 325; baseline 0.029 -4"><span class='ocrx_word' id='word_1_5' title='bbox 3540 255 3645 325; x_wconf 82' lang='grc'><strong>108</strong></span> 
     </span>
    </p>
   </div>
   <div class='ocr_carea' id='block_1_4' title="bbox 397 370 3641 444">
    <p class='ocr_par' dir='ltr' id='par_1_4' title="bbox 397 370 3641 444">
     <span class='ocr_line' id='line_1_4' title="bbox 397 370 3641 444; baseline 0.001 -19"><span class='ocrx_word' id='word_1_6' title='bbox 397 376 570 439; x_wconf 74' lang='lat' dir='ltr'><strong>alteri,</strong></span> <span class='ocrx_word' id='word_1_7' title='bbox 629 374 681 427; x_wconf 90' lang='lat' dir='ltr'><strong>in</strong></span> <span class='ocrx_word' id='word_1_8' title='bbox 716 388 822 442; x_wconf 82' lang='lat' dir='ltr'><strong>qua</strong></span> <span class='ocrx_word' id='word_1_9' title='bbox 866 371 1008 426; x_wconf 79' lang='lat' dir='ltr'><strong>idern</strong></span> <span class='ocrx_word' id='word_1_10' title='bbox 1057 373 1169 427; x_wconf 83' lang='lat' dir='ltr'><strong>fere</strong></span> <span class='ocrx_word' id='word_1_11' title='bbox 1214 381 1598 444; x_wconf 71' lang='lat' dir='ltr'><strong>argumentum</strong></span> <span class='ocrx_word' id='word_1_12' title='bbox 1640 372 1707 425; x_wconf 88' lang='lat' dir='ltr'><strong>de</strong></span> <span class='ocrx_word' id='word_1_13' title='bbox 1746 370 1969 441; x_wconf 80' lang='lat' dir='ltr'><strong>Virgine</strong></span> <span class='ocrx_word' id='word_1_14' title='bbox 1999 378 2038 433; x_wconf 80' lang='grc' dir='ltr'><strong>Α</strong></span> <span class='ocrx_word' id='word_1_15' title='bbox 2074 372 2235 426; x_wconf 89' lang='lat' dir='ltr'><strong>modo</strong></span> <span class='ocrx_word' id='word_1_16' title='bbox 2279 375 2393 428; x_wconf 89' lang='lat' dir='ltr'><strong>sola</strong></span> <span class='ocrx_word' id='word_1_17' title='bbox 2439 377 2578 429; x_wconf 92' lang='lat' dir='ltr'><strong>ratio</strong></span> <span class='ocrx_word' id='word_1_18' title='bbox 2621 375 2914 430; x_wconf 88' lang='lat' dir='ltr'><strong>haberetur</strong></span> <span class='ocrx_word' id='word_1_19' title='bbox 2952 374 3342 444; x_wconf 83' lang='lat' dir='ltr'><strong>objectionum,</strong></span> <span class='ocrx_word' id='word_1_20' title='bbox 3373 387 3510 442; x_wconf 81' lang='lat' dir='ltr'><strong>quas</strong></span> <span class='ocrx_word' id='word_1_21' title='bbox 3539 389 3641 428; x_wconf 51' lang='lat' dir='ltr'><strong>no-</strong></span> 
     </span>
    </p>
   </div>
   <div class='ocr_carea' id='block_1_5' title="bbox 394 462 1964 536">
    <p class='ocr_par' dir='ltr' id='par_1_5' title="bbox 394 462 1964 536">
     <span class='ocr_line' id='line_1_5' title="bbox 394 462 1964 536; baseline -0.004 -14"><span class='ocrx_word' id='word_1_22' title='bbox 394 465 621 536; x_wconf 76' lang='lat' dir='ltr'><strong>Deipara</strong></span> <span class='ocrx_word' id='word_1_23' title='bbox 667 473 948 529; x_wconf 75' lang='lat' dir='ltr'><strong>tractatur,</strong></span> <span class='ocrx_word' id='word_1_24' title='bbox 1001 474 1056 520; x_wconf 89' lang='lat' dir='ltr'><strong>et</strong></span> <span class='ocrx_word' id='word_1_25' title='bbox 1094 465 1347 521; x_wconf 85' lang='lat' dir='ltr'><strong>eumdem</strong></span> <span class='ocrx_word' id='word_1_26' title='bbox 1381 464 1599 519; x_wconf 89' lang='lat' dir='ltr'><strong>videtur</strong></span> <span class='ocrx_word' id='word_1_27' title='bbox 1632 462 1834 515; x_wconf 88' lang='lat' dir='ltr'><strong>habere</strong></span> <span class='ocrx_word' id='word_1_28' title='bbox 1865 475 1964 516; x_wconf 89' lang='lat' dir='ltr'><strong>au-</strong></span> 
     </span>
    </p>
   </div>
   <div class='ocr_carea' id='block_1_6' title="bbox 394 554 1965 626">
    <p class='ocr_par' dir='ltr' id='par_1_6' title="bbox 394 554 1965 626">
     <span class='ocr_line' id='line_1_6' title="bbox 394 554 1965 626; baseline -0.003 -14"><span class='ocrx_word' id='word_1_29' title='bbox 394 567 621 623; x_wconf 81' lang='lat' dir='ltr'><strong>ctorem,</strong></span> <span class='ocrx_word' id='word_1_30' title='bbox 674 572 837 626; x_wconf 85' lang='lat' dir='ltr'><strong>quem</strong></span> <span class='ocrx_word' id='word_1_31' title='bbox 882 557 1002 611; x_wconf 78' lang='lat' dir='ltr'><strong>alia:</strong></span> <span class='ocrx_word' id='word_1_32' title='bbox 1054 558 1166 612; x_wconf 85' lang='lat' dir='ltr'><strong>fere</strong></span> <span class='ocrx_word' id='word_1_33' title='bbox 1211 571 1404 612; x_wconf 85' lang='lat' dir='ltr'><strong>omnes</strong></span> <span class='ocrx_word' id='word_1_34' title='bbox 1450 555 1506 609; x_wconf 90' lang='lat' dir='ltr'><strong>in</strong></span> <span class='ocrx_word' id='word_1_35' title='bbox 1539 554 1781 609; x_wconf 85' lang='lat' dir='ltr'><strong>secunda</strong></span> <span class='ocrx_word' id='word_1_36' title='bbox 1811 562 1965 624; x_wconf 86' lang='lat' dir='ltr'><strong>parte</strong></span> 
     </span>
    </p>
   </div>
   <div class='ocr_carea' id='block_1_7' title="bbox 393 648 1965 718">
    <p class='ocr_par' dir='ltr' id='par_1_7' title="bbox 393 648 1965 718">
     <span class='ocr_line' id='line_1_7' title="bbox 393 648 1965 718; baseline -0.004 -16"><span class='ocrx_word' id='word_1_37' title='bbox 393 648 612 703; x_wconf 81' lang='lat' dir='ltr'><strong>concilii</strong></span> <span class='ocrx_word' id='word_1_38' title='bbox 662 648 920 718; x_wconf 86' lang='lat' dir='ltr'><strong>Ephesini</strong></span> <span class='ocrx_word' id='word_1_39' title='bbox 972 655 1261 710; x_wconf 62' lang='lat' dir='ltr'><strong>contentae,</strong></span> <span class='ocrx_word' id='word_1_40' title='bbox 1307 660 1539 715; x_wconf 89' lang='lat' dir='ltr'><strong>quarum</strong></span> <span class='ocrx_word' id='word_1_41' title='bbox 1586 653 1767 700; x_wconf 90' lang='lat' dir='ltr'><strong>tamen</strong></span> <span class='ocrx_word' id='word_1_42' title='bbox 1822 659 1965 698; x_wconf 89' lang='lat' dir='ltr'><strong>non-</strong></span> 
     </span>
    </p>
   </div>
   <div class='ocr_carea' id='block_1_8' title="bbox 393 737 1502 808">
    <p class='ocr_par' dir='ltr' id='par_1_8' title="bbox 393 737 1502 808">
     <span class='ocr_line' id='line_1_8' title="bbox 393 737 1502 808; baseline -0.004 -14"><span class='ocrx_word' id='word_1_43' title='bbox 393 740 556 795; x_wconf 68' lang='lat' dir='ltr'><strong>nullae</strong></span> <span class='ocrx_word' id='word_1_44' title='bbox 572 757 601 793; x_wconf 86' lang='lat' dir='ltr'><strong>a</strong></span> <span class='ocrx_word' id='word_1_45' title='bbox 627 738 974 794; x_wconf 90' lang='lat' dir='ltr'><strong>Theodoreto</strong></span> <span class='ocrx_word' id='word_1_46' title='bbox 993 739 1209 808; x_wconf 74' lang='lat' dir='ltr'><strong>scripta:</strong></span> <span class='ocrx_word' id='word_1_47' title='bbox 1230 737 1502 792; x_wconf 90' lang='lat' dir='ltr'><strong>sciuntur.</strong></span> 
     </span>
    </p>
   </div>
   <div class='ocr_carea' id='block_1_9' title="bbox 465 828 1967 899">
    <p class='ocr_par' dir='ltr' id='par_1_9' title="bbox 465 828 1967 899">
     <span class='ocr_line' id='line_1_9' title="bbox 465 828 1967 899; baseline -0.002 -12"><span class='ocrx_word' id='word_1_48' title='bbox 465 832 599 887; x_wconf 77' lang='lat' dir='ltr'><strong>Vill.</strong></span> <span class='ocrx_word' id='word_1_49' title='bbox 632 832 937 896; x_wconf 85' lang='lat' dir='ltr'><strong>Nestorius,</strong></span> <span class='ocrx_word' id='word_1_50' title='bbox 975 838 1033 884; x_wconf 90' lang='lat' dir='ltr'><strong>ut</strong></span> <span class='ocrx_word' id='word_1_51' title='bbox 1060 835 1180 883; x_wconf 90' lang='lat' dir='ltr'><strong>erat</strong></span> <span class='ocrx_word' id='word_1_52' title='bbox 1219 845 1328 899; x_wconf 70' lang='lat' dir='ltr'><strong>prae</strong></span> <span class='ocrx_word' id='word_1_53' title='bbox 1370 828 1627 899; x_wconf 81' lang='lat' dir='ltr'><strong>superbia</strong></span> <span class='ocrx_word' id='word_1_54' title='bbox 1677 828 1967 897; x_wconf 72' lang='lat' dir='ltr'><strong>impatiens</strong></span> 
     </span>
    </p>
   </div>
   <div class='ocr_carea' id='block_1_10' title="bbox 392 917 1967 992">
    <p class='ocr_par' dir='ltr' id='par_1_10' title="bbox 392 917 1967 992">
     <span class='ocr_line' id='line_1_10' title="bbox 392 917 1967 992; baseline -0.003 -16"><span class='ocrx_word' id='word_1_55' title='bbox 392 921 751 992; x_wconf 65' lang='lat' dir='ltr'><strong>pcenitentias,</strong></span> <span class='ocrx_word' id='word_1_56' title='bbox 773 929 935 989; x_wconf 87' lang='lat' dir='ltr'><strong>atque</strong></span> <span class='ocrx_word' id='word_1_57' title='bbox 952 918 1114 973; x_wconf 88' lang='lat' dir='ltr'><strong>etiam</strong></span> <span class='ocrx_word' id='word_1_58' title='bbox 1135 917 1547 983; x_wconf 71' lang='lat' dir='ltr'><strong>admonitionis,</strong></span> <span class='ocrx_word' id='word_1_59' title='bbox 1571 917 1778 989; x_wconf 76' lang='lat' dir='ltr'><strong>sprevit</strong></span> <span class='ocrx_word' id='word_1_60' title='bbox 1793 918 1967 972; x_wconf 84' lang='lat' dir='ltr'><strong>amica</strong></span> 
     </span>
    </p>
   </div>
   <div class='ocr_carea' id='block_1_11' title="bbox 384 1008 1967 1079">
    <p class='ocr_par' dir='ltr' id='par_1_11' title="bbox 384 1008 1967 1079">
     <span class='ocr_line' id='line_1_11' title="bbox 384 1008 1967 1079; baseline -0.003 -13"><span class='ocrx_word' id='word_1_61' title='bbox 384 1011 754 1066; x_wconf 81' lang='lat' dir='ltr'><strong>Orientalium</strong></span> <span class='ocrx_word' id='word_1_62' title='bbox 805 1009 1058 1073; x_wconf 88' lang='lat' dir='ltr'><strong>consilia,</strong></span> <span class='ocrx_word' id='word_1_63' title='bbox 1108 1009 1317 1078; x_wconf 82' lang='lat' dir='ltr'><strong>sprevit</strong></span> <span class='ocrx_word' id='word_1_64' title='bbox 1366 1017 1422 1065; x_wconf 90' lang='lat' dir='ltr'><strong>et</strong></span> <span class='ocrx_word' id='word_1_65' title='bbox 1477 1008 1768 1079; x_wconf 88' lang='lat' dir='ltr'><strong>imperium</strong></span> <span class='ocrx_word' id='word_1_66' title='bbox 1821 1008 1967 1063; x_wconf 85' lang='lat' dir='ltr'><strong>sedis</strong></span> 
     </span>
    </p>
   </div>
   <div class='ocr_carea' id='block_1_12' title="bbox 388 1097 1966 1171">
    <p class='ocr_par' dir='ltr' id='par_1_12' title="bbox 388 1097 1966 1171">
     <span class='ocr_line' id='line_1_12' title="bbox 388 1097 1966 1171; baseline -0.004 -16"><span class='ocrx_word' id='word_1_67' title='bbox 388 1101 723 1171; x_wconf 64' lang='lat' dir='ltr'><strong>apostolicae,</strong></span> <span class='ocrx_word' id='word_1_68' title='bbox 775 1099 919 1168; x_wconf 87' lang='lat' dir='ltr'><strong>quod</strong></span> <span class='ocrx_word' id='word_1_69' title='bbox 967 1098 1129 1169; x_wconf 81' lang='lat' dir='ltr'><strong>legati</strong></span> <span class='ocrx_word' id='word_1_70' title='bbox 1178 1098 1413 1171; x_wconf 59' lang='lat' dir='ltr'><strong>(Egyptii</strong></span> <span class='ocrx_word' id='word_1_71' title='bbox 1436 1097 1966 1166; x_wconf 88' lang='lat' dir='ltr'><strong>Constantinopolim</strong></span> 
     </span>
    </p>
   </div>
   <div class='ocr_carea' id='block_1_13' title="bbox 393 1187 1965 1263">
    <p class='ocr_par' dir='ltr' id='par_1_13' title="bbox 393 1187 1965 1263">
     <span class='ocr_line' id='line_1_13' title="bbox 393 1187 1965 1263; baseline -0.003 -17"><span class='ocrx_word' id='word_1_72' title='bbox 393 1191 605 1263; x_wconf 82' lang='lat' dir='ltr'><strong>appulsi</strong></span> <span class='ocrx_word' id='word_1_73' title='bbox 662 1188 975 1245; x_wconf 76' lang='lat' dir='ltr'><strong>detulerant</strong></span> <span class='ocrx_word' id='word_1_74' title='bbox 1008 1207 1022 1243; x_wconf 95' lang='lat'><strong>:</strong></span> <span class='ocrx_word' id='word_1_75' title='bbox 1074 1199 1387 1244; x_wconf 84' lang='lat' dir='ltr'><strong>contentam</strong></span> <span class='ocrx_word' id='word_1_76' title='bbox 1422 1189 1568 1244; x_wconf 89' lang='lat' dir='ltr'><strong>enim</strong></span> <span class='ocrx_word' id='word_1_77' title='bbox 1595 1187 1815 1251; x_wconf 86' lang='lat' dir='ltr'><strong>litteris,</strong></span> <span class='ocrx_word' id='word_1_78' title='bbox 1849 1195 1965 1241; x_wconf 90' lang='lat' dir='ltr'><strong>tum</strong></span> 
     </span>
    </p>
   </div>
   <div class='ocr_carea' id='block_1_14' title="bbox 391 1279 1968 1352">
    <p class='ocr_par' dir='ltr' id='par_1_14' title="bbox 391 1279 1968 1352">
     <span class='ocr_line' id='line_1_14' title="bbox 391 1279 1968 1352; baseline -0.005 -12"><span class='ocrx_word' id='word_1_79' title='bbox 391 1282 675 1340; x_wconf 75' lang='lat' dir='ltr'><strong>Ctelestini</strong></span> <span class='ocrx_word' id='word_1_80' title='bbox 708 1283 905 1337; x_wconf 88' lang='lat' dir='ltr'><strong>summi</strong></span> <span class='ocrx_word' id='word_1_81' title='bbox 935 1281 1230 1351; x_wconf 81' lang='lat' dir='ltr'><strong>pontificis,</strong></span> <span class='ocrx_word' id='word_1_82' title='bbox 1267 1292 1380 1336; x_wconf 91' lang='lat' dir='ltr'><strong>tum</strong></span> <span class='ocrx_word' id='word_1_83' title='bbox 1408 1281 1594 1352; x_wconf 88' lang='lat' dir='ltr'><strong>Cyrilli</strong></span> <span class='ocrx_word' id='word_1_84' title='bbox 1614 1279 1968 1335; x_wconf 80' lang='lat' dir='ltr'><strong>Alexandrini</strong></span> 
     </span>
    </p>
   </div>
   <div class='ocr_carea' id='block_1_15' title="bbox 391 1371 1964 1447">
    <p class='ocr_par' dir='ltr' id='par_1_15' title="bbox 391 1371 1964 1447">
     <span class='ocr_line' id='line_1_15' title="bbox 391 1371 1964 1447; baseline -0.005 -16"><span class='ocrx_word' id='word_1_85' title='bbox 391 1374 656 1447; x_wconf 86' lang='lat' dir='ltr'><strong>episcopi.</strong></span> <span class='ocrx_word' id='word_1_86' title='bbox 676 1374 1170 1438; x_wconf 87' lang='lat' dir='ltr'><strong>denuntiationem,</strong></span> <span class='ocrx_word' id='word_1_87' title='bbox 1188 1374 1384 1428; x_wconf 88' lang='lat' dir='ltr'><strong>callide</strong></span> <span class='ocrx_word' id='word_1_88' title='bbox 1403 1374 1613 1427; x_wconf 88' lang='lat' dir='ltr'><strong>irritam</strong></span> <span class='ocrx_word' id='word_1_89' title='bbox 1632 1371 1964 1427; x_wconf 89' lang='lat' dir='ltr'><strong>reddiderat.</strong></span> 
     </span>
    </p>
   </div>
   <div class='ocr_carea' id='block_1_16' title="bbox 392 1464 1967 1533">
    <p class='ocr_par' dir='ltr' id='par_1_16' title="bbox 392 1464 1967 1533">
     <span class='ocr_line' id='line_1_16' title="bbox 392 1464 1967 1533; baseline -0.004 -9"><span class='ocrx_word' id='word_1_90' title='bbox 392 1468 664 1524; x_wconf 81' lang='lat' dir='ltr'><strong>Eﬂ‘ecerat</strong></span> <span class='ocrx_word' id='word_1_91' title='bbox 699 1467 849 1522; x_wconf 90' lang='lat' dir='ltr'><strong>enim</strong></span> <span class='ocrx_word' id='word_1_92' title='bbox 892 1466 1006 1520; x_wconf 89' lang='lat' dir='ltr'><strong>suis</strong></span> <span class='ocrx_word' id='word_1_93' title='bbox 1046 1466 1279 1528; x_wconf 88' lang='lat' dir='ltr'><strong>artibus,</strong></span> <span class='ocrx_word' id='word_1_94' title='bbox 1318 1476 1379 1520; x_wconf 92' lang='lat' dir='ltr'><strong>ut</strong></span> <span class='ocrx_word' id='word_1_95' title='bbox 1414 1464 1759 1519; x_wconf 85' lang='lat' dir='ltr'><strong>Theodosius</strong></span> <span class='ocrx_word' id='word_1_96' title='bbox 1790 1464 1967 1533; x_wconf 89' lang='lat' dir='ltr'><strong>impe-</strong></span> 
     </span>
    </p>
   </div>
   <div class='ocr_carea' id='block_1_17' title="bbox 394 1554 1973 1629">
    <p class='ocr_par' dir='ltr' id='par_1_17' title="bbox 394 1554 1973 1629">
     <span class='ocr_line' id='line_1_17' title="bbox 394 1554 1973 1629; baseline -0.003 -17"><span class='ocrx_word' id='word_1_97' title='bbox 394 1567 546 1612; x_wconf 90' lang='lat' dir='ltr'><strong>rator</strong></span> <span class='ocrx_word' id='word_1_98' title='bbox 581 1558 889 1629; x_wconf 78' lang='lat' dir='ltr'><strong>generalem</strong></span> <span class='ocrx_word' id='word_1_99' title='bbox 923 1557 1190 1628; x_wconf 84' lang='lat' dir='ltr'><strong>synodum</strong></span> <span class='ocrx_word' id='word_1_100' title='bbox 1226 1557 1427 1626; x_wconf 84' lang='lat' dir='ltr'><strong>Ephesi</strong></span> <span class='ocrx_word' id='word_1_101' title='bbox 1478 1556 1783 1611; x_wconf 86' lang='lat' dir='ltr'><strong>habendam</strong></span> <span class='ocrx_word' id='word_1_102' title='bbox 1829 1554 1973 1608; x_wconf 77' lang='lat' dir='ltr'><strong>indi—</strong></span> 
     </span>
    </p>
   </div>
   <div class='ocr_carea' id='block_1_18' title="bbox 394 1645 1971 1716">
    <p class='ocr_par' dir='ltr' id='par_1_18' title="bbox 394 1645 1971 1716">
     <span class='ocr_line' id='line_1_18' title="bbox 394 1645 1971 1716; baseline -0.004 -12"><span class='ocrx_word' id='word_1_103' title='bbox 394 1657 566 1714; x_wconf 87' lang='lat' dir='ltr'><strong>ceret,</strong></span> <span class='ocrx_word' id='word_1_104' title='bbox 597 1656 652 1702; x_wconf 91' lang='lat' dir='ltr'><strong>et</strong></span> <span class='ocrx_word' id='word_1_105' title='bbox 683 1649 993 1704; x_wconf 86' lang='lat' dir='ltr'><strong>evocatoria</strong></span> <span class='ocrx_word' id='word_1_106' title='bbox 1022 1648 1306 1702; x_wconf 89' lang='lat' dir='ltr'><strong>sanctione</strong></span> <span class='ocrx_word' id='word_1_107' title='bbox 1333 1656 1569 1712; x_wconf 83' lang='lat' dir='ltr'><strong>caveret,</strong></span> <span class='ocrx_word' id='word_1_108' title='bbox 1612 1662 1679 1701; x_wconf 88' lang='lat' dir='ltr'><strong>ne</strong></span> <span class='ocrx_word' id='word_1_109' title='bbox 1716 1645 1845 1716; x_wconf 91' lang='lat' dir='ltr'><strong>quid</strong></span> <span class='ocrx_word' id='word_1_110' title='bbox 1888 1645 1971 1699; x_wconf 88' lang='lat' dir='ltr'><strong>in-</strong></span> 
     </span>
    </p>
   </div>
   <div class='ocr_carea' id='block_1_19' title="bbox 2073 463 3646 534">
    <p class='ocr_par' dir='ltr' id='par_1_19' title="bbox 2073 463 3646 534">
     <span class='ocr_line' id='line_1_19' title="bbox 2073 463 3646 534; baseline 0.001 -20"><span class='ocrx_word' id='word_1_111' title='bbox 2073 463 2218 518; x_wconf 85' lang='lat' dir='ltr'><strong>mine</strong></span> <span class='ocrx_word' id='word_1_112' title='bbox 2252 463 2612 520; x_wconf 84' lang='lat' dir='ltr'><strong>Orientalium</strong></span> <span class='ocrx_word' id='word_1_113' title='bbox 2638 475 2826 521; x_wconf 88' lang='lat' dir='ltr'><strong>contra</strong></span> <span class='ocrx_word' id='word_1_114' title='bbox 2848 465 3088 534; x_wconf 87' lang='lat' dir='ltr'><strong>capitula</strong></span> <span class='ocrx_word' id='word_1_115' title='bbox 3109 463 3415 534; x_wconf 87' lang='lat' dir='ltr'><strong>proposuit.</strong></span> <span class='ocrx_word' id='word_1_116' title='bbox 3439 463 3646 519; x_wconf 81' lang='lat' dir='ltr'><strong>Verum</strong></span> 
     </span>
    </p>
   </div>
   <div class='ocr_carea' id='block_1_20' title="bbox 2071 552 3645 623">
    <p class='ocr_par' dir='ltr' id='par_1_20' title="bbox 2071 552 3645 623">
     <span class='ocr_line' id='line_1_20' title="bbox 2071 552 3645 623; baseline -0.001 -16"><span class='ocrx_word' id='word_1_117' title='bbox 2071 555 2116 608; x_wconf 91' lang='lat' dir='ltr'><strong>si</strong></span> <span class='ocrx_word' id='word_1_118' title='bbox 2142 554 2419 609; x_wconf 90' lang='lat' dir='ltr'><strong>credimus</strong></span> <span class='ocrx_word' id='word_1_119' title='bbox 2443 554 2732 609; x_wconf 83' lang='lat' dir='ltr'><strong>Anastasio</strong></span> <span class='ocrx_word' id='word_1_120' title='bbox 2759 553 3003 619; x_wconf 74' lang='lat' dir='ltr'><strong>Sinaitae,</strong></span> <span class='ocrx_word' id='word_1_121' title='bbox 3029 553 3379 623; x_wconf 86' lang='lat' dir='ltr'><strong>postmodum</strong></span> <span class='ocrx_word' id='word_1_122' title='bbox 3395 552 3645 607; x_wconf 83' lang='lat' dir='ltr'><strong>accendit</strong></span> 
     </span>
    </p>
   </div>
   <div class='ocr_carea' id='block_1_21' title="bbox 2073 644 3645 717">
    <p class='ocr_par' dir='ltr' id='par_1_21' title="bbox 2073 644 3645 717">
     <span class='ocr_line' id='line_1_21' title="bbox 2073 644 3645 717; baseline -0.001 -16"><span class='ocrx_word' id='word_1_123' title='bbox 2073 647 2312 701; x_wconf 90' lang='lat' dir='ltr'><strong>hominis</strong></span> <span class='ocrx_word' id='word_1_124' title='bbox 2347 647 2534 711; x_wconf 89' lang='lat' dir='ltr'><strong>bilem,</strong></span> <span class='ocrx_word' id='word_1_125' title='bbox 2574 647 2802 717; x_wconf 76' lang='lat' dir='ltr'><strong>negotii,</strong></span> <span class='ocrx_word' id='word_1_126' title='bbox 2836 662 2947 716; x_wconf 90' lang='lat' dir='ltr'><strong>quo</strong></span> <span class='ocrx_word' id='word_1_127' title='bbox 2973 646 3135 700; x_wconf 88' lang='lat' dir='ltr'><strong>amici</strong></span> <span class='ocrx_word' id='word_1_128' title='bbox 3165 644 3645 715; x_wconf 85' lang='lat' dir='ltr'><strong>periclitabantur,</strong></span> 
     </span>
    </p>
   </div>
   <div class='ocr_carea' id='block_1_22' title="bbox 2073 735 3648 809">
    <p class='ocr_par' dir='ltr' id='par_1_22' title="bbox 2073 735 3648 809">
     <span class='ocr_line' id='line_1_22' title="bbox 2073 735 3648 809; baseline -0.003 -17"><span class='ocrx_word' id='word_1_129' title='bbox 2073 739 2446 794; x_wconf 85' lang='lat' dir='ltr'><strong>diuturnitas:</strong></span> <span class='ocrx_word' id='word_1_130' title='bbox 2488 754 2660 809; x_wconf 88' lang='lat' dir='ltr'><strong>quare</strong></span> <span class='ocrx_word' id='word_1_131' title='bbox 2691 746 2748 794; x_wconf 93' lang='lat' dir='ltr'><strong>et</strong></span> <span class='ocrx_word' id='word_1_132' title='bbox 2773 737 3182 793; x_wconf 89' lang='lat' dir='ltr'><strong>Theodoretum</strong></span> <span class='ocrx_word' id='word_1_133' title='bbox 3206 735 3446 799; x_wconf 86' lang='lat' dir='ltr'><strong>ulturus,</strong></span> <span class='ocrx_word' id='word_1_134' title='bbox 3477 750 3648 804; x_wconf 88' lang='lat' dir='ltr'><strong>quem</strong></span> 
     </span>
    </p>
   </div>
   <div class='ocr_carea' id='block_1_23' title="bbox 2072 826 3651 904">
    <p class='ocr_par' dir='ltr' id='par_1_23' title="bbox 2072 826 3651 904">
     <span class='ocr_line' id='line_1_23' title="bbox 2072 826 3651 904; baseline -0.004 -17"><span class='ocrx_word' id='word_1_135' title='bbox 2072 849 2102 887; x_wconf 91' lang='lat' dir='ltr'><strong>a</strong></span> <span class='ocrx_word' id='word_1_136' title='bbox 2133 832 2336 904; x_wconf 84' lang='lat' dir='ltr'><strong>Cyrillo</strong></span> <span class='ocrx_word' id='word_1_137' title='bbox 2364 832 2549 887; x_wconf 73' lang='lat' dir='ltr'><strong>laesum</strong></span> <span class='ocrx_word' id='word_1_138' title='bbox 2573 839 2809 902; x_wconf 88' lang='lat' dir='ltr'><strong>putaret,</strong></span> <span class='ocrx_word' id='word_1_139' title='bbox 2836 839 2892 885; x_wconf 89' lang='lat' dir='ltr'><strong>et</strong></span> <span class='ocrx_word' id='word_1_140' title='bbox 2917 830 3129 901; x_wconf 88' lang='lat' dir='ltr'><strong>priores</strong></span> <span class='ocrx_word' id='word_1_141' title='bbox 3154 843 3283 883; x_wconf 89' lang='lat' dir='ltr'><strong>suas</strong></span> <span class='ocrx_word' id='word_1_142' title='bbox 3305 826 3651 898; x_wconf 74' lang='lat' dir='ltr'><strong>obiectiones</strong></span> 
     </span>
    </p>
   </div>
   <div class='ocr_carea' id='block_1_24' title="bbox 2072 915 3653 991">
    <p class='ocr_par' dir='ltr' id='par_1_24' title="bbox 2072 915 3653 991">
     <span class='ocr_line' id='line_1_24' title="bbox 2072 915 3653 991; baseline -0.006 -12"><span class='ocrx_word' id='word_1_143' title='bbox 2072 924 2423 990; x_wconf 79' lang='lat' dir='ltr'><strong>defensurus,</strong></span> <span class='ocrx_word' id='word_1_144' title='bbox 2466 925 2483 944; x_wconf 64' lang='grc' dir='ltr'><strong>θ</strong></span> <span class='ocrx_word' id='word_1_145' title='bbox 2523 924 2822 979; x_wconf 85' lang='lat' dir='ltr'><strong>virulentas</strong></span> <span class='ocrx_word' id='word_1_146' title='bbox 2877 921 3101 991; x_wconf 87' lang='lat' dir='ltr'><strong>scripsit</strong></span> <span class='ocrx_word' id='word_1_147' title='bbox 3146 919 3409 974; x_wconf 87' lang='lat' dir='ltr'><strong>adversus</strong></span> <span class='ocrx_word' id='word_1_148' title='bbox 3454 915 3653 988; x_wconf 81' lang='lat' dir='ltr'><strong>Cyrilli</strong></span> 
     </span>
    </p>
   </div>
   <div class='ocr_carea' id='block_1_25' title="bbox 2074 1008 3651 1086">
    <p class='ocr_par' dir='ltr' id='par_1_25' title="bbox 2074 1008 3651 1086">
     <span class='ocr_line' id='line_1_25' title="bbox 2074 1008 3651 1086; baseline -0.004 -16"><span class='ocrx_word' id='word_1_149' title='bbox 2074 1017 2489 1086; x_wconf 88' lang='lat' dir='ltr'><strong>responsionem</strong></span> <span class='ocrx_word' id='word_1_150' title='bbox 2515 1013 2994 1085; x_wconf 84' lang='lat' dir='ltr'><strong>reprehensiones,</strong></span> <span class='ocrx_word' id='word_1_151' title='bbox 3015 1025 3251 1082; x_wconf 86' lang='lat' dir='ltr'><strong>quarum</strong></span> <span class='ocrx_word' id='word_1_152' title='bbox 3280 1008 3651 1080; x_wconf 83' lang='lat' dir='ltr'><strong>fragmentum</strong></span> 
     </span>
    </p>
   </div>
   <div class='ocr_carea' id='block_1_26' title="bbox 2073 1100 3649 1173">
    <p class='ocr_par' dir='ltr' id='par_1_26' title="bbox 2073 1100 3649 1173">
     <span class='ocr_line' id='line_1_26' title="bbox 2073 1100 3649 1173; baseline -0.007 -9"><span class='ocrx_word' id='word_1_153' title='bbox 2073 1108 2312 1164; x_wconf 83' lang='lat' dir='ltr'><strong>refertur</strong></span> <span class='ocrx_word' id='word_1_154' title='bbox 2341 1108 2396 1162; x_wconf 90' lang='lat' dir='ltr'><strong>in</strong></span> <span class='ocrx_word' id='word_1_155' title='bbox 2428 1107 2574 1162; x_wconf 90' lang='lat' dir='ltr'><strong>libro</strong></span> <span class='ocrx_word' id='word_1_156' title='bbox 2600 1105 2875 1161; x_wconf 80' lang='lat' dir='ltr'><strong>Anastasii</strong></span> <span class='ocrx_word' id='word_1_157' title='bbox 2911 1104 2976 1169; x_wconf 72' lang='grc' dir='ltr'>π,</span> <span class='ocrx_word' id='word_1_158' title='bbox 3017 1104 3111 1173; x_wconf 88' lang='lat' dir='ltr'><strong>qui</strong></span> <span class='ocrx_word' id='word_1_159' title='bbox 3144 1101 3266 1156; x_wconf 71' lang='lat' dir='ltr'><strong>Dux</strong></span> <span class='ocrx_word' id='word_1_160' title='bbox 3301 1102 3399 1157; x_wconf 72' lang='lat' dir='ltr'><strong>uite</strong></span> <span class='ocrx_word' id='word_1_161' title='bbox 3423 1100 3649 1157; x_wconf 89' lang='lat' dir='ltr'><strong>dicitur.</strong></span> 
     </span>
    </p>
   </div>
   <div class='ocr_carea' id='block_1_27' title="bbox 2144 1193 3654 1268">
    <p class='ocr_par' dir='ltr' id='par_1_27' title="bbox 2144 1193 3654 1268">
     <span class='ocr_line' id='line_1_27' title="bbox 2144 1193 3654 1268; baseline -0.004 -15"><span class='ocrx_word' id='word_1_162' title='bbox 2144 1199 2234 1254; x_wconf 83' lang='lat' dir='ltr'><strong>IX.</strong></span> <span class='ocrx_word' id='word_1_163' title='bbox 2258 1198 2437 1268; x_wconf 84' lang='lat' dir='ltr'><strong>Atque</strong></span> <span class='ocrx_word' id='word_1_164' title='bbox 2458 1198 2549 1252; x_wconf 93' lang='lat' dir='ltr'><strong>hic</strong></span> <span class='ocrx_word' id='word_1_165' title='bbox 2570 1197 2778 1267; x_wconf 90' lang='lat' dir='ltr'><strong>primus</strong></span> <span class='ocrx_word' id='word_1_166' title='bbox 2811 1195 2914 1249; x_wconf 88' lang='lat' dir='ltr'><strong>fuit</strong></span> <span class='ocrx_word' id='word_1_167' title='bbox 2943 1193 3274 1249; x_wconf 87' lang='lat' dir='ltr'><strong>Theodoreti</strong></span> <span class='ocrx_word' id='word_1_168' title='bbox 3299 1208 3495 1248; x_wconf 90' lang='lat' dir='ltr'><strong>casus:</strong></span> <span class='ocrx_word' id='word_1_169' title='bbox 3519 1195 3654 1247; x_wconf 80' lang='lat' dir='ltr'><strong>cum</strong></span> 
     </span>
    </p>
   </div>
   <div class='ocr_carea' id='block_1_28' title="bbox 2072 1283 3657 1358">
    <p class='ocr_par' dir='ltr' id='par_1_28' title="bbox 2072 1283 3657 1358">
     <span class='ocr_line' id='line_1_28' title="bbox 2072 1283 3657 1358; baseline -0.006 -13"><span class='ocrx_word' id='word_1_170' title='bbox 2072 1291 2219 1346; x_wconf 90' lang='lat' dir='ltr'><strong>enim</strong></span> <span class='ocrx_word' id='word_1_171' title='bbox 2241 1289 2505 1345; x_wconf 86' lang='lat' dir='ltr'><strong>scriberet</strong></span> <span class='ocrx_word' id='word_1_172' title='bbox 2545 1284 2650 1358; x_wconf 85' lang='lat' dir='ltr'><strong>pro&#39;</strong></span> <span class='ocrx_word' id='word_1_173' title='bbox 2687 1286 2845 1341; x_wconf 89' lang='lat' dir='ltr'><strong>amici</strong></span> <span class='ocrx_word' id='word_1_174' title='bbox 2885 1300 3070 1349; x_wconf 87' lang='lat' dir='ltr'><strong>causa,</strong></span> <span class='ocrx_word' id='word_1_175' title='bbox 3109 1299 3218 1338; x_wconf 91' lang='lat' dir='ltr'><strong>non</strong></span> <span class='ocrx_word' id='word_1_176' title='bbox 3264 1283 3423 1355; x_wconf 68' lang='grc'><strong>154</strong></span> <span class='ocrx_word' id='word_1_177' title='bbox 3458 1296 3657 1353; x_wconf 83' lang='lat' dir='ltr'><strong>repre-</strong></span> 
     </span>
    </p>
   </div>
   <div class='ocr_carea' id='block_1_29' title="bbox 2075 1373 3655 1451">
    <p class='ocr_par' dir='ltr' id='par_1_29' title="bbox 2075 1373 3655 1451">
     <span class='ocr_line' id='line_1_29' title="bbox 2075 1373 3655 1451; baseline -0.006 -14"><span class='ocrx_word' id='word_1_178' title='bbox 2075 1383 2269 1438; x_wconf 89' lang='lat' dir='ltr'><strong>hendit</strong></span> <span class='ocrx_word' id='word_1_179' title='bbox 2298 1389 2509 1437; x_wconf 89' lang='lat' dir='ltr'><strong>tantum</strong></span> <span class='ocrx_word' id='word_1_180' title='bbox 2539 1378 2726 1451; x_wconf 89' lang='lat' dir='ltr'><strong>Cyrilli</strong></span> <span class='ocrx_word' id='word_1_181' title='bbox 2753 1378 2955 1448; x_wconf 90' lang='lat' dir='ltr'><strong>capita,</strong></span> <span class='ocrx_word' id='word_1_182' title='bbox 2976 1383 3204 1446; x_wconf 89' lang='lat' dir='ltr'><strong>propter</strong></span> <span class='ocrx_word' id='word_1_183' title='bbox 3224 1375 3463 1446; x_wconf 84' lang='lat' dir='ltr'><strong>speciem</strong></span> <span class='ocrx_word' id='word_1_184' title='bbox 3484 1373 3655 1445; x_wconf 82' lang='lat' dir='ltr'><strong>Apol-</strong></span> 
     </span>
    </p>
   </div>
   <div class='ocr_carea' id='block_1_30' title="bbox 2073 1463 3651 1539">
    <p class='ocr_par' dir='ltr' id='par_1_30' title="bbox 2073 1463 3651 1539">
     <span class='ocr_line' id='line_1_30' title="bbox 2073 1463 3651 1539; baseline -0.008 -11"><span class='ocrx_word' id='word_1_185' title='bbox 2073 1472 2329 1528; x_wconf 88' lang='lat' dir='ltr'><strong>linariani</strong></span> <span class='ocrx_word' id='word_1_186' title='bbox 2364 1470 2590 1533; x_wconf 90' lang='lat' dir='ltr'><strong>erroris,</strong></span> <span class='ocrx_word' id='word_1_187' title='bbox 2619 1467 2765 1539; x_wconf 91' lang='lat' dir='ltr'><strong>quod</strong></span> <span class='ocrx_word' id='word_1_188' title='bbox 2795 1468 2920 1522; x_wconf 88' lang='lat' dir='ltr'><strong>aliis</strong></span> <span class='ocrx_word' id='word_1_189' title='bbox 2942 1480 3163 1536; x_wconf 90' lang='lat' dir='ltr'><strong>quoque</strong></span> <span class='ocrx_word' id='word_1_190' title='bbox 3191 1464 3353 1519; x_wconf 89' lang='lat' dir='ltr'><strong>bonis</strong></span> <span class='ocrx_word' id='word_1_191' title='bbox 3374 1463 3605 1534; x_wconf 73' lang='lat' dir='ltr'><strong>contigit</strong></span> <span class='ocrx_word' id='word_1_192' title='bbox 3630 1478 3651 1527; x_wconf 83' lang='lat'><strong>;</strong></span> 
     </span>
    </p>
   </div>
   <div class='ocr_carea' id='block_1_31' title="bbox 2076 1554 3656 1631">
    <p class='ocr_par' dir='ltr' id='par_1_31' title="bbox 2076 1554 3656 1631">
     <span class='ocr_line' id='line_1_31' title="bbox 2076 1554 3656 1631; baseline -0.006 -13"><span class='ocrx_word' id='word_1_193' title='bbox 2076 1563 2172 1619; x_wconf 93' lang='lat' dir='ltr'><strong>sed</strong></span> <span class='ocrx_word' id='word_1_194' title='bbox 2219 1577 2368 1617; x_wconf 64' lang='lat' dir='ltr'><strong>caeco</strong></span> <span class='ocrx_word' id='word_1_195' title='bbox 2407 1560 2615 1631; x_wconf 90' lang='lat' dir='ltr'><strong>impetu</strong></span> <span class='ocrx_word' id='word_1_196' title='bbox 2652 1559 2707 1613; x_wconf 92' lang='lat' dir='ltr'><strong>in</strong></span> <span class='ocrx_word' id='word_1_197' title='bbox 2734 1573 2956 1613; x_wconf 89' lang='lat' dir='ltr'><strong>errores</strong></span> <span class='ocrx_word' id='word_1_198' title='bbox 2980 1563 3216 1627; x_wconf 89' lang='lat' dir='ltr'><strong>quatuor</strong></span> <span class='ocrx_word' id='word_1_199' title='bbox 3241 1555 3354 1625; x_wconf 88' lang='lat' dir='ltr'><strong>ipse</strong></span> <span class='ocrx_word' id='word_1_200' title='bbox 3384 1554 3656 1624; x_wconf 79' lang='lat' dir='ltr'><strong>abreptus</strong></span> 
     </span>
    </p>
   </div>
   <div class='ocr_carea' id='block_1_32' title="bbox 2074 1647 3650 1723">
    <p class='ocr_par' dir='ltr' id='par_1_32' title="bbox 2074 1647 3650 1723">
     <span class='ocr_line' id='line_1_32' title="bbox 2074 1647 3650 1723; baseline -0.004 -16"><span class='ocrx_word' id='word_1_201' title='bbox 2074 1661 2181 1716; x_wconf 91' lang='lat' dir='ltr'><strong>est,</strong></span> <span class='ocrx_word' id='word_1_202' title='bbox 2229 1662 2454 1723; x_wconf 81' lang='lat' dir='ltr'><strong>propter</strong></span> <span class='ocrx_word' id='word_1_203' title='bbox 2495 1666 2636 1721; x_wconf 90' lang='lat' dir='ltr'><strong>quos</strong></span> <span class='ocrx_word' id='word_1_204' title='bbox 2686 1665 2716 1705; x_wconf 88' lang='lat' dir='ltr'><strong>a</strong></span> <span class='ocrx_word' id='word_1_205' title='bbox 2742 1650 2934 1719; x_wconf 90' lang='lat' dir='ltr'><strong>quinta</strong></span> <span class='ocrx_word' id='word_1_206' title='bbox 2966 1649 3175 1720; x_wconf 81' lang='lat' dir='ltr'><strong>synodo</strong></span> <span class='ocrx_word' id='word_1_207' title='bbox 3220 1647 3510 1703; x_wconf 87' lang='lat' dir='ltr'><strong>damnatus</strong></span> <span class='ocrx_word' id='word_1_208' title='bbox 3539 1655 3650 1702; x_wconf 88' lang='lat' dir='ltr'><strong>est.</strong></span> 
     </span>
    </p>
   </div>
   <div class='ocr_carea' id='block_1_33' title="bbox 395 1732 3651 1812">
    <p class='ocr_par' dir='ltr' id='par_1_33' title="bbox 395 1732 3651 1812">
     <span class='ocr_line' id='line_1_33' title="bbox 395 1732 3651 1812; baseline -0.001 -18"><span class='ocrx_word' id='word_1_209' title='bbox 395 1741 555 1794; x_wconf 87' lang='lat' dir='ltr'><strong>terim</strong></span> <span class='ocrx_word' id='word_1_210' title='bbox 587 1741 641 1794; x_wconf 92' lang='lat' dir='ltr'><strong>in</strong></span> <span class='ocrx_word' id='word_1_211' title='bbox 667 1740 988 1795; x_wconf 88' lang='lat' dir='ltr'><strong>alterutram</strong></span> <span class='ocrx_word' id='word_1_212' title='bbox 1028 1747 1237 1809; x_wconf 86' lang='lat' dir='ltr'><strong>partem</strong></span> <span class='ocrx_word' id='word_1_213' title='bbox 1286 1747 1590 1792; x_wconf 85' lang='lat' dir='ltr'><strong>tentaretur</strong></span> <span class='ocrx_word' id='word_1_214' title='bbox 1616 1755 1631 1804; x_wconf 90' lang='lat'><strong>;</strong></span> <span class='ocrx_word' id='word_1_215' title='bbox 1668 1739 1763 1793; x_wconf 93' lang='lat' dir='ltr'><strong>sed</strong></span> <span class='ocrx_word' id='word_1_216' title='bbox 1806 1753 1970 1792; x_wconf 84' lang='lat' dir='ltr'><strong>causa</strong></span> <span class='ocrx_word' id='word_1_217' title='bbox 2004 1732 2042 1785; x_wconf 83' lang='grc' dir='ltr'><strong>Β</strong></span> <span class='ocrx_word' id='word_1_218' title='bbox 2070 1744 2204 1799; x_wconf 81' lang='lat' dir='ltr'><strong>Nam</strong></span> <span class='ocrx_word' id='word_1_219' title='bbox 2240 1758 2365 1797; x_wconf 92' lang='lat' dir='ltr'><strong>cum</strong></span> <span class='ocrx_word' id='word_1_220' title='bbox 2387 1743 2626 1812; x_wconf 91' lang='lat' dir='ltr'><strong>primum</strong></span> <span class='ocrx_word' id='word_1_221' title='bbox 2650 1739 3169 1795; x_wconf 86' lang='lat' dir='ltr'><strong>anathematismum</strong></span> <span class='ocrx_word' id='word_1_222' title='bbox 3194 1736 3651 1807; x_wconf 87' lang='lat' dir='ltr'><strong>reprehenderet,</strong></span> 
     </span>
    </p>
   </div>
   <div class='ocr_carea' id='block_1_34' title="bbox 395 1829 1967 1902">
    <p class='ocr_par' dir='ltr' id='par_1_34' title="bbox 395 1829 1967 1902">
     <span class='ocr_line' id='line_1_34' title="bbox 395 1829 1967 1902; baseline -0.003 -17"><span class='ocrx_word' id='word_1_223' title='bbox 395 1830 607 1902; x_wconf 88' lang='lat' dir='ltr'><strong>integra</strong></span> <span class='ocrx_word' id='word_1_224' title='bbox 647 1830 957 1885; x_wconf 87' lang='lat' dir='ltr'><strong>deferretur</strong></span> <span class='ocrx_word' id='word_1_225' title='bbox 1006 1830 1074 1884; x_wconf 89' lang='lat' dir='ltr'><strong>ad</strong></span> <span class='ocrx_word' id='word_1_226' title='bbox 1113 1829 1403 1900; x_wconf 90' lang='lat' dir='ltr'><strong>episcopos</strong></span> <span class='ocrx_word' id='word_1_227' title='bbox 1448 1830 1550 1883; x_wconf 88' lang='lat' dir='ltr'><strong>rite</strong></span> <span class='ocrx_word' id='word_1_228' title='bbox 1590 1837 1967 1898; x_wconf 84' lang='lat' dir='ltr'><strong>congregatos.</strong></span> 
     </span>
    </p>
   </div>
   <div class='ocr_carea' id='block_1_35' title="bbox 469 1919 1968 1992">
    <p class='ocr_par' dir='ltr' id='par_1_35' title="bbox 469 1919 1968 1992">
     <span class='ocr_line' id='line_1_35' title="bbox 469 1919 1968 1992; baseline -0.004 -15"><span class='ocrx_word' id='word_1_229' title='bbox 469 1921 623 1992; x_wconf 74' lang='lat'><strong>153</strong></span> <span class='ocrx_word' id='word_1_230' title='bbox 643 1921 993 1976; x_wconf 86' lang='lat' dir='ltr'><strong>Sanctionem</strong></span> <span class='ocrx_word' id='word_1_231' title='bbox 1010 1919 1163 1974; x_wconf 86' lang='lat' dir='ltr'><strong>vafer</strong></span> <span class='ocrx_word' id='word_1_232' title='bbox 1187 1919 1495 1982; x_wconf 66' lang='lat' dir='ltr'><strong>haereticus,</strong></span> <span class='ocrx_word' id='word_1_233' title='bbox 1520 1919 1839 1988; x_wconf 79' lang='lat' dir='ltr'><strong>priusquam</strong></span> <span class='ocrx_word' id='word_1_234' title='bbox 1862 1933 1968 1982; x_wconf 90' lang='lat' dir='ltr'><strong>res,</strong></span> 
     </span>
    </p>
   </div>
   <div class='ocr_carea' id='block_1_36' title="bbox 395 2007 1972 2080">
    <p class='ocr_par' dir='ltr' id='par_1_36' title="bbox 395 2007 1972 2080">
     <span class='ocr_line' id='line_1_36' title="bbox 395 2007 1972 2080; baseline -0.003 -15"><span class='ocrx_word' id='word_1_235' title='bbox 395 2009 463 2065; x_wconf 90' lang='lat' dir='ltr'><strong>de</strong></span> <span class='ocrx_word' id='word_1_236' title='bbox 506 2028 611 2080; x_wconf 88' lang='lat' dir='ltr'><strong>qua</strong></span> <span class='ocrx_word' id='word_1_237' title='bbox 665 2010 860 2065; x_wconf 89' lang='lat' dir='ltr'><strong>litteris</strong></span> <span class='ocrx_word' id='word_1_238' title='bbox 897 2026 928 2065; x_wconf 88' lang='lat' dir='ltr'><strong>a</strong></span> <span class='ocrx_word' id='word_1_239' title='bbox 963 2010 1172 2066; x_wconf 86' lang='lat' dir='ltr'><strong>Joanne</strong></span> <span class='ocrx_word' id='word_1_240' title='bbox 1222 2008 1512 2074; x_wconf 88' lang='lat' dir='ltr'><strong>didicerat,</strong></span> <span class='ocrx_word' id='word_1_241' title='bbox 1549 2009 1604 2062; x_wconf 92' lang='lat' dir='ltr'><strong>in</strong></span> <span class='ocrx_word' id='word_1_242' title='bbox 1649 2008 1786 2062; x_wconf 89' lang='lat' dir='ltr'><strong>urbe</strong></span> <span class='ocrx_word' id='word_1_243' title='bbox 1824 2007 1972 2078; x_wconf 86' lang='lat' dir='ltr'><strong>regia</strong></span> 
     </span>
    </p>
   </div>
   <div class='ocr_carea' id='block_1_37' title="bbox 397 2104 1972 2175">
    <p class='ocr_par' dir='ltr' id='par_1_37' title="bbox 397 2104 1972 2175">
     <span class='ocr_line' id='line_1_37' title="bbox 397 2104 1972 2175; baseline -0.002 -18"><span class='ocrx_word' id='word_1_244' title='bbox 397 2104 786 2168; x_wconf 89' lang='lat' dir='ltr'><strong>innotesceret,</strong></span> <span class='ocrx_word' id='word_1_245' title='bbox 820 2104 1127 2159; x_wconf 81' lang='lat' dir='ltr'><strong>aulicorum</strong></span> <span class='ocrx_word' id='word_1_246' title='bbox 1157 2119 1260 2175; x_wconf 89' lang='lat' dir='ltr'><strong>ope</strong></span> <span class='ocrx_word' id='word_1_247' title='bbox 1292 2119 1428 2157; x_wconf 90' lang='lat' dir='ltr'><strong>auro</strong></span> <span class='ocrx_word' id='word_1_248' title='bbox 1460 2117 1561 2157; x_wconf 90' lang='lat' dir='ltr'><strong>suo</strong></span> <span class='ocrx_word' id='word_1_249' title='bbox 1584 2110 1972 2171; x_wconf 88' lang='lat' dir='ltr'><strong>corruptorum</strong></span> 
     </span>
    </p>
   </div>
   <div class='ocr_carea' id='block_1_38' title="bbox 398 2192 1976 2265">
    <p class='ocr_par' dir='ltr' id='par_1_38' title="bbox 398 2192 1976 2265">
     <span class='ocr_line' id='line_1_38' title="bbox 398 2192 1976 2265; baseline -0.002 -16"><span class='ocrx_word' id='word_1_250' title='bbox 398 2195 767 2265; x_wconf 85' lang='lat' dir='ltr'><strong>subripuerat.</strong></span> <span class='ocrx_word' id='word_1_251' title='bbox 809 2211 984 2265; x_wconf 89' lang='lat' dir='ltr'><strong>eaque</strong></span> <span class='ocrx_word' id='word_1_252' title='bbox 1017 2203 1133 2250; x_wconf 88' lang='lat' dir='ltr'><strong>arte</strong></span> <span class='ocrx_word' id='word_1_253' title='bbox 1181 2194 1380 2249; x_wconf 90' lang='lat' dir='ltr'><strong>summi</strong></span> <span class='ocrx_word' id='word_1_254' title='bbox 1436 2192 1713 2263; x_wconf 84' lang='lat' dir='ltr'><strong>pontiﬁcis</strong></span> <span class='ocrx_word' id='word_1_255' title='bbox 1755 2200 1976 2247; x_wconf 87' lang='lat' dir='ltr'><strong>senten-</strong></span> 
     </span>
    </p>
   </div>
   <div class='ocr_carea' id='block_1_39' title="bbox 396 2284 1977 2356">
    <p class='ocr_par' dir='ltr' id='par_1_39' title="bbox 396 2284 1977 2356">
     <span class='ocr_line' id='line_1_39' title="bbox 396 2284 1977 2356; baseline -0.001 -17"><span class='ocrx_word' id='word_1_256' title='bbox 396 2287 531 2340; x_wconf 87' lang='lat' dir='ltr'><strong>tiam</strong></span> <span class='ocrx_word' id='word_1_257' title='bbox 578 2286 1003 2355; x_wconf 83' lang='lat' dir='ltr'><strong>synodicamqtte</strong></span> <span class='ocrx_word' id='word_1_258' title='bbox 1047 2285 1237 2356; x_wconf 85' lang='lat' dir='ltr'><strong>Cyrilli</strong></span> <span class='ocrx_word' id='word_1_259' title='bbox 1273 2301 1397 2340; x_wconf 90' lang='lat' dir='ltr'><strong>cum</strong></span> <span class='ocrx_word' id='word_1_260' title='bbox 1427 2285 1542 2339; x_wconf 88' lang='lat' dir='ltr'><strong>suis</strong></span> <span class='ocrx_word' id='word_1_261' title='bbox 1574 2284 1865 2338; x_wconf 74' lang='lat' dir='ltr'><strong>duotlecim</strong></span> <span class='ocrx_word' id='word_1_262' title='bbox 1887 2298 1977 2338; x_wconf 88' lang='lat' dir='ltr'><strong>ca-</strong></span> 
     </span>
    </p>
   </div>
   <div class='ocr_carea' id='block_1_40' title="bbox 390 2373 1975 2445">
    <p class='ocr_par' dir='ltr' id='par_1_40' title="bbox 390 2373 1975 2445">
     <span class='ocr_line' id='line_1_40' title="bbox 390 2373 1975 2445; baseline -0.001 -15"><span class='ocrx_word' id='word_1_263' title='bbox 390 2376 591 2445; x_wconf 67' lang='lat' dir='ltr'><strong>,pitulis</strong></span> <span class='ocrx_word' id='word_1_264' title='bbox 620 2375 1017 2430; x_wconf 81' lang='lat' dir='ltr'><strong>ludiﬁcaverat.</strong></span> <span class='ocrx_word' id='word_1_265' title='bbox 1049 2376 1108 2430; x_wconf 89' lang='lat' dir='ltr'><strong>ld</strong></span> <span class='ocrx_word' id='word_1_266' title='bbox 1143 2391 1310 2430; x_wconf 90' lang='lat' dir='ltr'><strong>ausus</strong></span> <span class='ocrx_word' id='word_1_267' title='bbox 1334 2384 1437 2439; x_wconf 90' lang='lat' dir='ltr'><strong>est,</strong></span> <span class='ocrx_word' id='word_1_268' title='bbox 1467 2389 1587 2444; x_wconf 63' lang='lat' dir='ltr'><strong>quae</strong></span> <span class='ocrx_word' id='word_1_269' title='bbox 1611 2374 1711 2428; x_wconf 93' lang='lat' dir='ltr'><strong>fuit</strong></span> <span class='ocrx_word' id='word_1_270' title='bbox 1738 2373 1975 2428; x_wconf 84' lang='lat' dir='ltr'><strong>hominis</strong></span> 
     </span>
    </p>
   </div>
   <div class='ocr_carea' id='block_1_41' title="bbox 404 2462 1973 2535">
    <p class='ocr_par' dir='ltr' id='par_1_41' title="bbox 404 2462 1973 2535">
     <span class='ocr_line' id='line_1_41' title="bbox 404 2462 1973 2535; baseline -0.002 -15"><span class='ocrx_word' id='word_1_271' title='bbox 404 2465 761 2535; x_wconf 84' lang='lat' dir='ltr'><strong>impudentia,</strong></span> <span class='ocrx_word' id='word_1_272' title='bbox 809 2465 950 2520; x_wconf 90' lang='lat' dir='ltr'><strong>datis</strong></span> <span class='ocrx_word' id='word_1_273' title='bbox 985 2465 1054 2520; x_wconf 88' lang='lat' dir='ltr'><strong>ad</strong></span> <span class='ocrx_word' id='word_1_274' title='bbox 1081 2473 1329 2521; x_wconf 89' lang='lat' dir='ltr'><strong>sanctum</strong></span> <span class='ocrx_word' id='word_1_275' title='bbox 1364 2463 1721 2519; x_wconf 49' lang='lat' dir='ltr'><strong>Caelestinum</strong></span> <span class='ocrx_word' id='word_1_276' title='bbox 1754 2462 1973 2527; x_wconf 88' lang='lat' dir='ltr'><strong>litteris,</strong></span> 
     </span>
    </p>
   </div>
   <div class='ocr_carea' id='block_1_42' title="bbox 402 2554 1975 2624">
    <p class='ocr_par' dir='ltr' id='par_1_42' title="bbox 402 2554 1975 2624">
     <span class='ocr_line' id='line_1_42' title="bbox 402 2554 1975 2624; baseline -0.003 -12"><span class='ocrx_word' id='word_1_277' title='bbox 402 2571 513 2612; x_wconf 87' lang='lat' dir='ltr'><strong>non</strong></span> <span class='ocrx_word' id='word_1_278' title='bbox 548 2556 783 2610; x_wconf 89' lang='lat' dir='ltr'><strong>obscure</strong></span> <span class='ocrx_word' id='word_1_279' title='bbox 823 2554 1074 2610; x_wconf 90' lang='lat' dir='ltr'><strong>innuere.</strong></span> <span class='ocrx_word' id='word_1_280' title='bbox 1128 2575 1145 2606; x_wconf 72' lang='grc' dir='ltr'>ι</span> <span class='ocrx_word' id='word_1_281' title='bbox 1179 2556 1466 2620; x_wconf 78' lang='lat' dir='ltr'><strong>I‘iissimis,</strong></span> <span class='ocrx_word' id='word_1_282' title='bbox 1509 2555 1687 2624; x_wconf 90' lang='lat' dir='ltr'><strong>inquit</strong></span> <span class='ocrx_word' id='word_1_283' title='bbox 1708 2556 1773 2620; x_wconf 77' lang='lat'><strong>“,</strong></span> <span class='ocrx_word' id='word_1_284' title='bbox 1801 2554 1975 2624; x_wconf 81' lang='lat' dir='ltr'><strong>impe-</strong></span> 
     </span>
    </p>
   </div>
   <div class='ocr_carea' id='block_1_43' title="bbox 404 2649 1976 2720">
    <p class='ocr_par' dir='ltr' id='par_1_43' title="bbox 404 2649 1976 2720">
     <span class='ocr_line' id='line_1_43' title="bbox 404 2649 1976 2720; baseline -0.003 -15"><span class='ocrx_word' id='word_1_285' title='bbox 404 2649 681 2705; x_wconf 83' lang='lat' dir='ltr'><strong>ratoribus</strong></span> <span class='ocrx_word' id='word_1_286' title='bbox 722 2649 946 2720; x_wconf 87' lang='lat' dir='ltr'><strong>placuit,</strong></span> <span class='ocrx_word' id='word_1_287' title='bbox 1002 2650 1232 2704; x_wconf 88' lang='lat' dir='ltr'><strong>Domino</strong></span> <span class='ocrx_word' id='word_1_288' title='bbox 1266 2649 1578 2719; x_wconf 87' lang='lat' dir='ltr'><strong>adjuvante,</strong></span> <span class='ocrx_word' id='word_1_289' title='bbox 1617 2649 1783 2703; x_wconf 90' lang='lat' dir='ltr'><strong>etiam</strong></span> <span class='ocrx_word' id='word_1_290' title='bbox 1811 2661 1976 2719; x_wconf 87' lang='lat' dir='ltr'><strong>syno-</strong></span> 
     </span>
    </p>
   </div>
   <div class='ocr_carea' id='block_1_44' title="bbox 403 2739 1978 2796">
    <p class='ocr_par' dir='ltr' id='par_1_44' title="bbox 403 2739 1978 2796">
     <span class='ocr_line' id='line_1_44' title="bbox 403 2739 1978 2796; baseline 0 -1"><span class='ocrx_word' id='word_1_291' title='bbox 403 2740 534 2795; x_wconf 88' lang='lat' dir='ltr'><strong>dum</strong></span> <span class='ocrx_word' id='word_1_292' title='bbox 566 2740 1016 2796; x_wconf 86' lang='lat' dir='ltr'><strong>inexcusabiliter</strong></span> <span class='ocrx_word' id='word_1_293' title='bbox 1040 2741 1209 2795; x_wconf 90' lang='lat' dir='ltr'><strong>totius</strong></span> <span class='ocrx_word' id='word_1_294' title='bbox 1245 2741 1394 2795; x_wconf 89' lang='lat' dir='ltr'><strong>orbis</strong></span> <span class='ocrx_word' id='word_1_295' title='bbox 1425 2748 1694 2795; x_wconf 89' lang='lat' dir='ltr'><strong>terrarum</strong></span> <span class='ocrx_word' id='word_1_296' title='bbox 1733 2739 1978 2795; x_wconf 87' lang='lat' dir='ltr'><strong>indicere</strong></span> 
     </span>
    </p>
   </div>
   <div class='ocr_carea' id='block_1_45' title="bbox 401 2830 1983 2903">
    <p class='ocr_par' dir='ltr' id='par_1_45' title="bbox 401 2830 1983 2903">
     <span class='ocr_line' id='line_1_45' title="bbox 401 2830 1983 2903; baseline -0.001 -19"><span class='ocrx_word' id='word_1_297' title='bbox 401 2841 629 2903; x_wconf 73' lang='lat' dir='ltr'><strong>propter</strong></span> <span class='ocrx_word' id='word_1_298' title='bbox 667 2830 1076 2903; x_wconf 90' lang='lat' dir='ltr'><strong>inquisitionem</strong></span> <span class='ocrx_word' id='word_1_299' title='bbox 1122 2831 1354 2885; x_wconf 90' lang='lat' dir='ltr'><strong>aliarum</strong></span> <span class='ocrx_word' id='word_1_300' title='bbox 1411 2846 1594 2885; x_wconf 89' lang='lat' dir='ltr'><strong>rerum</strong></span> <span class='ocrx_word' id='word_1_301' title='bbox 1645 2830 1983 2886; x_wconf 88' lang='lat' dir='ltr'><strong>ecclesiasti-</strong></span> 
     </span>
    </p>
   </div>
   <div class='ocr_carea' id='block_1_46' title="bbox 407 2916 1981 2975">
    <p class='ocr_par' dir='ltr' id='par_1_46' title="bbox 407 2916 1981 2975">
     <span class='ocr_line' id='line_1_46' title="bbox 407 2916 1981 2975; baseline -0.003 0"><span class='ocrx_word' id='word_1_302' title='bbox 407 2934 638 2975; x_wconf 89' lang='lat' dir='ltr'><strong>carum:</strong></span> <span class='ocrx_word' id='word_1_303' title='bbox 677 2934 804 2974; x_wconf 90' lang='lat' dir='ltr'><strong>nam</strong></span> <span class='ocrx_word' id='word_1_304' title='bbox 843 2919 1246 2974; x_wconf 88' lang='lat' dir='ltr'><strong>dubitationem</strong></span> <span class='ocrx_word' id='word_1_305' title='bbox 1294 2919 1590 2974; x_wconf 89' lang='lat' dir='ltr'><strong>verborum</strong></span> <span class='ocrx_word' id='word_1_306' title='bbox 1632 2935 1743 2972; x_wconf 90' lang='lat' dir='ltr'><strong>non</strong></span> <span class='ocrx_word' id='word_1_307' title='bbox 1769 2916 1981 2972; x_wconf 83' lang='lat' dir='ltr'><strong>aestimo</strong></span> 
     </span>
    </p>
   </div>
   <div class='ocr_carea' id='block_1_47' title="bbox 407 3007 1980 3079">
    <p class='ocr_par' dir='ltr' id='par_1_47' title="bbox 407 3007 1980 3079">
     <span class='ocr_line' id='line_1_47' title="bbox 407 3007 1980 3079; baseline -0.002 -16"><span class='ocrx_word' id='word_1_308' title='bbox 407 3009 717 3063; x_wconf 82' lang='lat' dir='ltr'><strong>habituram</strong></span> <span class='ocrx_word' id='word_1_309' title='bbox 775 3009 1192 3079; x_wconf 84' lang='lat' dir='ltr'><strong>inquisitionem</strong></span> <span class='ocrx_word' id='word_1_310' title='bbox 1241 3008 1540 3075; x_wconf 72' lang='lat' dir='ltr'><strong>difficilem,</strong></span> <span class='ocrx_word' id='word_1_311' title='bbox 1595 3025 1698 3064; x_wconf 91' lang='lat' dir='ltr'><strong>nec</strong></span> <span class='ocrx_word' id='word_1_312' title='bbox 1747 3007 1980 3078; x_wconf 90' lang='lat' dir='ltr'><strong>impedi—</strong></span> 
     </span>
    </p>
   </div>
   <div class='ocr_carea' id='block_1_48' title="bbox 409 3098 1982 3157">
    <p class='ocr_par' dir='ltr' id='par_1_48' title="bbox 409 3098 1982 3157">
     <span class='ocr_line' id='line_1_48' title="bbox 409 3098 1982 3157; baseline 0 -5"><span class='ocrx_word' id='word_1_313' title='bbox 409 3107 590 3157; x_wconf 82' lang='lat' dir='ltr'><strong>mento</strong></span> <span class='ocrx_word' id='word_1_314' title='bbox 644 3114 765 3154; x_wconf 89' lang='lat' dir='ltr'><strong>esse</strong></span> <span class='ocrx_word' id='word_1_315' title='bbox 813 3098 1054 3154; x_wconf 87' lang='lat' dir='ltr'><strong>futuram</strong></span> <span class='ocrx_word' id='word_1_316' title='bbox 1088 3099 1157 3153; x_wconf 87' lang='lat' dir='ltr'><strong>ad</strong></span> <span class='ocrx_word' id='word_1_317' title='bbox 1213 3106 1501 3155; x_wconf 89' lang='lat' dir='ltr'><strong>tractatum</strong></span> <span class='ocrx_word' id='word_1_318' title='bbox 1532 3098 1840 3153; x_wconf 84' lang='lat' dir='ltr'><strong>divinitatis</strong></span> <span class='ocrx_word' id='word_1_319' title='bbox 1872 3098 1982 3153; x_wconf 92' lang='lat' dir='ltr'><strong>Do-</strong></span> 
     </span>
    </p>
   </div>
   <div class='ocr_carea' id='block_1_49' title="bbox 410 3189 774 3245">
    <p class='ocr_par' dir='ltr' id='par_1_49' title="bbox 410 3189 774 3245">
     <span class='ocr_line' id='line_1_49' title="bbox 410 3189 774 3245; baseline -0.008 -1"><span class='ocrx_word' id='word_1_320' title='bbox 410 3189 543 3244; x_wconf 89' lang='lat' dir='ltr'><strong>mini</strong></span> <span class='ocrx_word' id='word_1_321' title='bbox 581 3190 724 3245; x_wconf 90' lang='lat' dir='ltr'><strong>lesu.</strong></span> <span class='ocrx_word' id='word_1_322' title='bbox 756 3209 774 3241; x_wconf 74' lang='grc' dir='ltr'>ι</span> 
     </span>
    </p>
   </div>
   <div class='ocr_carea' id='block_1_50' title="bbox 479 3279 1985 3351">
    <p class='ocr_par' dir='ltr' id='par_1_50' title="bbox 479 3279 1985 3351">
     <span class='ocr_line' id='line_1_50' title="bbox 479 3279 1985 3351; baseline 0.003 -18"><span class='ocrx_word' id='word_1_323' title='bbox 479 3279 587 3334; x_wconf 91' lang='lat' dir='ltr'><strong>Sed</strong></span> <span class='ocrx_word' id='word_1_324' title='bbox 640 3295 766 3335; x_wconf 89' lang='lat' dir='ltr'><strong>cum</strong></span> <span class='ocrx_word' id='word_1_325' title='bbox 812 3279 1139 3351; x_wconf 87' lang='lat' dir='ltr'><strong>intelligeret</strong></span> <span class='ocrx_word' id='word_1_326' title='bbox 1193 3296 1381 3351; x_wconf 85' lang='lat' dir='ltr'><strong>sparsa</strong></span> <span class='ocrx_word' id='word_1_327' title='bbox 1430 3296 1529 3351; x_wconf 89' lang='lat' dir='ltr'><strong>per</strong></span> <span class='ocrx_word' id='word_1_328' title='bbox 1573 3281 1767 3336; x_wconf 89' lang='lat' dir='ltr'><strong>urbem</strong></span> <span class='ocrx_word' id='word_1_329' title='bbox 1817 3280 1985 3337; x_wconf 85' lang='lat' dir='ltr'><strong>fuisse</strong></span> 
     </span>
    </p>
   </div>
   <div class='ocr_carea' id='block_1_51' title="bbox 410 3369 1987 3444">
    <p class='ocr_par' dir='ltr' id='par_1_51' title="bbox 410 3369 1987 3444">
     <span class='ocr_line' id='line_1_51' title="bbox 410 3369 1987 3444; baseline 0.002 -19"><span class='ocrx_word' id='word_1_330' title='bbox 410 3369 597 3442; x_wconf 86' lang='lat' dir='ltr'><strong>Cyrilli</strong></span> <span class='ocrx_word' id='word_1_331' title='bbox 632 3370 892 3441; x_wconf 90' lang='lat' dir='ltr'><strong>capitula,</strong></span> <span class='ocrx_word' id='word_1_332' title='bbox 917 3387 1027 3426; x_wconf 91' lang='lat' dir='ltr'><strong>una</strong></span> <span class='ocrx_word' id='word_1_333' title='bbox 1063 3387 1187 3426; x_wconf 90' lang='lat' dir='ltr'><strong>cum</strong></span> <span class='ocrx_word' id='word_1_334' title='bbox 1210 3372 1411 3427; x_wconf 89' lang='lat' dir='ltr'><strong>litteris</strong></span> <span class='ocrx_word' id='word_1_335' title='bbox 1444 3373 1702 3427; x_wconf 78' lang='lat' dir='ltr'><strong>Romana:</strong></span> <span class='ocrx_word' id='word_1_336' title='bbox 1738 3383 1794 3427; x_wconf 91' lang='lat' dir='ltr'><strong>et</strong></span> <span class='ocrx_word' id='word_1_337' title='bbox 1824 3373 1987 3444; x_wconf 58' lang='lat' dir='ltr'><strong>[Egy-</strong></span> 
     </span>
    </p>
   </div>
   <div class='ocr_carea' id='block_1_52' title="bbox 409 3460 1985 3532">
    <p class='ocr_par' dir='ltr' id='par_1_52' title="bbox 409 3460 1985 3532">
     <span class='ocr_line' id='line_1_52' title="bbox 409 3460 1985 3532; baseline 0.002 -18"><span class='ocrx_word' id='word_1_338' title='bbox 409 3462 539 3530; x_wconf 72' lang='lat' dir='ltr'><strong>ptiae</strong></span> <span class='ocrx_word' id='word_1_339' title='bbox 584 3460 798 3531; x_wconf 88' lang='lat' dir='ltr'><strong>synodi,</strong></span> <span class='ocrx_word' id='word_1_340' title='bbox 841 3477 1172 3532; x_wconf 84' lang='lat' dir='ltr'><strong>magnasque</strong></span> <span class='ocrx_word' id='word_1_341' title='bbox 1210 3462 1336 3515; x_wconf 90' lang='lat' dir='ltr'><strong>inde</strong></span> <span class='ocrx_word' id='word_1_342' title='bbox 1369 3462 1681 3516; x_wconf 89' lang='lat' dir='ltr'><strong>animorum</strong></span> <span class='ocrx_word' id='word_1_343' title='bbox 1721 3462 1887 3517; x_wconf 88' lang='lat' dir='ltr'><strong>etiam</strong></span> <span class='ocrx_word' id='word_1_344' title='bbox 1928 3465 1985 3517; x_wconf 91' lang='lat' dir='ltr'><strong>in</strong></span> 
     </span>
    </p>
   </div>
   <div class='ocr_carea' id='block_1_53' title="bbox 408 3548 1985 3613">
    <p class='ocr_par' dir='ltr' id='par_1_53' title="bbox 408 3548 1985 3613">
     <span class='ocr_line' id='line_1_53' title="bbox 408 3548 1985 3613; baseline 0.001 -9"><span class='ocrx_word' id='word_1_345' title='bbox 408 3551 537 3605; x_wconf 77' lang='lat' dir='ltr'><strong>aula</strong></span> <span class='ocrx_word' id='word_1_346' title='bbox 588 3549 980 3604; x_wconf 83' lang='lat' dir='ltr'><strong>conversiones</strong></span> <span class='ocrx_word' id='word_1_347' title='bbox 1024 3548 1186 3613; x_wconf 85' lang='lat' dir='ltr'><strong>elIici,</strong></span> <span class='ocrx_word' id='word_1_348' title='bbox 1241 3565 1342 3604; x_wconf 89' lang='lat' dir='ltr'><strong>nec</strong></span> <span class='ocrx_word' id='word_1_349' title='bbox 1382 3549 1500 3604; x_wconf 90' lang='lat' dir='ltr'><strong>suis</strong></span> <span class='ocrx_word' id='word_1_350' title='bbox 1538 3565 1596 3604; x_wconf 89' lang='lat' dir='ltr'><strong>se</strong></span> <span class='ocrx_word' id='word_1_351' title='bbox 1626 3550 1985 3605; x_wconf 89' lang='lat' dir='ltr'><strong>concionibus</strong></span> 
     </span>
    </p>
   </div>
   <div class='ocr_carea' id='block_1_54' title="bbox 412 3640 1987 3713">
    <p class='ocr_par' dir='ltr' id='par_1_54' title="bbox 412 3640 1987 3713">
     <span class='ocr_line' id='line_1_54' title="bbox 412 3640 1987 3713; baseline -0.001 -17"><span class='ocrx_word' id='word_1_352' title='bbox 412 3641 625 3697; x_wconf 89' lang='lat' dir='ltr'><strong>duabus</strong></span> <span class='ocrx_word' id='word_1_353' title='bbox 667 3640 723 3696; x_wconf 92' lang='lat' dir='ltr'><strong>id</strong></span> <span class='ocrx_word' id='word_1_354' title='bbox 778 3641 1075 3713; x_wconf 86' lang='lat' dir='ltr'><strong>peregisse,</strong></span> <span class='ocrx_word' id='word_1_355' title='bbox 1117 3641 1263 3711; x_wconf 90' lang='lat' dir='ltr'><strong>quod</strong></span> <span class='ocrx_word' id='word_1_356' title='bbox 1312 3640 1618 3706; x_wconf 88' lang='lat' dir='ltr'><strong>moliretur,</strong></span> <span class='ocrx_word' id='word_1_357' title='bbox 1671 3641 1987 3696; x_wconf 88' lang='lat' dir='ltr'><strong>anathema-</strong></span> 
     </span>
    </p>
   </div>
   <div class='ocr_carea' id='block_1_55' title="bbox 411 3730 1988 3804">
    <p class='ocr_par' dir='ltr' id='par_1_55' title="bbox 411 3730 1988 3804">
     <span class='ocr_line' id='line_1_55' title="bbox 411 3730 1988 3804; baseline 0.001 -18"><span class='ocrx_word' id='word_1_358' title='bbox 411 3732 607 3787; x_wconf 78' lang='lat' dir='ltr'><strong>tismos</strong></span> <span class='ocrx_word' id='word_1_359' title='bbox 650 3730 838 3804; x_wconf 87' lang='lat' dir='ltr'><strong>Cyrilli</strong></span> <span class='ocrx_word' id='word_1_360' title='bbox 883 3732 1120 3802; x_wconf 88' lang='lat' dir='ltr'><strong>primum</strong></span> <span class='ocrx_word' id='word_1_361' title='bbox 1161 3732 1217 3786; x_wconf 93' lang='lat' dir='ltr'><strong>in</strong></span> <span class='ocrx_word' id='word_1_362' title='bbox 1264 3733 1380 3802; x_wconf 89' lang='lat' dir='ltr'><strong>ipsa</strong></span> <span class='ocrx_word' id='word_1_363' title='bbox 1419 3732 1553 3787; x_wconf 91' lang='lat' dir='ltr'><strong>urbe</strong></span> <span class='ocrx_word' id='word_1_364' title='bbox 1594 3731 1742 3802; x_wconf 88' lang='lat' dir='ltr'><strong>regia</strong></span> <span class='ocrx_word' id='word_1_365' title='bbox 1771 3740 1988 3787; x_wconf 88' lang='lat' dir='ltr'><strong>contra-</strong></span> 
     </span>
    </p>
   </div>
   <div class='ocr_carea' id='block_1_56' title="bbox 410 3821 1987 3890">
    <p class='ocr_par' dir='ltr' id='par_1_56' title="bbox 410 3821 1987 3890">
     <span class='ocr_line' id='line_1_56' title="bbox 410 3821 1987 3890; baseline 0 -13"><span class='ocrx_word' id='word_1_366' title='bbox 410 3823 510 3878; x_wconf 88' lang='lat' dir='ltr'><strong>riis</strong></span> <span class='ocrx_word' id='word_1_367' title='bbox 559 3823 1028 3878; x_wconf 87' lang='lat' dir='ltr'><strong>anathematismis</strong></span> <span class='ocrx_word' id='word_1_368' title='bbox 1069 3821 1290 3877; x_wconf 89' lang='lat' dir='ltr'><strong>refellit.</strong></span> <span class='ocrx_word' id='word_1_369' title='bbox 1324 3821 1553 3890; x_wconf 90' lang='lat' dir='ltr'><strong>Deinde,</strong></span> <span class='ocrx_word' id='word_1_370' title='bbox 1588 3822 1771 3885; x_wconf 85' lang='lat' dir='ltr'><strong>missis</strong></span> <span class='ocrx_word' id='word_1_371' title='bbox 1794 3822 1987 3877; x_wconf 80' lang='lat' dir='ltr'><strong>Antio-</strong></span> 
     </span>
    </p>
   </div>
   <div class='ocr_carea' id='block_1_57' title="bbox 409 3912 1986 3985">
    <p class='ocr_par' dir='ltr' id='par_1_57' title="bbox 409 3912 1986 3985">
     <span class='ocr_line' id='line_1_57' title="bbox 409 3912 1986 3985; baseline -0.001 -18"><span class='ocrx_word' id='word_1_372' title='bbox 409 3915 593 3969; x_wconf 86' lang='lat' dir='ltr'><strong>chiam</strong></span> <span class='ocrx_word' id='word_1_373' title='bbox 626 3913 1009 3985; x_wconf 88' lang='lat' dir='ltr'><strong>synodicarum</strong></span> <span class='ocrx_word' id='word_1_374' title='bbox 1039 3912 1328 3982; x_wconf 82' lang='lat' dir='ltr'><strong>exemplis,</strong></span> <span class='ocrx_word' id='word_1_375' title='bbox 1362 3912 1631 3967; x_wconf 83' lang='lat' dir='ltr'><strong>Joannem</strong></span> <span class='ocrx_word' id='word_1_376' title='bbox 1681 3912 1890 3983; x_wconf 82' lang='lat' dir='ltr'><strong>rogavit</strong></span> <span class='ocrx_word' id='word_1_377' title='bbox 1925 3921 1986 3966; x_wconf 88' lang='lat' dir='ltr'><strong>ut</strong></span> 
     </span>
    </p>
   </div>
   <div class='ocr_carea' id='block_1_58' title="bbox 410 4001 1985 4075">
    <p class='ocr_par' dir='ltr' id='par_1_58' title="bbox 410 4001 1985 4075">
     <span class='ocr_line' id='line_1_58' title="bbox 410 4001 1985 4075; baseline -0.001 -18"><span class='ocrx_word' id='word_1_378' title='bbox 410 4018 441 4057; x_wconf 68' lang='grc' dir='ltr'><strong><em>ι</em></strong></span> <span class='ocrx_word' id='word_1_379' title='bbox 497 4003 713 4058; x_wconf 90' lang='lat' dir='ltr'><strong>duobus</strong></span> <span class='ocrx_word' id='word_1_380' title='bbox 765 4003 850 4057; x_wconf 91' lang='lat' dir='ltr'><strong>sui</strong></span> <span class='ocrx_word' id='word_1_381' title='bbox 895 4002 1119 4057; x_wconf 90' lang='lat' dir='ltr'><strong>concilii</strong></span> <span class='ocrx_word' id='word_1_382' title='bbox 1169 4001 1322 4067; x_wconf 88' lang='lat' dir='ltr'><strong>viris,</strong></span> <span class='ocrx_word' id='word_1_383' title='bbox 1378 4001 1725 4057; x_wconf 87' lang='lat' dir='ltr'><strong>Theodoreto</strong></span> <span class='ocrx_word' id='word_1_384' title='bbox 1761 4002 1985 4075; x_wconf 85' lang='lat' dir='ltr'><strong>Cyrensi</strong></span> 
     </span>
    </p>
   </div>
   <div class='ocr_carea' id='block_1_59' title="bbox 408 4091 1985 4164">
    <p class='ocr_par' dir='ltr' id='par_1_59' title="bbox 408 4091 1985 4164">
     <span class='ocr_line' id='line_1_59' title="bbox 408 4091 1985 4164; baseline 0.002 -17"><span class='ocrx_word' id='word_1_385' title='bbox 408 4101 467 4147; x_wconf 82' lang='lat' dir='ltr'><strong>et</strong></span> <span class='ocrx_word' id='word_1_386' title='bbox 511 4091 726 4147; x_wconf 81' lang='lat' dir='ltr'><strong>Andrea</strong></span> <span class='ocrx_word' id='word_1_387' title='bbox 775 4092 1152 4157; x_wconf 89' lang='lat' dir='ltr'><strong>Samosateno,</strong></span> <span class='ocrx_word' id='word_1_388' title='bbox 1207 4092 1384 4162; x_wconf 88' lang='lat' dir='ltr'><strong>capita</strong></span> <span class='ocrx_word' id='word_1_389' title='bbox 1410 4092 1701 4148; x_wconf 88' lang='lat' dir='ltr'><strong>duodecim</strong></span> <span class='ocrx_word' id='word_1_390' title='bbox 1730 4109 1761 4147; x_wconf 88' lang='lat' dir='ltr'><strong>a</strong></span> <span class='ocrx_word' id='word_1_391' title='bbox 1784 4092 1985 4164; x_wconf 86' lang='lat' dir='ltr'><strong>Cyrillo</strong></span> 
     </span>
    </p>
   </div>
   <div class='ocr_carea' id='block_1_60' title="bbox 409 4176 1985 4256">
    <p class='ocr_par' dir='ltr' id='par_1_60' title="bbox 409 4176 1985 4256">
     <span class='ocr_line' id='line_1_60' title="bbox 409 4176 1985 4256; baseline 0.002 -19"><span class='ocrx_word' id='word_1_392' title='bbox 409 4183 727 4254; x_wconf 54' lang='lat' dir='ltr'><strong>praescripta</strong></span> <span class='ocrx_word' id='word_1_393' title='bbox 756 4193 978 4239; x_wconf 87' lang='lat' dir='ltr'><strong>curaret</strong></span> <span class='ocrx_word' id='word_1_394' title='bbox 1019 4184 1195 4255; x_wconf 87' lang='lat' dir='ltr'><strong>argui,</strong></span> <span class='ocrx_word' id='word_1_395' title='bbox 1244 4176 1399 4253; x_wconf 73' lang='lat' dir='ltr'><strong>qhasi</strong></span> <span class='ocrx_word' id='word_1_396' title='bbox 1430 4184 1762 4254; x_wconf 83' lang='lat' dir='ltr'><strong>Apollinaris</strong></span> <span class='ocrx_word' id='word_1_397' title='bbox 1789 4185 1985 4256; x_wconf 84' lang='lat' dir='ltr'><strong>impie—</strong></span> 
     </span>
    </p>
   </div>
   <div class='ocr_carea' id='block_1_61' title="bbox 411 4275 1981 4346">
    <p class='ocr_par' dir='ltr' id='par_1_61' title="bbox 411 4275 1981 4346">
     <span class='ocr_line' id='line_1_61' title="bbox 411 4275 1981 4346; baseline 0.001 -17"><span class='ocrx_word' id='word_1_398' title='bbox 411 4285 577 4331; x_wconf 88' lang='lat' dir='ltr'><strong>tatem</strong></span> <span class='ocrx_word' id='word_1_399' title='bbox 597 4277 965 4331; x_wconf 89' lang='lat' dir='ltr'><strong>continerent.</strong></span> <span class='ocrx_word' id='word_1_400' title='bbox 988 4275 1215 4331; x_wconf 83' lang='lat' dir='ltr'><strong>Joannis</strong></span> <span class='ocrx_word' id='word_1_401' title='bbox 1236 4275 1491 4330; x_wconf 87' lang='lat' dir='ltr'><strong>mandato</strong></span> <span class='ocrx_word' id='word_1_402' title='bbox 1517 4283 1746 4346; x_wconf 89' lang='lat' dir='ltr'><strong>uterque</strong></span> <span class='ocrx_word' id='word_1_403' title='bbox 1768 4278 1981 4346; x_wconf 88' lang='lat' dir='ltr'><strong>paruit:</strong></span> 
     </span>
    </p>
   </div>
   <div class='ocr_carea' id='block_1_62' title="bbox 2070 1828 3653 1906">
    <p class='ocr_par' dir='ltr' id='par_1_62' title="bbox 2070 1828 3653 1906">
     <span class='ocr_line' id='line_1_62' title="bbox 2070 1828 3653 1906; baseline -0.007 -15"><span class='ocrx_word' id='word_1_404' title='bbox 2070 1835 2289 1906; x_wconf 82' lang='lat' dir='ltr'><strong>negavit</strong></span> <span class='ocrx_word' id='word_1_405' title='bbox 2326 1834 2543 1889; x_wconf 89' lang='lat' dir='ltr'><strong>beatam</strong></span> <span class='ocrx_word' id='word_1_406' title='bbox 2566 1832 2845 1902; x_wconf 85' lang='lat' dir='ltr'><strong>Virginem</strong></span> <span class='ocrx_word' id='word_1_407' title='bbox 2867 1831 3144 1900; x_wconf 86' lang='lat' dir='ltr'><strong>peperisse</strong></span> <span class='ocrx_word' id='word_1_408' title='bbox 3166 1828 3402 1884; x_wconf 74' lang='lat' dir='ltr'><strong>Verbum</strong></span> <span class='ocrx_word' id='word_1_409' title='bbox 3428 1841 3653 1882; x_wconf 86' lang='lat' dir='ltr'><strong>carnem</strong></span> 
     </span>
    </p>
   </div>
   <div class='ocr_carea' id='block_1_63' title="bbox 2071 1918 3654 1992">
    <p class='ocr_par' dir='ltr' id='par_1_63' title="bbox 2071 1918 3654 1992">
     <span class='ocr_line' id='line_1_63' title="bbox 2071 1918 3654 1992; baseline -0.008 -11"><span class='ocrx_word' id='word_1_410' title='bbox 2071 1927 2316 1992; x_wconf 87' lang='lat' dir='ltr'><strong>factum;</strong></span> <span class='ocrx_word' id='word_1_411' title='bbox 2353 1941 2478 1980; x_wconf 90' lang='lat' dir='ltr'><strong>cum</strong></span> <span class='ocrx_word' id='word_1_412' title='bbox 2509 1923 2837 1987; x_wconf 91' lang='lat' dir='ltr'><strong>secundum,</strong></span> <span class='ocrx_word' id='word_1_413' title='bbox 2883 1931 3112 1976; x_wconf 89' lang='lat' dir='ltr'><strong>naturas</strong></span> <span class='ocrx_word' id='word_1_414' title='bbox 3159 1921 3215 1974; x_wconf 93' lang='lat' dir='ltr'><strong>in</strong></span> <span class='ocrx_word' id='word_1_415' title='bbox 3256 1919 3474 1975; x_wconf 54' lang='lat' dir='ltr'><strong>Christo</strong></span> <span class='ocrx_word' id='word_1_416' title='bbox 3525 1918 3654 1971; x_wconf 75' lang='grc' dir='ltr'><strong>καθ’</strong></span> 
     </span>
    </p>
   </div>
   <div class='ocr_carea' id='block_1_64' title="bbox 2073 2009 3657 2084">
    <p class='ocr_par' dir='ltr' id='par_1_64' title="bbox 2073 2009 3657 2084">
     <span class='ocr_line' id='line_1_64' title="bbox 2073 2009 3657 2084; baseline -0.006 -11"><span class='ocrx_word' id='word_1_417' title='bbox 2073 2021 2369 2073; x_wconf 71' lang='grc' dir='ltr'>ὑπόστασιν</span> <span class='ocrx_word' id='word_1_418' title='bbox 2415 2017 2556 2071; x_wconf 90' lang='lat' dir='ltr'><strong>uniri</strong></span> <span class='ocrx_word' id='word_1_419' title='bbox 2582 2034 2596 2082; x_wconf 89' lang='lat'><strong>;</strong></span> <span class='ocrx_word' id='word_1_420' title='bbox 2633 2029 2758 2070; x_wconf 90' lang='lat' dir='ltr'><strong>cum</strong></span> <span class='ocrx_word' id='word_1_421' title='bbox 2787 2021 3065 2084; x_wconf 87' lang='lat' dir='ltr'><strong>quartum,</strong></span> <span class='ocrx_word' id='word_1_422' title='bbox 3098 2012 3315 2067; x_wconf 88' lang='lat' dir='ltr'><strong>unicam</strong></span> <span class='ocrx_word' id='word_1_423' title='bbox 3342 2024 3462 2066; x_wconf 88' lang='lat' dir='ltr'><strong>esse</strong></span> <span class='ocrx_word' id='word_1_424' title='bbox 3487 2009 3657 2065; x_wconf 79' lang='lat' dir='ltr'><strong>Chri-</strong></span> 
     </span>
    </p>
   </div>
   <div class='ocr_carea' id='block_1_65' title="bbox 2072 2100 3656 2171">
    <p class='ocr_par' dir='ltr' id='par_1_65' title="bbox 2072 2100 3656 2171">
     <span class='ocr_line' id='line_1_65' title="bbox 2072 2100 3656 2171; baseline -0.005 -9"><span class='ocrx_word' id='word_1_425' title='bbox 2072 2109 2143 2164; x_wconf 88' lang='lat' dir='ltr'><strong>sti</strong></span> <span class='ocrx_word' id='word_1_426' title='bbox 2195 2107 2536 2171; x_wconf 75' lang='grc' dir='ltr'><strong>ὐπόστασινς</strong></span> <span class='ocrx_word' id='word_1_427' title='bbox 2590 2119 2714 2160; x_wconf 88' lang='lat' dir='ltr'><strong>cum</strong></span> <span class='ocrx_word' id='word_1_428' title='bbox 2766 2103 3059 2167; x_wconf 88' lang='lat' dir='ltr'><strong>decimum,</strong></span> <span class='ocrx_word' id='word_1_429' title='bbox 3120 2101 3293 2157; x_wconf 89' lang='lat' dir='ltr'><strong>Deum</strong></span> <span class='ocrx_word' id='word_1_430' title='bbox 3336 2100 3443 2156; x_wconf 91' lang='lat' dir='ltr'><strong>dici</strong></span> <span class='ocrx_word' id='word_1_431' title='bbox 3489 2113 3656 2170; x_wconf 82' lang='lat' dir='ltr'><strong>posse</strong></span> 
     </span>
    </p>
   </div>
   <div class='ocr_carea' id='block_1_66' title="bbox 2074 2190 3658 2265">
    <p class='ocr_par' dir='ltr' id='par_1_66' title="bbox 2074 2190 3658 2265">
     <span class='ocr_line' id='line_1_66' title="bbox 2074 2190 3658 2265; baseline -0.007 -11"><span class='ocrx_word' id='word_1_432' title='bbox 2074 2207 2374 2254; x_wconf 89' lang='lat' dir='ltr'><strong>mortuum.</strong></span> <span class='ocrx_word' id='word_1_433' title='bbox 2404 2198 2511 2252; x_wconf 88' lang='lat' dir='ltr'><strong>lsta</strong></span> <span class='ocrx_word' id='word_1_434' title='bbox 2534 2211 2665 2249; x_wconf 85' lang='lat' dir='ltr'><strong>vero</strong></span> <span class='ocrx_word' id='word_1_435' title='bbox 2697 2203 2933 2265; x_wconf 86' lang='lat' dir='ltr'><strong>quatuor</strong></span> <span class='ocrx_word' id='word_1_436' title='bbox 2966 2208 3129 2248; x_wconf 90' lang='lat' dir='ltr'><strong>nemo</strong></span> <span class='ocrx_word' id='word_1_437' title='bbox 3161 2192 3467 2248; x_wconf 88' lang='lat' dir='ltr'><strong>catholicus</strong></span> <span class='ocrx_word' id='word_1_438' title='bbox 3491 2190 3658 2246; x_wconf 87' lang='lat' dir='ltr'><strong>fateri</strong></span> 
     </span>
    </p>
   </div>
   <div class='ocr_carea' id='block_1_67' title="bbox 2075 2281 3659 2354">
    <p class='ocr_par' dir='ltr' id='par_1_67' title="bbox 2075 2281 3659 2354">
     <span class='ocr_line' id='line_1_67' title="bbox 2075 2281 3659 2354; baseline -0.006 -10"><span class='ocrx_word' id='word_1_439' title='bbox 2075 2290 2352 2353; x_wconf 86' lang='lat' dir='ltr'><strong>abnuerit,</strong></span> <span class='ocrx_word' id='word_1_440' title='bbox 2404 2288 2508 2342; x_wconf 90' lang='lat' dir='ltr'><strong>nisi</strong></span> <span class='ocrx_word' id='word_1_441' title='bbox 2563 2287 2646 2340; x_wconf 89' lang='lat' dir='ltr'><strong>vel</strong></span> <span class='ocrx_word' id='word_1_442' title='bbox 2694 2287 2750 2340; x_wconf 94' lang='lat' dir='ltr'><strong>in</strong></span> <span class='ocrx_word' id='word_1_443' title='bbox 2807 2286 3010 2341; x_wconf 89' lang='lat' dir='ltr'><strong>crassis</strong></span> <span class='ocrx_word' id='word_1_444' title='bbox 3042 2284 3362 2354; x_wconf 69' lang='lat' dir='ltr'><strong>ignorantiae</strong></span> <span class='ocrx_word' id='word_1_445' title='bbox 3407 2281 3659 2337; x_wconf 82' lang='lat' dir='ltr'><strong>tenebris</strong></span> 
     </span>
    </p>
   </div>
   <div class='ocr_carea' id='block_1_68' title="bbox 2077 2371 3657 2445">
    <p class='ocr_par' dir='ltr' id='par_1_68' title="bbox 2077 2371 3657 2445">
     <span class='ocr_line' id='line_1_68' title="bbox 2077 2371 3657 2445; baseline -0.004 -11"><span class='ocrx_word' id='word_1_446' title='bbox 2077 2388 2352 2442; x_wconf 91' lang='lat' dir='ltr'><strong>versetur,</strong></span> <span class='ocrx_word' id='word_1_447' title='bbox 2398 2376 2484 2431; x_wconf 89' lang='lat' dir='ltr'><strong>vel</strong></span> <span class='ocrx_word' id='word_1_448' title='bbox 2542 2376 2613 2430; x_wconf 91' lang='lat' dir='ltr'><strong>ob</strong></span> <span class='ocrx_word' id='word_1_449' title='bbox 2656 2390 2886 2445; x_wconf 84' lang='lat' dir='ltr'><strong>pravum</strong></span> <span class='ocrx_word' id='word_1_450' title='bbox 2932 2374 3101 2429; x_wconf 88' lang='lat' dir='ltr'><strong>animi</strong></span> <span class='ocrx_word' id='word_1_451' title='bbox 3140 2373 3399 2427; x_wconf 75' lang='lat' dir='ltr'><strong>affectum</strong></span> <span class='ocrx_word' id='word_1_452' title='bbox 3433 2371 3657 2428; x_wconf 88' lang='lat' dir='ltr'><strong>veritati</strong></span> 
     </span>
    </p>
   </div>
   <div class='ocr_carea' id='block_1_69' title="bbox 2076 2463 3657 2543">
    <p class='ocr_par' dir='ltr' id='par_1_69' title="bbox 2076 2463 3657 2543">
     <span class='ocr_line' id='line_1_69' title="bbox 2076 2463 3657 2543; baseline -0.006 -16"><span class='ocrx_word' id='word_1_453' title='bbox 2076 2486 2382 2543; x_wconf 83' lang='lat' dir='ltr'><strong>repugnare</strong></span> <span class='ocrx_word' id='word_1_454' title='bbox 2408 2469 2541 2524; x_wconf 92' lang='lat' dir='ltr'><strong>velit</strong></span> <span class='ocrx_word' id='word_1_455' title='bbox 2569 2487 2581 2521; x_wconf 85' lang='lat'><strong>:</strong></span> <span class='ocrx_word' id='word_1_456' title='bbox 2604 2483 2840 2537; x_wconf 91' lang='lat' dir='ltr'><strong>quorum</strong></span> <span class='ocrx_word' id='word_1_457' title='bbox 2870 2467 3106 2521; x_wconf 84' lang='lat' dir='ltr'><strong>alterum</strong></span> <span class='ocrx_word' id='word_1_458' title='bbox 3132 2465 3257 2535; x_wconf 90' lang='lat' dir='ltr'><strong>quis</strong></span> <span class='ocrx_word' id='word_1_459' title='bbox 3289 2465 3357 2519; x_wconf 91' lang='lat' dir='ltr'><strong>de</strong></span> <span class='ocrx_word' id='word_1_460' title='bbox 3396 2463 3657 2519; x_wconf 84' lang='lat' dir='ltr'><strong>Theodo-</strong></span> 
     </span>
    </p>
   </div>
   <div class='ocr_carea' id='block_1_70' title="bbox 2078 2554 3659 2629">
    <p class='ocr_par' dir='ltr' id='par_1_70' title="bbox 2078 2554 3659 2629">
     <span class='ocr_line' id='line_1_70' title="bbox 2078 2554 3659 2629; baseline -0.007 -10"><span class='ocrx_word' id='word_1_461' title='bbox 2078 2573 2199 2619; x_wconf 90' lang='lat' dir='ltr'><strong>reto</strong></span> <span class='ocrx_word' id='word_1_462' title='bbox 2243 2562 2519 2618; x_wconf 87' lang='lat' dir='ltr'><strong>senserit?</strong></span> <span class='ocrx_word' id='word_1_463' title='bbox 2553 2562 2784 2616; x_wconf 83' lang='lat' dir='ltr'><strong>alterum</strong></span> <span class='ocrx_word' id='word_1_464' title='bbox 2817 2559 2943 2629; x_wconf 90' lang='lat' dir='ltr'><strong>quis</strong></span> <span class='ocrx_word' id='word_1_465' title='bbox 2971 2557 3237 2613; x_wconf 88' lang='lat' dir='ltr'><strong>Catholici</strong></span> <span class='ocrx_word' id='word_1_466' title='bbox 3270 2571 3390 2611; x_wconf 88' lang='lat' dir='ltr'><strong>esse</strong></span> <span class='ocrx_word' id='word_1_467' title='bbox 3413 2554 3659 2611; x_wconf 79' lang='lat' dir='ltr'><strong>dixerit?</strong></span> 
     </span>
    </p>
   </div>
   <div class='ocr_carea' id='block_1_71' title="bbox 2148 2647 3657 2721">
    <p class='ocr_par' dir='ltr' id='par_1_71' title="bbox 2148 2647 3657 2721">
     <span class='ocr_line' id='line_1_71' title="bbox 2148 2647 3657 2721; baseline -0.005 -11"><span class='ocrx_word' id='word_1_468' title='bbox 2148 2655 2215 2710; x_wconf 79' lang='grc' dir='ltr'><strong>Χ.</strong></span> <span class='ocrx_word' id='word_1_469' title='bbox 2251 2655 2378 2709; x_wconf 86' lang='lat' dir='ltr'><strong>Fuit</strong></span> <span class='ocrx_word' id='word_1_470' title='bbox 2404 2668 2535 2707; x_wconf 89' lang='lat' dir='ltr'><strong>vero</strong></span> <span class='ocrx_word' id='word_1_471' title='bbox 2567 2666 2793 2721; x_wconf 86' lang='lat' dir='ltr'><strong>prorsus</strong></span> <span class='ocrx_word' id='word_1_472' title='bbox 2815 2648 3159 2712; x_wconf 84' lang='lat' dir='ltr'><strong>admirabile,</strong></span> <span class='ocrx_word' id='word_1_473' title='bbox 3188 2648 3365 2702; x_wconf 89' lang='lat' dir='ltr'><strong>virum</strong></span> <span class='ocrx_word' id='word_1_474' title='bbox 3389 2647 3657 2718; x_wconf 86' lang='lat' dir='ltr'><strong>singulari</strong></span> 
     </span>
    </p>
   </div>
   <div class='ocr_carea' id='block_1_72' title="bbox 2078 2739 3660 2812">
    <p class='ocr_par' dir='ltr' id='par_1_72' title="bbox 2078 2739 3660 2812">
     <span class='ocr_line' id='line_1_72' title="bbox 2078 2739 3660 2812; baseline -0.004 -11"><span class='ocrx_word' id='word_1_475' title='bbox 2078 2746 2331 2802; x_wconf 88' lang='lat' dir='ltr'><strong>Numinis</strong></span> <span class='ocrx_word' id='word_1_476' title='bbox 2365 2744 2509 2799; x_wconf 86' lang='lat' dir='ltr'><strong>dono</strong></span> <span class='ocrx_word' id='word_1_477' title='bbox 2561 2743 2787 2807; x_wconf 86' lang='lat' dir='ltr'><strong>datum;</strong></span> <span class='ocrx_word' id='word_1_478' title='bbox 2828 2757 2993 2812; x_wconf 76' lang='lat' dir='ltr'><strong>quem</strong></span> <span class='ocrx_word' id='word_1_479' title='bbox 3041 2740 3303 2795; x_wconf 89' lang='lat' dir='ltr'><strong>miracula</strong></span> <span class='ocrx_word' id='word_1_480' title='bbox 3350 2739 3660 2795; x_wconf 80' lang='lat' dir='ltr'><strong>eduxeram</strong></span> 
     </span>
    </p>
   </div>
   <div class='ocr_carea' id='block_1_73' title="bbox 2081 2831 3661 2905">
    <p class='ocr_par' dir='ltr' id='par_1_73' title="bbox 2081 2831 3661 2905">
     <span class='ocr_line' id='line_1_73' title="bbox 2081 2831 3661 2905; baseline -0.003 -14"><span class='ocrx_word' id='word_1_481' title='bbox 2081 2836 2139 2891; x_wconf 90' lang='lat' dir='ltr'><strong>in</strong></span> <span class='ocrx_word' id='word_1_482' title='bbox 2192 2837 2410 2902; x_wconf 90' lang='lat' dir='ltr'><strong>lucem;</strong></span> <span class='ocrx_word' id='word_1_483' title='bbox 2461 2835 2620 2905; x_wconf 85' lang='lat' dir='ltr'><strong>cujus</strong></span> <span class='ocrx_word' id='word_1_484' title='bbox 2672 2848 2872 2904; x_wconf 87' lang='lat' dir='ltr'><strong>parens</strong></span> <span class='ocrx_word' id='word_1_485' title='bbox 2925 2848 3035 2887; x_wconf 89' lang='lat' dir='ltr'><strong>non</strong></span> <span class='ocrx_word' id='word_1_486' title='bbox 3089 2831 3245 2901; x_wconf 90' lang='lat' dir='ltr'><strong>prius</strong></span> <span class='ocrx_word' id='word_1_487' title='bbox 3296 2831 3477 2901; x_wconf 89' lang='lat' dir='ltr'><strong>potuit</strong></span> <span class='ocrx_word' id='word_1_488' title='bbox 3530 2846 3661 2886; x_wconf 80' lang='lat' dir='ltr'><strong>esse</strong></span> 
     </span>
    </p>
   </div>
   <div class='ocr_carea' id='block_1_74' title="bbox 2081 2922 3662 2998">
    <p class='ocr_par' dir='ltr' id='par_1_74' title="bbox 2081 2922 3662 2998">
     <span class='ocr_line' id='line_1_74' title="bbox 2081 2922 3662 2998; baseline -0.001 -15"><span class='ocrx_word' id='word_1_489' title='bbox 2081 2938 2276 2994; x_wconf 89' lang='lat' dir='ltr'><strong>mater,</strong></span> <span class='ocrx_word' id='word_1_490' title='bbox 2336 2944 2501 2998; x_wconf 87' lang='lat' dir='ltr'><strong>quam</strong></span> <span class='ocrx_word' id='word_1_491' title='bbox 2556 2934 2794 2993; x_wconf 89' lang='lat' dir='ltr'><strong>sancta;</strong></span> <span class='ocrx_word' id='word_1_492' title='bbox 2857 2940 3019 2995; x_wconf 86' lang='lat' dir='ltr'><strong>quem</strong></span> <span class='ocrx_word' id='word_1_493' title='bbox 3073 2923 3324 2978; x_wconf 89' lang='lat' dir='ltr'><strong>homines</strong></span> <span class='ocrx_word' id='word_1_494' title='bbox 3371 2922 3662 2995; x_wconf 62' lang='lat' dir='ltr'><strong>stupende</strong></span> 
     </span>
    </p>
   </div>
   <div class='ocr_carea' id='block_1_75' title="bbox 2083 3015 3657 3087">
    <p class='ocr_par' dir='ltr' id='par_1_75' title="bbox 2083 3015 3657 3087">
     <span class='ocr_line' id='line_1_75' title="bbox 2083 3015 3657 3087; baseline -0.004 -11"><span class='ocrx_word' id='word_1_495' title='bbox 2083 3023 2390 3076; x_wconf 83' lang='lat' dir='ltr'><strong>sanctitatis</strong></span> <span class='ocrx_word' id='word_1_496' title='bbox 2418 3020 2671 3073; x_wconf 89' lang='lat' dir='ltr'><strong>foverunt</strong></span> <span class='ocrx_word' id='word_1_497' title='bbox 2714 3019 2880 3083; x_wconf 90' lang='lat' dir='ltr'><strong>sinu;</strong></span> <span class='ocrx_word' id='word_1_498' title='bbox 2917 3017 3011 3087; x_wconf 89' lang='lat' dir='ltr'><strong>qui</strong></span> <span class='ocrx_word' id='word_1_499' title='bbox 3056 3015 3338 3086; x_wconf 88' lang='lat' dir='ltr'><strong>septennis</strong></span> <span class='ocrx_word' id='word_1_500' title='bbox 3379 3024 3657 3071; x_wconf 86' lang='lat' dir='ltr'><strong>monaste-</strong></span> 
     </span>
    </p>
   </div>
   <div class='ocr_carea' id='block_1_76' title="bbox 2086 3100 3664 3180">
    <p class='ocr_par' dir='ltr' id='par_1_76' title="bbox 2086 3100 3664 3180">
     <span class='ocr_line' id='line_1_76' title="bbox 2086 3100 3664 3180; baseline -0.008 -13"><span class='ocrx_word' id='word_1_501' title='bbox 2086 3112 2229 3168; x_wconf 86' lang='lat' dir='ltr'><strong>rium</strong></span> <span class='ocrx_word' id='word_1_502' title='bbox 2252 3111 2529 3180; x_wconf 88' lang='lat' dir='ltr'><strong>ingressus</strong></span> <span class='ocrx_word' id='word_1_503' title='bbox 2552 3115 2637 3162; x_wconf 90' lang='lat' dir='ltr'><strong>est</strong></span> <span class='ocrx_word' id='word_1_504' title='bbox 2658 3124 2672 3172; x_wconf 90' lang='lat'><strong>;</strong></span> <span class='ocrx_word' id='word_1_505' title='bbox 2697 3106 2792 3175; x_wconf 91' lang='lat' dir='ltr'><strong>qui</strong></span> <span class='ocrx_word' id='word_1_506' title='bbox 2821 3114 2968 3161; x_wconf 91' lang='lat' dir='ltr'><strong>totus</strong></span> <span class='ocrx_word' id='word_1_507' title='bbox 2994 3104 3096 3158; x_wconf 88' lang='lat' dir='ltr'><strong>fuit</strong></span> <span class='ocrx_word' id='word_1_508' title='bbox 3122 3103 3177 3157; x_wconf 91' lang='lat' dir='ltr'><strong>in</strong></span> <span class='ocrx_word' id='word_1_509' title='bbox 3200 3102 3463 3158; x_wconf 89' lang='lat' dir='ltr'><strong>imitando</strong></span> <span class='ocrx_word' id='word_1_510' title='bbox 3478 3100 3664 3173; x_wconf 85' lang='lat' dir='ltr'><strong>Chry-</strong></span> 
     </span>
    </p>
   </div>
   <div class='ocr_carea' id='block_1_77' title="bbox 2085 3193 3667 3271">
    <p class='ocr_par' dir='ltr' id='par_1_77' title="bbox 2085 3193 3667 3271">
     <span class='ocr_line' id='line_1_77' title="bbox 2085 3193 3667 3271; baseline -0.008 -12"><span class='ocrx_word' id='word_1_511' title='bbox 2085 3196 2556 3271; x_wconf 12' lang='lat' dir='ltr'><strong>sostomo;iquem</strong></span> <span class='ocrx_word' id='word_1_512' title='bbox 2591 3197 2909 3253; x_wconf 89' lang='lat' dir='ltr'><strong>Theodotus</strong></span> <span class='ocrx_word' id='word_1_513' title='bbox 2962 3194 3202 3251; x_wconf 89' lang='lat' dir='ltr'><strong>Orientis</strong></span> <span class='ocrx_word' id='word_1_514' title='bbox 3244 3195 3431 3249; x_wconf 90' lang='lat' dir='ltr'><strong>lumen</strong></span> <span class='ocrx_word' id='word_1_515' title='bbox 3478 3193 3667 3249; x_wconf 87' lang='lat' dir='ltr'><strong>eccle-</strong></span> 
     </span>
    </p>
   </div>
   <div class='ocr_carea' id='block_1_78' title="bbox 2085 3283 3667 3356">
    <p class='ocr_par' dir='ltr' id='par_1_78' title="bbox 2085 3283 3667 3356">
     <span class='ocr_line' id='line_1_78' title="bbox 2085 3283 3667 3356; baseline -0.006 -8"><span class='ocrx_word' id='word_1_516' title='bbox 2085 3292 2322 3349; x_wconf 89' lang='lat' dir='ltr'><strong>siasticis</strong></span> <span class='ocrx_word' id='word_1_517' title='bbox 2353 3290 2601 3345; x_wconf 90' lang='lat' dir='ltr'><strong>moribus</strong></span> <span class='ocrx_word' id='word_1_518' title='bbox 2628 3287 2908 3352; x_wconf 84' lang='lat' dir='ltr'><strong>instituit;</strong></span> <span class='ocrx_word' id='word_1_519' title='bbox 2934 3286 3092 3356; x_wconf 88' lang='lat' dir='ltr'><strong>cujus</strong></span> <span class='ocrx_word' id='word_1_520' title='bbox 3128 3284 3498 3355; x_wconf 89' lang='lat' dir='ltr'><strong>eloquentiam</strong></span> <span class='ocrx_word' id='word_1_521' title='bbox 3548 3283 3667 3338; x_wconf 75' lang='lat' dir='ltr'><strong>An~</strong></span> 
     </span>
    </p>
   </div>
   <div class='ocr_carea' id='block_1_79' title="bbox 2086 3374 3661 3448">
    <p class='ocr_par' dir='ltr' id='par_1_79' title="bbox 2086 3374 3661 3448">
     <span class='ocr_line' id='line_1_79' title="bbox 2086 3374 3661 3448; baseline -0.006 -8"><span class='ocrx_word' id='word_1_522' title='bbox 2086 3385 2308 3441; x_wconf 85' lang='lat' dir='ltr'><strong>tiochia.</strong></span> <span class='ocrx_word' id='word_1_523' title='bbox 2344 3384 2576 3437; x_wconf 89' lang='lat' dir='ltr'><strong>alterum</strong></span> <span class='ocrx_word' id='word_1_524' title='bbox 2607 3378 2905 3435; x_wconf 88' lang='lat' dir='ltr'><strong>Orientalis</strong></span> <span class='ocrx_word' id='word_1_525' title='bbox 2943 3378 3163 3448; x_wconf 89' lang='lat' dir='ltr'><strong>imperii</strong></span> <span class='ocrx_word' id='word_1_526' title='bbox 3188 3385 3374 3448; x_wconf 89' lang='lat' dir='ltr'><strong>caput,</strong></span> <span class='ocrx_word' id='word_1_527' title='bbox 3401 3391 3510 3431; x_wconf 88' lang='lat' dir='ltr'><strong>non</strong></span> <span class='ocrx_word' id='word_1_528' title='bbox 3558 3374 3661 3431; x_wconf 92' lang='lat' dir='ltr'><strong>mi-</strong></span> 
     </span>
    </p>
   </div>
   <div class='ocr_carea' id='block_1_80' title="bbox 2086 3466 3669 3541">
    <p class='ocr_par' dir='ltr' id='par_1_80' title="bbox 2086 3466 3669 3541">
     <span class='ocr_line' id='line_1_80' title="bbox 2086 3466 3669 3541; baseline -0.006 -11"><span class='ocrx_word' id='word_1_529' title='bbox 2086 3485 2203 3531; x_wconf 89' lang='lat' dir='ltr'><strong>rata</strong></span> <span class='ocrx_word' id='word_1_530' title='bbox 2239 3483 2449 3529; x_wconf 86' lang='lat' dir='ltr'><strong>tantum</strong></span> <span class='ocrx_word' id='word_1_531' title='bbox 2474 3481 2577 3537; x_wconf 88' lang='lat' dir='ltr'><strong>est,</strong></span> <span class='ocrx_word' id='word_1_532' title='bbox 2608 3471 2704 3525; x_wconf 88' lang='lat' dir='ltr'><strong>sed</strong></span> <span class='ocrx_word' id='word_1_533' title='bbox 2745 3471 2957 3541; x_wconf 86' lang='lat' dir='ltr'><strong>stupuit</strong></span> <span class='ocrx_word' id='word_1_534' title='bbox 2985 3487 3000 3536; x_wconf 83' lang='lat'><strong>;</strong></span> <span class='ocrx_word' id='word_1_535' title='bbox 3031 3469 3123 3539; x_wconf 91' lang='lat' dir='ltr'><strong>qui</strong></span> <span class='ocrx_word' id='word_1_536' title='bbox 3149 3467 3477 3539; x_wconf 89' lang='lat' dir='ltr'><strong>episcopalis</strong></span> <span class='ocrx_word' id='word_1_537' title='bbox 3497 3466 3669 3521; x_wconf 70' lang='lat' dir='ltr'><strong>ofﬁcii</strong></span> 
     </span>
    </p>
   </div>
   <div class='ocr_carea' id='block_1_81' title="bbox 2086 3558 3670 3634">
    <p class='ocr_par' dir='ltr' id='par_1_81' title="bbox 2086 3558 3670 3634">
     <span class='ocr_line' id='line_1_81' title="bbox 2086 3558 3670 3634; baseline -0.007 -11"><span class='ocrx_word' id='word_1_538' title='bbox 2086 3569 2289 3623; x_wconf 91' lang='lat' dir='ltr'><strong>nullam</strong></span> <span class='ocrx_word' id='word_1_539' title='bbox 2327 3582 2436 3621; x_wconf 90' lang='lat' dir='ltr'><strong>non</strong></span> <span class='ocrx_word' id='word_1_540' title='bbox 2476 3565 2720 3634; x_wconf 89' lang='lat' dir='ltr'><strong>implevit</strong></span> <span class='ocrx_word' id='word_1_541' title='bbox 2761 3571 3013 3633; x_wconf 86' lang='lat' dir='ltr'><strong>partem;</strong></span> <span class='ocrx_word' id='word_1_542' title='bbox 3045 3562 3141 3632; x_wconf 91' lang='lat' dir='ltr'><strong>qui</strong></span> <span class='ocrx_word' id='word_1_543' title='bbox 3170 3562 3362 3616; x_wconf 90' lang='lat' dir='ltr'><strong>decem</strong></span> <span class='ocrx_word' id='word_1_544' title='bbox 3389 3558 3670 3631; x_wconf 84' lang='lat' dir='ltr'><strong>myriades</strong></span> 
     </span>
    </p>
   </div>
   <div class='ocr_carea' id='block_1_82' title="bbox 2086 3650 3670 3722">
    <p class='ocr_par' dir='ltr' id='par_1_82' title="bbox 2086 3650 3670 3722">
     <span class='ocr_line' id='line_1_82' title="bbox 2086 3650 3670 3722; baseline -0.007 -8"><span class='ocrx_word' id='word_1_545' title='bbox 2086 3659 2372 3714; x_wconf 90' lang='lat' dir='ltr'><strong>hominum</strong></span> <span class='ocrx_word' id='word_1_546' title='bbox 2413 3673 2520 3712; x_wconf 90' lang='lat' dir='ltr'><strong>una</strong></span> <span class='ocrx_word' id='word_1_547' title='bbox 2554 3657 2608 3710; x_wconf 90' lang='lat' dir='ltr'><strong>in</strong></span> <span class='ocrx_word' id='word_1_548' title='bbox 2647 3656 2846 3709; x_wconf 88' lang='lat' dir='ltr'><strong>vicinia</strong></span> <span class='ocrx_word' id='word_1_549' title='bbox 2877 3654 3038 3708; x_wconf 79' lang='lat' dir='ltr'><strong>tinxit</strong></span> <span class='ocrx_word' id='word_1_550' title='bbox 3065 3653 3377 3722; x_wconf 88' lang='lat' dir='ltr'><strong>baptismo;</strong></span> <span class='ocrx_word' id='word_1_551' title='bbox 3412 3651 3507 3721; x_wconf 89' lang='lat' dir='ltr'><strong>qui</strong></span> <span class='ocrx_word' id='word_1_552' title='bbox 3541 3650 3670 3704; x_wconf 79' lang='lat' dir='ltr'><strong>inﬁ-</strong></span> 
     </span>
    </p>
   </div>
   <div class='ocr_carea' id='block_1_83' title="bbox 2086 3741 3669 3813">
    <p class='ocr_par' dir='ltr' id='par_1_83' title="bbox 2086 3741 3669 3813">
     <span class='ocr_line' id='line_1_83' title="bbox 2086 3741 3669 3813; baseline -0.006 -8"><span class='ocrx_word' id='word_1_553' title='bbox 2086 3750 2233 3805; x_wconf 87' lang='lat' dir='ltr'><strong>nitos</strong></span> <span class='ocrx_word' id='word_1_554' title='bbox 2274 3749 2560 3803; x_wconf 65' lang='lat' dir='ltr'><strong>htereticos</strong></span> <span class='ocrx_word' id='word_1_555' title='bbox 2598 3748 2884 3803; x_wconf 89' lang='lat' dir='ltr'><strong>veritatem</strong></span> <span class='ocrx_word' id='word_1_556' title='bbox 2930 3745 3139 3810; x_wconf 91' lang='lat' dir='ltr'><strong>docuit,</strong></span> <span class='ocrx_word' id='word_1_557' title='bbox 3171 3758 3473 3813; x_wconf 87' lang='lat' dir='ltr'><strong>agrumque</strong></span> <span class='ocrx_word' id='word_1_558' title='bbox 3500 3741 3604 3797; x_wconf 85' lang='lat' dir='ltr'><strong>sibi</strong></span> <span class='ocrx_word' id='word_1_559' title='bbox 3630 3755 3669 3795; x_wconf 82' lang='lat' dir='ltr'><strong>a</strong></span> 
     </span>
    </p>
   </div>
   <div class='ocr_carea' id='block_1_84' title="bbox 2084 3832 3668 3903">
    <p class='ocr_par' dir='ltr' id='par_1_84' title="bbox 2084 3832 3668 3903">
     <span class='ocr_line' id='line_1_84' title="bbox 2084 3832 3668 3903; baseline -0.006 -7"><span class='ocrx_word' id='word_1_560' title='bbox 2084 3839 2303 3896; x_wconf 87' lang='lat' dir='ltr'><strong>Christo</strong></span> <span class='ocrx_word' id='word_1_561' title='bbox 2335 3839 2604 3894; x_wconf 89' lang='lat' dir='ltr'><strong>creditum</strong></span> <span class='ocrx_word' id='word_1_562' title='bbox 2650 3854 2760 3893; x_wconf 90' lang='lat' dir='ltr'><strong>non</strong></span> <span class='ocrx_word' id='word_1_563' title='bbox 2801 3836 3003 3892; x_wconf 90' lang='lat' dir='ltr'><strong>sudore</strong></span> <span class='ocrx_word' id='word_1_564' title='bbox 3036 3844 3246 3890; x_wconf 90' lang='lat' dir='ltr'><strong>tantum</strong></span> <span class='ocrx_word' id='word_1_565' title='bbox 3280 3833 3542 3903; x_wconf 87' lang='lat' dir='ltr'><strong>irrigavit,</strong></span> <span class='ocrx_word' id='word_1_566' title='bbox 3564 3832 3668 3888; x_wconf 88' lang='lat' dir='ltr'><strong>sed</strong></span> 
     </span>
    </p>
   </div>
   <div class='ocr_carea' id='block_1_85' title="bbox 2085 3925 3671 4002">
    <p class='ocr_par' dir='ltr' id='par_1_85' title="bbox 2085 3925 3671 4002">
     <span class='ocr_line' id='line_1_85' title="bbox 2085 3925 3671 4002; baseline -0.006 -15"><span class='ocrx_word' id='word_1_567' title='bbox 2085 3932 2248 3987; x_wconf 90' lang='lat' dir='ltr'><strong>etiam</strong></span> <span class='ocrx_word' id='word_1_568' title='bbox 2291 3930 2595 4002; x_wconf 80' lang='lat' dir='ltr'><strong>sanguine;</strong></span> <span class='ocrx_word' id='word_1_569' title='bbox 2634 3944 2798 3999; x_wconf 85' lang='lat' dir='ltr'><strong>quem</strong></span> <span class='ocrx_word' id='word_1_570' title='bbox 2849 3929 2994 3983; x_wconf 91' lang='lat' dir='ltr'><strong>Deus</strong></span> <span class='ocrx_word' id='word_1_571' title='bbox 3044 3926 3161 3996; x_wconf 91' lang='lat' dir='ltr'><strong>ipse</strong></span> <span class='ocrx_word' id='word_1_572' title='bbox 3211 3925 3414 3979; x_wconf 87' lang='lat' dir='ltr'><strong>Jacoho</strong></span> <span class='ocrx_word' id='word_1_573' title='bbox 3467 3929 3671 3978; x_wconf 64' lang='lat' dir='ltr'><strong>ascete</strong></span> 
     </span>
    </p>
   </div>
   <div class='ocr_carea' id='block_1_86' title="bbox 2087 4014 3669 4082">
    <p class='ocr_par' dir='ltr' id='par_1_86' title="bbox 2087 4014 3669 4082">
     <span class='ocr_line' id='line_1_86' title="bbox 2087 4014 3669 4082; baseline -0.005 -5"><span class='ocrx_word' id='word_1_574' title='bbox 2087 4022 2429 4078; x_wconf 89' lang='lat' dir='ltr'><strong>sanctissimo</strong></span> <span class='ocrx_word' id='word_1_575' title='bbox 2470 4021 2711 4076; x_wconf 89' lang='lat' dir='ltr'><strong>ostendit</strong></span> <span class='ocrx_word' id='word_1_576' title='bbox 2754 4020 2903 4075; x_wconf 92' lang='lat' dir='ltr'><strong>velut</strong></span> <span class='ocrx_word' id='word_1_577' title='bbox 2960 4018 3186 4074; x_wconf 63' lang='grc' dir='ltr'><strong>δίει-θεῖε</strong></span> <span class='ocrx_word' id='word_1_578' title='bbox 3221 4014 3669 4082; x_wconf 88' lang='lat' dir='ltr'><strong>domitorem,&#39;in</strong></span> 
     </span>
    </p>
   </div>
   <div class='ocr_carea' id='block_1_87' title="bbox 2087 4108 3668 4177">
    <p class='ocr_par' dir='ltr' id='par_1_87' title="bbox 2087 4108 3668 4177">
     <span class='ocr_line' id='line_1_87' title="bbox 2087 4108 3668 4177; baseline -0.004 -9"><span class='ocrx_word' id='word_1_579' title='bbox 2087 4113 2318 4168; x_wconf 56' lang='lat' dir='ltr'><strong>heresin</strong></span> <span class='ocrx_word' id='word_1_580' title='bbox 2376 4112 2671 4167; x_wconf 85' lang='lat' dir='ltr'><strong>infeliciter</strong></span> <span class='ocrx_word' id='word_1_581' title='bbox 2716 4110 3009 4175; x_wconf 88' lang='lat' dir='ltr'><strong>decidisse,</strong></span> <span class='ocrx_word' id='word_1_582' title='bbox 3063 4109 3260 4173; x_wconf 89' lang='lat' dir='ltr'><strong>amico,</strong></span> <span class='ocrx_word' id='word_1_583' title='bbox 3313 4108 3408 4177; x_wconf 90' lang='lat' dir='ltr'><strong>qui</strong></span> <span class='ocrx_word' id='word_1_584' title='bbox 3467 4114 3668 4177; x_wconf 85' lang='lat' dir='ltr'><strong>sponte</strong></span> 
     </span>
    </p>
   </div>
   <div class='ocr_carea' id='block_1_88' title="bbox 2087 4199 3672 4269">
    <p class='ocr_par' dir='ltr' id='par_1_88' title="bbox 2087 4199 3672 4269">
     <span class='ocr_line' id='line_1_88' title="bbox 2087 4199 3672 4269; baseline -0.004 -11"><span class='ocrx_word' id='word_1_585' title='bbox 2087 4204 2304 4269; x_wconf 88' lang='lat' dir='ltr'><strong>ruebat,</strong></span> <span class='ocrx_word' id='word_1_586' title='bbox 2350 4204 2609 4258; x_wconf 86' lang='lat' dir='ltr'><strong>miserum</strong></span> <span class='ocrx_word' id='word_1_587' title='bbox 2648 4202 2979 4256; x_wconf 90' lang='lat' dir='ltr'><strong>attrahente.</strong></span> <span class='ocrx_word' id='word_1_588' title='bbox 3018 4200 3126 4255; x_wconf 89' lang='lat' dir='ltr'><strong>Sed</strong></span> <span class='ocrx_word' id='word_1_589' title='bbox 3154 4216 3262 4253; x_wconf 90' lang='lat' dir='ltr'><strong>non</strong></span> <span class='ocrx_word' id='word_1_590' title='bbox 3296 4215 3402 4254; x_wconf 90' lang='lat' dir='ltr'><strong>una</strong></span> <span class='ocrx_word' id='word_1_591' title='bbox 3441 4199 3557 4254; x_wconf 68' lang='lat' dir='ltr'><strong>haec</strong></span> <span class='ocrx_word' id='word_1_592' title='bbox 3583 4199 3672 4254; x_wconf 85' lang='lat' dir='ltr'><strong>vi-</strong></span> 
     </span>
    </p>
   </div>
   <div class='ocr_carea' id='block_1_89' title="bbox 2088 4278 3671 4360">
    <p class='ocr_par' dir='ltr' id='par_1_89' title="bbox 2088 4278 3671 4360">
     <span class='ocr_line' id='line_1_89' title="bbox 2088 4278 3671 4360; baseline -0.003 -10"><span class='ocrx_word' id='word_1_593' title='bbox 2088 4295 2249 4350; x_wconf 87' lang='lat' dir='ltr'><strong>detur</strong></span> <span class='ocrx_word' id='word_1_594' title='bbox 2290 4295 2464 4349; x_wconf 67' lang='lat' dir='ltr'><strong>ruina:</strong></span> <span class='ocrx_word' id='word_1_595' title='bbox 2496 4294 2757 4349; x_wconf 90' lang='lat' dir='ltr'><strong>occasio:</strong></span> <span class='ocrx_word' id='word_1_596' title='bbox 2808 4292 3085 4345; x_wconf 85' lang='lat' dir='ltr'><strong>hominem</strong></span> <span class='ocrx_word' id='word_1_597' title='bbox 3132 4291 3187 4345; x_wconf 92' lang='lat' dir='ltr'><strong>in</strong></span> <span class='ocrx_word' id='word_1_598' title='bbox 3217 4305 3459 4360; x_wconf 57' lang='lat' dir='ltr'><strong>praeceps</strong></span> <span class='ocrx_word' id='word_1_599' title='bbox 3481 4278 3671 4360; x_wconf 87' lang='lat' dir='ltr'><strong>rapuit</strong></span> 
     </span>
    </p>
   </div>
   <div class='ocr_carea' id='block_1_90' title="bbox 409 4367 3666 4455">
    <p class='ocr_par' dir='ltr' id='par_1_90' title="bbox 409 4367 3666 4455">
     <span class='ocr_line' id='line_1_90' title="bbox 409 4367 3666 4455; baseline -0.004 -7"><span class='ocrx_word' id='word_1_600' title='bbox 409 4368 569 4422; x_wconf 62' lang='lat' dir='ltr'><strong>am&quot;</strong></span> <span class='ocrx_word' id='word_1_601' title='bbox 625 4374 805 4421; x_wconf 53' lang='lat' dir='ltr'><strong>tamen</strong></span> <span class='ocrx_word' id='word_1_602' title='bbox 862 4367 1022 4431; x_wconf 65' lang='lat' dir='ltr'><strong>alius’</strong></span> <span class='ocrx_word' id='word_1_603' title='bbox 1074 4367 1452 4421; x_wconf 61' lang='lat' dir='ltr'><strong>Theo‘lowms</strong></span> <span class='ocrx_word' id='word_1_604' title='bbox 1484 4382 1679 4437; x_wconf 71' lang='lat' dir='ltr'><strong>nempe</strong></span> <span class='ocrx_word' id='word_1_605' title='bbox 1709 4368 1981 4435; x_wconf 58' lang='lat' dir='ltr'><strong>acerbius:</strong></span> <span class='ocrx_word' id='word_1_606' title='bbox 2015 4384 2065 4443; x_wconf 88' lang='lat' dir='ltr'><strong>D</strong></span> <span class='ocrx_word' id='word_1_607' title='bbox 2088 4387 2416 4441; x_wconf 88' lang='lat' dir='ltr'><strong>miserabilis</strong></span> <span class='ocrx_word' id='word_1_608' title='bbox 2455 4385 2702 4455; x_wconf 64' lang='lat' dir='ltr'><strong>quaedam</strong></span> <span class='ocrx_word' id='word_1_609' title='bbox 2745 4383 3031 4438; x_wconf 89' lang='lat' dir='ltr'><strong>concursio</strong></span> <span class='ocrx_word' id='word_1_610' title='bbox 3072 4397 3378 4436; x_wconf 84' lang='lat' dir='ltr'><strong>causarum.</strong></span> <span class='ocrx_word' id='word_1_611' title='bbox 3412 4381 3540 4435; x_wconf 89' lang='lat' dir='ltr'><strong>Erat</strong></span> <span class='ocrx_word' id='word_1_612' title='bbox 3558 4381 3666 4451; x_wconf 83' lang='lat' dir='ltr'><strong>ipsi</strong></span> 
     </span>
    </p>
   </div>
   <div class='ocr_carea' id='block_1_91' title="bbox 411 4458 1982 4532">
    <p class='ocr_par' dir='ltr' id='par_1_91' title="bbox 411 4458 1982 4532">
     <span class='ocr_line' id='line_1_91' title="bbox 411 4458 1982 4532; baseline 0.001 -17"><span class='ocrx_word' id='word_1_613' title='bbox 411 4459 693 4516; x_wconf 84' lang='lat' dir='ltr'><strong>remissius</strong></span> <span class='ocrx_word' id='word_1_614' title='bbox 744 4458 991 4514; x_wconf 83' lang='lat' dir='ltr'><strong>Andreas</strong></span> <span class='ocrx_word' id='word_1_615' title='bbox 1028 4476 1041 4512; x_wconf 92' lang='lat'><strong>:</strong></span> <span class='ocrx_word' id='word_1_616' title='bbox 1096 4459 1366 4529; x_wconf 88' lang='lat' dir='ltr'><strong>siquidem</strong></span> <span class='ocrx_word' id='word_1_617' title='bbox 1404 4460 1495 4516; x_wconf 91' lang='lat' dir='ltr'><strong>ille</strong></span> <span class='ocrx_word' id='word_1_618' title='bbox 1523 4462 1785 4516; x_wconf 81' lang='lat' dir='ltr'><strong>conviciis</strong></span> <span class='ocrx_word' id='word_1_619' title='bbox 1818 4470 1982 4532; x_wconf 84' lang='lat' dir='ltr'><strong>atque</strong></span> 
     </span>
    </p>
   </div>
   <div class='ocr_carea' id='block_1_92' title="bbox 408 4550 1982 4627">
    <p class='ocr_par' dir='ltr' id='par_1_92' title="bbox 408 4550 1982 4627">
     <span class='ocr_line' id='line_1_92' title="bbox 408 4550 1982 4627; baseline 0.001 -22"><span class='ocrx_word' id='word_1_620' title='bbox 408 4552 587 4611; x_wconf 83' lang='lat' dir='ltr'><strong>etiam</strong></span> <span class='ocrx_word' id='word_1_621' title='bbox 602 4550 894 4605; x_wconf 87' lang='lat' dir='ltr'><strong>calumniis</strong></span> <span class='ocrx_word' id='word_1_622' title='bbox 929 4565 1038 4605; x_wconf 91' lang='lat' dir='ltr'><strong>non</strong></span> <span class='ocrx_word' id='word_1_623' title='bbox 1078 4550 1367 4627; x_wconf 83' lang='lat' dir='ltr'><strong>abstinuit,</strong></span> <span class='ocrx_word' id='word_1_624' title='bbox 1400 4551 1506 4607; x_wconf 92' lang='lat' dir='ltr'><strong>iste</strong></span> <span class='ocrx_word' id='word_1_625' title='bbox 1532 4553 1734 4622; x_wconf 90' lang='lat' dir='ltr'><strong>objecit</strong></span> <span class='ocrx_word' id='word_1_626' title='bbox 1769 4561 1982 4606; x_wconf 84' lang='lat' dir='ltr'><strong>tantum</strong></span> 
     </span>
    </p>
   </div>
   <div class='ocr_carea' id='block_1_93' title="bbox 410 4640 1983 4712">
    <p class='ocr_par' dir='ltr' id='par_1_93' title="bbox 410 4640 1983 4712">
     <span class='ocr_line' id='line_1_93' title="bbox 410 4640 1983 4712; baseline 0.003 -19"><span class='ocrx_word' id='word_1_627' title='bbox 410 4657 592 4706; x_wconf 89' lang='lat' dir='ltr'><strong>voces,</strong></span> <span class='ocrx_word' id='word_1_628' title='bbox 641 4656 778 4711; x_wconf 86' lang='lat' dir='ltr'><strong>quas</strong></span> <span class='ocrx_word' id='word_1_629' title='bbox 827 4649 1045 4712; x_wconf 84' lang='lat' dir='ltr'><strong>putaret</strong></span> <span class='ocrx_word' id='word_1_630' title='bbox 1077 4640 1477 4696; x_wconf 87' lang='lat' dir='ltr'><strong>inconsiderate</strong></span> <span class='ocrx_word' id='word_1_631' title='bbox 1506 4643 1765 4711; x_wconf 87' lang='lat' dir='ltr'><strong>prolatas.</strong></span> <span class='ocrx_word' id='word_1_632' title='bbox 1799 4643 1983 4698; x_wconf 87' lang='lat' dir='ltr'><strong>Theo-</strong></span> 
     </span>
    </p>
   </div>
   <div class='ocr_carea' id='block_1_94' title="bbox 409 4733 1981 4805">
    <p class='ocr_par' dir='ltr' id='par_1_94' title="bbox 409 4733 1981 4805">
     <span class='ocr_line' id='line_1_94' title="bbox 409 4733 1981 4805; baseline 0.003 -18"><span class='ocrx_word' id='word_1_633' title='bbox 409 4734 635 4787; x_wconf 87' lang='lat' dir='ltr'><strong>doretus</strong></span> <span class='ocrx_word' id='word_1_634' title='bbox 669 4733 930 4805; x_wconf 81' lang='lat' dir='ltr'><strong>Cyrillum</strong></span> <span class='ocrx_word' id='word_1_635' title='bbox 975 4733 1129 4787; x_wconf 82' lang='lat' dir='ltr'><strong>velut</strong></span> <span class='ocrx_word' id='word_1_636' title='bbox 1176 4733 1497 4788; x_wconf 69' lang='lat' dir='ltr'><strong>haareticum</strong></span> <span class='ocrx_word' id='word_1_637' title='bbox 1529 4750 1815 4805; x_wconf 86' lang='lat' dir='ltr'><strong>aggressus</strong></span> <span class='ocrx_word' id='word_1_638' title='bbox 1847 4747 1933 4791; x_wconf 91' lang='lat' dir='ltr'><strong>est</strong></span> <span class='ocrx_word' id='word_1_639' title='bbox 1964 4754 1981 4804; x_wconf 86' lang='lat'><strong>;</strong></span> 
     </span>
    </p>
   </div>
   <div class='ocr_carea' id='block_1_95' title="bbox 409 4824 1982 4896">
    <p class='ocr_par' dir='ltr' id='par_1_95' title="bbox 409 4824 1982 4896">
     <span class='ocr_line' id='line_1_95' title="bbox 409 4824 1982 4896; baseline 0.003 -19"><span class='ocrx_word' id='word_1_640' title='bbox 409 4824 674 4887; x_wconf 75' lang='lat' dir='ltr'><strong>Andreas,</strong></span> <span class='ocrx_word' id='word_1_641' title='bbox 706 4839 868 4893; x_wconf 89' lang='lat' dir='ltr'><strong>quem</strong></span> <span class='ocrx_word' id='word_1_642' title='bbox 918 4824 1249 4880; x_wconf 89' lang='lat' dir='ltr'><strong>catholicum</strong></span> <span class='ocrx_word' id='word_1_643' title='bbox 1302 4825 1650 4895; x_wconf 85' lang='lat' dir='ltr'><strong>agnoscebat,</strong></span> <span class='ocrx_word' id='word_1_644' title='bbox 1697 4842 1838 4896; x_wconf 90' lang='lat' dir='ltr'><strong>pene</strong></span> <span class='ocrx_word' id='word_1_645' title='bbox 1894 4828 1982 4882; x_wconf 90' lang='lat' dir='ltr'><strong>in-</strong></span> 
     </span>
    </p>
   </div>
   <div class='ocr_carea' id='block_1_96' title="bbox 408 4913 1976 4985">
    <p class='ocr_par' dir='ltr' id='par_1_96' title="bbox 408 4913 1976 4985">
     <span class='ocr_line' id='line_1_96' title="bbox 408 4913 1976 4985; baseline 0.006 -18"><span class='ocrx_word' id='word_1_646' title='bbox 408 4915 557 4969; x_wconf 84' lang='lat' dir='ltr'><strong>vitus</strong></span> <span class='ocrx_word' id='word_1_647' title='bbox 608 4913 880 4967; x_wconf 81' lang='lat' dir='ltr'><strong>vexabat:</strong></span> <span class='ocrx_word' id='word_1_648' title='bbox 924 4922 1087 4985; x_wconf 88' lang='lat' dir='ltr'><strong>atque</strong></span> <span class='ocrx_word' id='word_1_649' title='bbox 1138 4915 1268 4971; x_wconf 91' lang='lat' dir='ltr'><strong>hinc</strong></span> <span class='ocrx_word' id='word_1_650' title='bbox 1318 4914 1546 4970; x_wconf 84' lang='lat' dir='ltr'><strong>forsitan</strong></span> <span class='ocrx_word' id='word_1_651' title='bbox 1577 4916 1834 4973; x_wconf 81' lang='lat' dir='ltr'><strong>etl&#39;ectum</strong></span> <span class='ocrx_word' id='word_1_652' title='bbox 1893 4930 1976 4984; x_wconf 84' lang='lat' dir='ltr'><strong>ut,</strong></span> 
     </span>
    </p>
   </div>
   <div class='ocr_carea' id='block_1_97' title="bbox 406 5006 1984 5083">
    <p class='ocr_par' dir='ltr' id='par_1_97' title="bbox 406 5006 1984 5083">
     <span class='ocr_line' id='line_1_97' title="bbox 406 5006 1984 5083; baseline 0.005 -23"><span class='ocrx_word' id='word_1_653' title='bbox 406 5021 518 5077; x_wconf 88' lang='lat' dir='ltr'><strong>quo</strong></span> <span class='ocrx_word' id='word_1_654' title='bbox 564 5011 810 5074; x_wconf 87' lang='lat' dir='ltr'><strong>tempore</strong></span> <span class='ocrx_word' id='word_1_655' title='bbox 854 5006 1139 5061; x_wconf 90' lang='lat' dir='ltr'><strong>veniretur</strong></span> <span class='ocrx_word' id='word_1_656' title='bbox 1183 5008 1251 5063; x_wconf 89' lang='lat' dir='ltr'><strong>ad</strong></span> <span class='ocrx_word' id='word_1_657' title='bbox 1285 5010 1602 5074; x_wconf 88' lang='lat' dir='ltr'><strong>concilium,</strong></span> <span class='ocrx_word' id='word_1_658' title='bbox 1631 5011 1726 5081; x_wconf 91' lang='lat' dir='ltr'><strong>qui</strong></span> <span class='ocrx_word' id='word_1_659' title='bbox 1756 5026 1984 5083; x_wconf 87' lang='lat' dir='ltr'><strong>campus</strong></span> 
     </span>
    </p>
   </div>
   <div class='ocr_carea' id='block_1_98' title="bbox 407 5096 1983 5173">
    <p class='ocr_par' dir='ltr' id='par_1_98' title="bbox 407 5096 1983 5173">
     <span class='ocr_line' id='line_1_98' title="bbox 407 5096 1983 5173; baseline 0.005 -22"><span class='ocrx_word' id='word_1_660' title='bbox 407 5096 630 5167; x_wconf 83' lang='lat' dir='ltr'><strong>quidam</strong></span> <span class='ocrx_word' id='word_1_661' title='bbox 676 5097 996 5153; x_wconf 87' lang='lat' dir='ltr'><strong>certaminis</strong></span> <span class='ocrx_word' id='word_1_662' title='bbox 1046 5097 1264 5154; x_wconf 88' lang='lat' dir='ltr'><strong>futurus</strong></span> <span class='ocrx_word' id='word_1_663' title='bbox 1295 5111 1435 5166; x_wconf 90' lang='lat' dir='ltr'><strong>erat,</strong></span> <span class='ocrx_word' id='word_1_664' title='bbox 1472 5101 1727 5173; x_wconf 85' lang='lat' dir='ltr'><strong>Cyrensis</strong></span> <span class='ocrx_word' id='word_1_665' title='bbox 1758 5103 1983 5159; x_wconf 89' lang='lat' dir='ltr'><strong>advola-</strong></span> 
     </span>
    </p>
   </div>
   <div class='ocr_carea' id='block_1_99' title="bbox 406 5188 1985 5260">
    <p class='ocr_par' dir='ltr' id='par_1_99' title="bbox 406 5188 1985 5260">
     <span class='ocr_line' id='line_1_99' title="bbox 406 5188 1985 5260; baseline 0.005 -19"><span class='ocrx_word' id='word_1_666' title='bbox 406 5189 553 5242; x_wconf 84' lang='lat' dir='ltr'><strong>verit</strong></span> <span class='ocrx_word' id='word_1_667' title='bbox 600 5203 793 5260; x_wconf 70' lang='lat' dir='ltr'><strong>pugna:</strong></span> <span class='ocrx_word' id='word_1_668' title='bbox 843 5188 1058 5255; x_wconf 89' lang='lat' dir='ltr'><strong>avidus,</strong></span> <span class='ocrx_word' id='word_1_669' title='bbox 1112 5188 1500 5248; x_wconf 87' lang='lat' dir='ltr'><strong>Sam’osatenus</strong></span> <span class='ocrx_word' id='word_1_670' title='bbox 1530 5193 1783 5249; x_wconf 91' lang='lat' dir='ltr'><strong>morbum</strong></span> <span class='ocrx_word' id='word_1_671' title='bbox 1816 5194 1985 5249; x_wconf 86' lang='lat' dir='ltr'><strong>simu-</strong></span> 
     </span>
    </p>
   </div>
   <div class='ocr_carea' id='block_1_100' title="bbox 406 5279 1986 5346">
    <p class='ocr_par' dir='ltr' id='par_1_100' title="bbox 406 5279 1986 5346">
     <span class='ocr_line' id='line_1_100' title="bbox 406 5279 1986 5346; baseline 0.004 -11"><span class='ocrx_word' id='word_1_672' title='bbox 406 5279 623 5343; x_wconf 85' lang='lat' dir='ltr'><strong>laverit,</strong></span> <span class='ocrx_word' id='word_1_673' title='bbox 657 5295 725 5335; x_wconf 88' lang='lat' dir='ltr'><strong>ue</strong></span> <span class='ocrx_word' id='word_1_674' title='bbox 754 5281 971 5336; x_wconf 83' lang='lat' dir='ltr'><strong>veniret</strong></span> <span class='ocrx_word' id='word_1_675' title='bbox 1008 5290 1097 5346; x_wconf 87' lang='lat' dir='ltr'><strong>eo,</strong></span> <span class='ocrx_word' id='word_1_676' title='bbox 1122 5281 1217 5337; x_wconf 90' lang='lat' dir='ltr'><strong>ubi</strong></span> <span class='ocrx_word' id='word_1_677' title='bbox 1240 5284 1540 5339; x_wconf 88' lang='lat' dir='ltr'><strong>necessitas</strong></span> <span class='ocrx_word' id='word_1_678' title='bbox 1571 5284 1713 5341; x_wconf 90' lang='lat' dir='ltr'><strong>foret</strong></span> <span class='ocrx_word' id='word_1_679' title='bbox 1735 5286 1986 5341; x_wconf 89' lang='lat' dir='ltr'><strong>veritatis</strong></span> 
     </span>
    </p>
   </div>
   <div class='ocr_carea' id='block_1_101' title="bbox 404 5362 1984 5445">
    <p class='ocr_par' dir='ltr' id='par_1_101' title="bbox 404 5362 1984 5445">
     <span class='ocr_line' id='line_1_101' title="bbox 404 5362 1984 5445; baseline 0.004 -21"><span class='ocrx_word' id='word_1_680' title='bbox 404 5362 811 5440; x_wconf 64' lang='lat' dir='ltr'><strong>impugnanda.</strong></span> <span class='ocrx_word' id='word_1_681' title='bbox 862 5369 937 5424; x_wconf 90' lang='lat' dir='ltr'><strong>Ita</strong></span> <span class='ocrx_word' id='word_1_682' title='bbox 982 5368 1049 5427; x_wconf 82' lang='lat' dir='ltr'><strong>de</strong></span> <span class='ocrx_word' id='word_1_683' title='bbox 1098 5369 1319 5430; x_wconf 76' lang='lat' dir='ltr'><strong>Andrea</strong></span> <span class='ocrx_word' id='word_1_684' title='bbox 1361 5373 1576 5444; x_wconf 88' lang='lat' dir='ltr'><strong>opinari</strong></span> <span class='ocrx_word' id='word_1_685' title='bbox 1620 5389 1720 5445; x_wconf 86' lang='lat' dir='ltr'><strong>par</strong></span> <span class='ocrx_word' id='word_1_686' title='bbox 1738 5384 1907 5441; x_wconf 91' lang='lat' dir='ltr'><strong>esset,</strong></span> <span class='ocrx_word' id='word_1_687' title='bbox 1937 5376 1984 5432; x_wconf 92' lang='lat' dir='ltr'><strong>si</strong></span> 
     </span>
    </p>
   </div>
   <div class='ocr_carea' id='block_1_102' title="bbox 2087 4473 3668 4542">
    <p class='ocr_par' dir='ltr' id='par_1_102' title="bbox 2087 4473 3668 4542">
     <span class='ocr_line' id='line_1_102' title="bbox 2087 4473 3668 4542; baseline -0.004 -10"><span class='ocrx_word' id='word_1_688' title='bbox 2087 4494 2119 4532; x_wconf 91' lang='lat' dir='ltr'><strong>a</strong></span> <span class='ocrx_word' id='word_1_689' title='bbox 2160 4489 2377 4542; x_wconf 87' lang='lat' dir='ltr'><strong>natura,</strong></span> <span class='ocrx_word' id='word_1_690' title='bbox 2425 4487 2485 4531; x_wconf 90' lang='lat' dir='ltr'><strong>ut</strong></span> <span class='ocrx_word' id='word_1_691' title='bbox 2525 4477 2734 4531; x_wconf 89' lang='lat' dir='ltr'><strong>dictum</strong></span> <span class='ocrx_word' id='word_1_692' title='bbox 2769 4484 2872 4538; x_wconf 89' lang='lat' dir='ltr'><strong>est,</strong></span> <span class='ocrx_word' id='word_1_693' title='bbox 2918 4475 3134 4529; x_wconf 90' lang='lat' dir='ltr'><strong>animus</strong></span> <span class='ocrx_word' id='word_1_694' title='bbox 3180 4474 3449 4536; x_wconf 85' lang='lat' dir='ltr'><strong>excelsus,</strong></span> <span class='ocrx_word' id='word_1_695' title='bbox 3479 4473 3668 4527; x_wconf 89' lang='lat' dir='ltr'><strong>animo</strong></span> 
     </span>
    </p>
   </div>
   <div class='ocr_carea' id='block_1_103' title="bbox 2087 4564 3670 4639">
    <p class='ocr_par' dir='ltr' id='par_1_103' title="bbox 2087 4564 3670 4639">
     <span class='ocr_line' id='line_1_103' title="bbox 2087 4564 3670 4639; baseline -0.003 -17"><span class='ocrx_word' id='word_1_696' title='bbox 2087 4568 2370 4639; x_wconf 89' lang='lat' dir='ltr'><strong>ingenium</strong></span> <span class='ocrx_word' id='word_1_697' title='bbox 2424 4584 2523 4637; x_wconf 87' lang='lat' dir='ltr'><strong>par</strong></span> <span class='ocrx_word' id='word_1_698' title='bbox 2565 4577 2620 4622; x_wconf 92' lang='lat' dir='ltr'><strong>et</strong></span> <span class='ocrx_word' id='word_1_699' title='bbox 2656 4569 2998 4637; x_wconf 82' lang='lat' dir='ltr'><strong>praecellens,</strong></span> <span class='ocrx_word' id='word_1_700' title='bbox 3042 4565 3264 4634; x_wconf 86' lang='lat' dir='ltr'><strong>utrique</strong></span> <span class='ocrx_word' id='word_1_701' title='bbox 3307 4564 3536 4633; x_wconf 66' lang='lat' dir='ltr'><strong>aequalis</strong></span> <span class='ocrx_word' id='word_1_702' title='bbox 3583 4564 3670 4618; x_wconf 84' lang='lat' dir='ltr'><strong>vis</strong></span> 
     </span>
    </p>
   </div>
   <div class='ocr_carea' id='block_1_104' title="bbox 2085 4651 3669 4725">
    <p class='ocr_par' dir='ltr' id='par_1_104' title="bbox 2085 4651 3669 4725">
     <span class='ocr_line' id='line_1_104' title="bbox 2085 4651 3669 4725; baseline -0.003 -15"><span class='ocrx_word' id='word_1_703' title='bbox 2085 4655 2436 4725; x_wconf 68' lang='lat' dir='ltr'><strong>eloquentiae.</strong></span> <span class='ocrx_word' id='word_1_704' title='bbox 2493 4654 2644 4708; x_wconf 91' lang='lat' dir='ltr'><strong>Fecit</strong></span> <span class='ocrx_word' id='word_1_705' title='bbox 2701 4654 2990 4709; x_wconf 84' lang='lat' dir='ltr'><strong>excelsitas</strong></span> <span class='ocrx_word' id='word_1_706' title='bbox 3047 4651 3249 4715; x_wconf 89' lang='lat' dir='ltr'><strong>animi,</strong></span> <span class='ocrx_word' id='word_1_707' title='bbox 3317 4660 3377 4705; x_wconf 90' lang='lat' dir='ltr'><strong>ut</strong></span> <span class='ocrx_word' id='word_1_708' title='bbox 3424 4651 3669 4705; x_wconf 85' lang='lat' dir='ltr'><strong>humana</strong></span> 
     </span>
    </p>
   </div>
   <div class='ocr_carea' id='block_1_105' title="bbox 2087 4740 3667 4810">
    <p class='ocr_par' dir='ltr' id='par_1_105' title="bbox 2087 4740 3667 4810">
     <span class='ocr_line' id='line_1_105' title="bbox 2087 4740 3667 4810; baseline 0 -16"><span class='ocrx_word' id='word_1_709' title='bbox 2087 4748 2284 4795; x_wconf 89' lang='lat' dir='ltr'><strong>cuncta</strong></span> <span class='ocrx_word' id='word_1_710' title='bbox 2342 4740 2670 4810; x_wconf 90' lang='lat' dir='ltr'><strong>despiceret,</strong></span> <span class='ocrx_word' id='word_1_711' title='bbox 2726 4750 2926 4810; x_wconf 65' lang='lat' dir='ltr'><strong>praeter</strong></span> <span class='ocrx_word' id='word_1_712' title='bbox 2977 4740 3247 4810; x_wconf 88' lang='lat' dir='ltr'><strong>gloriam:</strong></span> <span class='ocrx_word' id='word_1_713' title='bbox 3294 4740 3667 4809; x_wconf 63' lang='lat' dir='ltr'><strong>praecellentia</strong></span> 
     </span>
    </p>
   </div>
   <div class='ocr_carea' id='block_1_106' title="bbox 2088 4826 3674 4899">
    <p class='ocr_par' dir='ltr' id='par_1_106' title="bbox 2088 4826 3674 4899">
     <span class='ocr_line' id='line_1_106' title="bbox 2088 4826 3674 4899; baseline -0.001 -17"><span class='ocrx_word' id='word_1_714' title='bbox 2088 4828 2314 4899; x_wconf 87' lang='lat' dir='ltr'><strong>ingenii,</strong></span> <span class='ocrx_word' id='word_1_715' title='bbox 2355 4837 2415 4882; x_wconf 91' lang='lat' dir='ltr'><strong>ut</strong></span> <span class='ocrx_word' id='word_1_716' title='bbox 2450 4829 2695 4884; x_wconf 86' lang='lat' dir='ltr'><strong>scientiis</strong></span> <span class='ocrx_word' id='word_1_717' title='bbox 2731 4835 2967 4883; x_wconf 88' lang='lat' dir='ltr'><strong>mentem</strong></span> <span class='ocrx_word' id='word_1_718' title='bbox 2998 4836 3199 4896; x_wconf 68' lang='lat' dir='ltr'><strong>praeter</strong></span> <span class='ocrx_word' id='word_1_719' title='bbox 3220 4826 3442 4881; x_wconf 90' lang='lat' dir='ltr'><strong>modum</strong></span> <span class='ocrx_word' id='word_1_720' title='bbox 3474 4826 3674 4896; x_wconf 88' lang='lat' dir='ltr'><strong>imple-</strong></span> 
     </span>
    </p>
   </div>
   <div class='ocr_carea' id='block_1_107' title="bbox 2090 4917 3672 4990">
    <p class='ocr_par' dir='ltr' id='par_1_107' title="bbox 2090 4917 3672 4990">
     <span class='ocr_line' id='line_1_107' title="bbox 2090 4917 3672 4990; baseline 0 -17"><span class='ocrx_word' id='word_1_721' title='bbox 2090 4928 2194 4985; x_wconf 89' lang='lat' dir='ltr'><strong>ret,</strong></span> <span class='ocrx_word' id='word_1_722' title='bbox 2247 4928 2304 4975; x_wconf 90' lang='lat' dir='ltr'><strong>et</strong></span> <span class='ocrx_word' id='word_1_723' title='bbox 2344 4921 2500 4990; x_wconf 86' lang='lat' dir='ltr'><strong>quasi</strong></span> <span class='ocrx_word' id='word_1_724' title='bbox 2552 4920 2768 4976; x_wconf 84' lang='lat' dir='ltr'><strong>inﬂaret</strong></span> <span class='ocrx_word' id='word_1_725' title='bbox 2806 4939 2817 4974; x_wconf 92' lang='lat'><strong>:</strong></span> <span class='ocrx_word' id='word_1_726' title='bbox 2848 4920 2932 4974; x_wconf 86' lang='lat' dir='ltr'><strong>vis</strong></span> <span class='ocrx_word' id='word_1_727' title='bbox 2963 4918 3311 4988; x_wconf 75' lang='lat' dir='ltr'><strong>eloquentiae,</strong></span> <span class='ocrx_word' id='word_1_728' title='bbox 3338 4926 3399 4973; x_wconf 89' lang='lat' dir='ltr'><strong>ut</strong></span> <span class='ocrx_word' id='word_1_729' title='bbox 3423 4917 3672 4973; x_wconf 87' lang='lat' dir='ltr'><strong>Orientis</strong></span> 
     </span>
    </p>
   </div>
   <div class='ocr_carea' id='block_1_108' title="bbox 2089 5011 3671 5081">
    <p class='ocr_par' dir='ltr' id='par_1_108' title="bbox 2089 5011 3671 5081">
     <span class='ocr_line' id='line_1_108' title="bbox 2089 5011 3671 5081; baseline -0.001 -14"><span class='ocrx_word' id='word_1_730' title='bbox 2089 5013 2416 5068; x_wconf 88' lang='lat' dir='ltr'><strong>miraculum</strong></span> <span class='ocrx_word' id='word_1_731' title='bbox 2446 5012 2683 5076; x_wconf 90' lang='lat' dir='ltr'><strong>audiret,</strong></span> <span class='ocrx_word' id='word_1_732' title='bbox 2715 5020 2771 5066; x_wconf 92' lang='lat' dir='ltr'><strong>et</strong></span> <span class='ocrx_word' id='word_1_733' title='bbox 2793 5011 2939 5081; x_wconf 89' lang='lat' dir='ltr'><strong>quod</strong></span> <span class='ocrx_word' id='word_1_734' title='bbox 2980 5012 3281 5065; x_wconf 88' lang='lat' dir='ltr'><strong>humanum</strong></span> <span class='ocrx_word' id='word_1_735' title='bbox 3317 5018 3422 5074; x_wconf 88' lang='lat' dir='ltr'><strong>est,</strong></span> <span class='ocrx_word' id='word_1_736' title='bbox 3474 5011 3671 5066; x_wconf 82' lang='lat' dir='ltr'><strong>dicen-</strong></span> 
     </span>
    </p>
   </div>
   <div class='ocr_carea' id='block_1_109' title="bbox 2092 5105 2531 5161">
    <p class='ocr_par' dir='ltr' id='par_1_109' title="bbox 2092 5105 2531 5161">
     <span class='ocr_line' id='line_1_109' title="bbox 2092 5105 2531 5161; baseline 0 -2"><span class='ocrx_word' id='word_1_737' title='bbox 2092 5105 2239 5161; x_wconf 90' lang='lat' dir='ltr'><strong>tibus</strong></span> <span class='ocrx_word' id='word_1_738' title='bbox 2260 5105 2531 5160; x_wconf 85' lang='lat' dir='ltr'><strong>crederet.</strong></span> 
     </span>
    </p>
   </div>
   <div class='ocr_carea' id='block_1_110' title="bbox 2162 5195 3672 5267">
    <p class='ocr_par' dir='ltr' id='par_1_110' title="bbox 2162 5195 3672 5267">
     <span class='ocr_line' id='line_1_110' title="bbox 2162 5195 3672 5267; baseline 0.001 -18"><span class='ocrx_word' id='word_1_739' title='bbox 2162 5195 2315 5251; x_wconf 80' lang='lat' dir='ltr'><strong>Hanc</strong></span> <span class='ocrx_word' id='word_1_740' title='bbox 2371 5196 2611 5251; x_wconf 90' lang='lat' dir='ltr'><strong>indolem</strong></span> <span class='ocrx_word' id='word_1_741' title='bbox 2667 5196 2820 5251; x_wconf 81' lang='lat' dir='ltr'><strong>auxit</strong></span> <span class='ocrx_word' id='word_1_742' title='bbox 2881 5196 3267 5267; x_wconf 86' lang='lat' dir='ltr'><strong>magistrorum</strong></span> <span class='ocrx_word' id='word_1_743' title='bbox 3320 5196 3672 5251; x_wconf 88' lang='lat' dir='ltr'><strong>consuetudo</strong></span> 
     </span>
    </p>
   </div>
   <div class='ocr_carea' id='block_1_111' title="bbox 2090 5285 3673 5356">
    <p class='ocr_par' dir='ltr' id='par_1_111' title="bbox 2090 5285 3673 5356">
     <span class='ocr_line' id='line_1_111' title="bbox 2090 5285 3673 5356; baseline -0.001 -14"><span class='ocrx_word' id='word_1_744' title='bbox 2090 5296 2256 5356; x_wconf 85' lang='lat' dir='ltr'><strong>atque</strong></span> <span class='ocrx_word' id='word_1_745' title='bbox 2277 5286 2566 5342; x_wconf 82' lang='lat' dir='ltr'><strong>admiratio</strong></span> <span class='ocrx_word' id='word_1_746' title='bbox 2594 5304 2606 5339; x_wconf 95' lang='lat'><strong>:</strong></span> <span class='ocrx_word' id='word_1_747' title='bbox 2633 5302 2757 5342; x_wconf 91' lang='lat' dir='ltr'><strong>cum</strong></span> <span class='ocrx_word' id='word_1_748' title='bbox 2783 5286 3033 5341; x_wconf 87' lang='lat' dir='ltr'><strong>doctrina</strong></span> <span class='ocrx_word' id='word_1_749' title='bbox 3055 5286 3201 5341; x_wconf 90' lang='lat' dir='ltr'><strong>enim</strong></span> <span class='ocrx_word' id='word_1_750' title='bbox 3223 5285 3438 5340; x_wconf 91' lang='lat' dir='ltr'><strong>imbibit</strong></span> <span class='ocrx_word' id='word_1_751' title='bbox 3464 5285 3673 5341; x_wconf 83' lang='lat' dir='ltr'><strong>utrius-</strong></span> 
     </span>
    </p>
   </div>
   <div class='ocr_carea' id='block_1_112' title="bbox 2090 5376 3667 5449">
    <p class='ocr_par' dir='ltr' id='par_1_112' title="bbox 2090 5376 3667 5449">
     <span class='ocr_line' id='line_1_112' title="bbox 2090 5376 3667 5449; baseline 0.001 -18"><span class='ocrx_word' id='word_1_752' title='bbox 2090 5391 2198 5447; x_wconf 90' lang='lat' dir='ltr'><strong>que</strong></span> <span class='ocrx_word' id='word_1_753' title='bbox 2226 5391 2448 5432; x_wconf 90' lang='lat' dir='ltr'><strong>mores:</strong></span> <span class='ocrx_word' id='word_1_754' title='bbox 2489 5393 2521 5432; x_wconf 86' lang='lat' dir='ltr'><strong>a</strong></span> <span class='ocrx_word' id='word_1_755' title='bbox 2554 5377 2848 5433; x_wconf 89' lang='lat' dir='ltr'><strong>Theodoro</strong></span> <span class='ocrx_word' id='word_1_756' title='bbox 2883 5377 3078 5432; x_wconf 91' lang='lat' dir='ltr'><strong>didicit</strong></span> <span class='ocrx_word' id='word_1_757' title='bbox 3098 5392 3306 5447; x_wconf 87' lang='lat' dir='ltr'><strong>paucos</strong></span> <span class='ocrx_word' id='word_1_758' title='bbox 3336 5376 3667 5449; x_wconf 83' lang='lat' dir='ltr'><strong>suspicere;</strong></span> 
     </span>
    </p>
   </div>
   <div class='ocr_carea' id='block_1_113' title="bbox 1751 5532 2348 5591">
    <p class='ocr_par' dir='ltr' id='par_1_113' title="bbox 1751 5532 2348 5591">
     <span class='ocr_line' id='line_1_113' title="bbox 1751 5532 2348 5591; baseline 0 -2"><span class='ocrx_word' id='word_1_759' title='bbox 1751 5532 2075 5591; x_wconf 79' lang='lat' dir='ltr'><strong>SCHULZII</strong></span> <span class='ocrx_word' id='word_1_760' title='bbox 2114 5532 2348 5590; x_wconf 60' lang='lat' dir='ltr'><strong>NOTAE.</strong></span> 
     </span>
    </p>
   </div>
   <div class='ocr_carea' id='block_1_114' title="bbox 479 5647 3029 5738">
    <p class='ocr_par' dir='ltr' id='par_1_114' title="bbox 479 5647 3029 5738">
     <span class='ocr_line' id='line_1_114' title="bbox 479 5647 3029 5738; baseline -0.001 -17"><span class='ocrx_word' id='word_1_761' title='bbox 479 5647 524 5680; x_wconf 83' lang='grc'><strong><em>³⁸</em></strong></span> <span class='ocrx_word' id='word_1_762' title='bbox 552 5662 711 5721; x_wconf 81' lang='lat' dir='ltr'><strong>Parte</strong></span> <span class='ocrx_word' id='word_1_763' title='bbox 734 5679 773 5719; x_wconf 86' lang='grc' dir='ltr'><strong><em>ιι</em></strong></span> <span class='ocrx_word' id='word_1_764' title='bbox 803 5662 1046 5735; x_wconf 75' lang='lat' dir='ltr'><strong>Operam</strong></span> <span class='ocrx_word' id='word_1_765' title='bbox 1080 5664 1233 5722; x_wconf 76' lang='lat' dir='ltr'><strong>Marii</strong></span> <span class='ocrx_word' id='word_1_766' title='bbox 1271 5666 1609 5724; x_wconf 71' lang='lat' dir='ltr'><strong>Mercatoris.</strong></span> <span class='ocrx_word' id='word_1_767' title='bbox 1640 5666 1720 5738; x_wconf 86' lang='lat' dir='ltr'><strong>(P.</strong></span> <span class='ocrx_word' id='word_1_768' title='bbox 1752 5664 1814 5721; x_wconf 86' lang='grc'><strong>81</strong></span> <span class='ocrx_word' id='word_1_769' title='bbox 1856 5666 1991 5722; x_wconf 89' lang='lat' dir='ltr'><strong>edit.</strong></span> <span class='ocrx_word' id='word_1_770' title='bbox 2026 5663 2241 5736; x_wconf 86' lang='lat' dir='ltr'><strong>Garn.).</strong></span> <span class='ocrx_word' id='word_1_771' title='bbox 2319 5667 2362 5701; x_wconf 81' lang='grc'><strong>⁸⁷</strong></span> <span class='ocrx_word' id='word_1_772' title='bbox 2387 5665 2447 5722; x_wconf 89' lang='lat' dir='ltr'><strong>1n</strong></span> <span class='ocrx_word' id='word_1_773' title='bbox 2477 5662 2720 5735; x_wconf 80' lang='lat' dir='ltr'><strong>Hodego,</strong></span> <span class='ocrx_word' id='word_1_774' title='bbox 2769 5678 2889 5734; x_wconf 89' lang='lat' dir='ltr'><strong>cap.</strong></span> <span class='ocrx_word' id='word_1_775' title='bbox 2937 5663 3029 5719; x_wconf 75' lang='lat'><strong>22.</strong></span> 
     </span>
    </p>
   </div>
  </div>
