3950 6226
242 298 322 366 ιω

1414 294 1781 359 HISTORIA
1815 291 2326 356 THEODORETI.

3371 289 3476 357 11.0

241 429 266 466 a
285 408 684 482 Chrysostomo,
715 408 998 465 neminem
1025 407 1205 465 vereri
1232 425 1248 475 ;
1282 407 1352 464 ab
1380 416 1637 478 utroque,
1672 420 1799 463 cum
1827 412 1875 468 Α
1902 406 2054 462 misit
2090 406 2260 462 etiam
2298 403 2368 463 ad
2411 403 2743 461 monasteria
2770 403 3061 475 epistolam
3094 403 3161 470 ³⁸,
3197 419 3303 476 qua
3334 405 3475 464 nihil

240 502 467 560 omnibus
494 501 676 558 libere
698 501 858 571 loqui
890 519 905 555 :
935 508 1175 556 tractum
1209 516 1240 556 a
1272 499 1568 555 Theodoro
1595 497 1795 554 vitium

240 595 381 652 crevit
404 593 720 666 plausibus,
755 593 936 648 virtus
963 609 995 648 a
1021 591 1413 664 Chrysostomo
1436 598 1662 661 accepta
1685 603 1795 645 non

239 701 287 742 se
311 685 574 741 continuit
606 686 753 740 intra
786 685 1031 739 modum.

295 776 584 833 lla>reticos
626 780 1012 847 cujuscunque
1061 773 1312 845 generis,
1360 771 1612 837 Arianos,
1657 767 1801 825 Mar-

239 869 468 934 cionitas,
495 867 950 933 Macedonianos,
973 864 1412 937 Apollinaristas,
1448 862 1798 933 reliquosque

240 958 377 1030 155
396 958 676 1013 continuis
700 957 906 1028 praaliis
926 955 1179 1027 fregerat.
1204 955 1395 1025 Magna
1413 952 1540 1008 inde
1561 950 1800 1006 nominis

238 1051 408 1122 gloria,
448 1064 760 1120 magnaque
807 1049 895 1104 sui
937 1047 1246 1104 securitas:
1292 1060 1486 1116 passus
1512 1052 1617 1109 est,
1646 1039 1794 1114 quod

236 1142 465 1212 perpetui
502 1141 938 1211 triumphatores
980 1139 1179 1204 solent,
1215 1138 1390 1191 voluit
1413 1151 1538 1192 cum
1568 1134 1799 1190 nobilis-

234 1232 369 1288 simis
413 1231 733 1302 quibusque
774 1230 926 1285 vires
957 1245 1084 1285 suas
1113 1228 1375 1301 experiri.
1404 1226 1675 1283 Ardorem
1698 1241 1800 1297 pu-

233 1323 415 1395 gnandi
458 1322 802 1377 accendebat
843 1331 1016 1378 aetas:
1066 1337 1179 1376 non
1220 1321 1456 1376 multum
1490 1319 1638 1373 enim
1665 1333 1800 1388 qua—

232 1412 586 1482 dragesimum
618 1428 829 1466 annum
861 1420 1194 1477 excesserat,
1238 1425 1349 1480 quo
1382 1417 1628 1478 tempore
1679 1421 1799 1461 ma-

232 1502 456 1575 gnanimi
474 1501 667 1574 gloriae
686 1517 877 1556 amore
898 1502 1133 1556 maxime
1154 1506 1451 1570 tanguntur
1472 1514 1487 1565 ;
1516 1496 1800 1568 ingerebat

231 1610 337 1649 sese
374 1593 599 1649 occasio
647 1593 994 1664 optatissima
1043 1590 1398 1646 conserendae
1432 1602 1627 1658 pugna:
1671 1600 1798 1641 cum

231 1681 414 1755 σιτίΠο
433 1684 742 1740 multarum
768 1685 1073 1755 palmarum
1099 1682 1261 1746 duce,
1291 1694 1468 1750 eoque
1491 1678 1660 1732 totius
1683 1677 1799 1733 fere

230 1774 367 1831 orbis
394 1774 745 1838 doctissimo,
779 1781 838 1829 et
878 1781 1061 1828 tamen
1098 1778 1411 1843 opportuno
1451 1767 1795 1833 vulneribus,
1828 1756 1871 1812 Β

231 1875 284 1920 ut
305 1866 404 1937 ipsi
429 1865 660 1935 quidem
699 1864 1013 1921 videbatur.

286 1957 536 2012 Audendi
581 1971 751 2011 causa
779 1971 890 2009 non
930 1962 1142 2009 tantum
1170 1953 1420 2020 honesta,
1447 1954 1624 2010 amico
1646 1953 1800 2009 labo-

231 2050 359 2104 ranti
403 2063 571 2119 opem
622 2047 791 2111 ferre,
858 2045 955 2101 sed
1004 2045 1170 2100 etiam
1221 2046 1498 2117 religiosa,
1528 2047 1798 2103 obsistere

231 2139 421 2195 homini
448 2148 641 2210 partes
661 2137 988 2209 Apollinarii
1044 2136 1101 2192 in
1138 2136 1380 2207 speciem
1424 2139 1621 2194 tuenti.
1666 2138 1800 2196 Pul-

231 2233 409 2288 chrum
447 2239 571 2287 erat
596 2230 850 2286 auxiliari
875 2228 1150 2294 Nestorio,
1175 2229 1329 2284 urbis
1353 2230 1515 2300 regia:
1542 2230 1797 2296 antistiti,

230 2323 351 2378 aulae
397 2322 672 2393 gratioso,
711 2328 768 2376 et
793 2318 958 2374 simul
992 2332 1308 2389 oppugnare
1332 2318 1618 2391 Cyrillum,
1645 2320 1803 2391 cujus

229 2414 481 2484 petentia,
512 2427 629 2483 quo
657 2412 834 2481 major
855 2408 924 2465 ab
950 2408 1263 2469 Occidentis
1305 2408 1515 2474 favore,
1555 2425 1622 2465 eo
1658 2410 1800 2465 invi-

228 2505 421 2562 diosior
460 2503 702 2569 Orienti,
738 2513 903 2572 atque
932 2502 1065 2573 ipsis
1094 2500 1523 2572 imperatoribus
1543 2501 1804 2557 formida-

228 2599 395 2654 bilior.
443 2597 694 2668 Urgebat
736 2596 984 2666 praesulis
1029 2594 1347 2650 mandatum
1383 2611 1398 2648 :
1432 2596 1522 2651 cui
1585 2611 1800 2666 parere,

227 2693 396 2762 pium;
422 2690 728 2752 obsistere,
755 2688 1012 2741 intutum.
1030 2683 1530 2742 Anathematismos
1552 2702 1801 2758 arguere,
1826 2682 1834 2689 ’

226 2783 343 2853 quid
371 2780 523 2837 aliud
557 2779 774 2833 homini
808 2777 887 2833 sic
911 2776 1109 2831 affecto
1154 2776 1462 2841 videretur,
1504 2794 1669 2847 quam
1727 2779 1806 2833 la-

224 2890 424 2930 cessere
472 2886 743 2944 pugnam,
803 2886 926 2940 quze.
972 2869 1105 2924 orbe
1151 2877 1266 2924 toto
1331 2878 1612 2939 spectante
1676 2886 1804 2942 per-

224 2965 420 3037 agenda
448 2963 647 3021 esset?
674 2962 978 3016 Vocaverat
1025 2961 1172 3015 enim
1209 2961 1507 3031 imperator
1534 2961 1599 3015 ad
1646 2977 1807 3033 syne-

224 3057 339 3112 dum
391 3056 776 3125 undequaque
827 3063 1096 3107 terrarum
1149 3051 1485 3121 episcopos:
1540 3051 1800 3107 decorum
1832 3088 1873 3143 Ο

220 3160 327 3205 erat
377 3151 435 3204 in
493 3156 648 3203 coetu
710 3145 959 3198 omnium
1021 3142 1383 3198 celeberrimo
1431 3144 1802 3213 eloquentiam

220 3249 512 3304 ostentare,
533 3237 712 3292 totius
738 3234 853 3290 fere
888 3234 1140 3289 Ecclesiae
1166 3231 1543 3288 doctissimum
1579 3232 1807 3288 haeresis

222 3348 367 3388 nam
402 3332 615 3395 facere,
647 3327 840 3400 primae
882 3334 1008 3397 post
1046 3324 1346 3381 Romanam
1398 3326 1547 3381 sedis
1590 3325 1806 3396 episco-

223 3441 338 3496 pum
378 3426 449 3480 de
485 3424 697 3478 throno
729 3420 992 3490 dejicere,
1034 3419 1235 3474 summi
1270 3419 1543 3488 pontificis
1569 3419 1805 3489 legatum

224 3516 273 3571 in
314 3517 575 3573 ordinem
630 3513 903 3585 redigere.
964 3510 1106 3579 Quid
1161 3511 1372 3565 multa?
1420 3510 1805 3565 illecebrosum

223 3614 351 3672 erat,
376 3607 487 3663 dici
512 3605 729 3675 ubique
753 3616 1050 3668 terrarum,
1073 3602 1221 3672 quod
1247 3602 1457 3657 solebat
1476 3601 1804 3668 Antiochiae,

221 3699 546 3771 eloquentia:
573 3696 929 3759 miraculum,
950 3700 1006 3748 et
1025 3692 1290 3749 doctrinae
1305 3694 1639 3765 prodigium.
1660 3694 1805 3757 Haec,

222 3806 337 3862 qua
370 3791 555 3846 divisa
600 3793 836 3860 possunt
877 3785 1385 3840 eonstantissimum
1419 3800 1693 3856 quemque
1724 3786 1808 3840 la-

222 3881 521 3945 befactare,
570 3881 871 3950 conjuncta
924 3876 1207 3931 hominem
1275 3876 1362 3930 sui
1417 3876 1808 3931 aestimatorem

220 3983 447 4043 egerunt
482 3969 831 4043 praecipitem
862 3981 952 4032 eo,
992 3980 1101 4036 quo
1151 3964 1413 4035 superbia
1467 3966 1607 4020 solet
1660 3966 1810 4021 viros

222 4065 301 4119 vel
327 4064 465 4134 ipsis
505 4060 719 4131 angelis
748 4075 929 4129 pares.

283 4156 407 4211 Non
457 4169 659 4211 vanam
708 4152 854 4207 hanc
903 4166 1025 4207 esse
1076 4165 1254 4207 causa:
1284 4152 1680 4221 conjecturam,
1714 4151 1810 4206 de-

223 4257 494 4303 monstrat
531 4244 790 4317 pertinax
837 4242 1122 4314 patefactm
1154 4242 1406 4297 veritatis
1446 4243 1807 4314 impugnatio,

222 4339 367 4410 quod
403 4348 622 4395 eertum
645 4335 819 4392 animi
844 4334 1104 4405 superbia
1130 4338 1147 4355 '
1172 4334 1413 4389 errantis
1438 4334 1702 4390 indicium
1732 4336 1806 4389 ’3:

1904 495 2065 570 156
2108 497 2430 569 iniuriosius
2477 497 2705 571 Cyrillo,
2736 497 2877 553 nihil
2910 497 3223 569 superbius.
3268 497 3478 555 Scribit

1900 599 2078 646 totum
2118 592 2311 649 orbem
2366 592 2726 659 commoveri,
2777 592 2874 649 sed
2919 592 3057 649 alios
3100 607 3303 663 pugna,
3338 592 3476 648 alios

1901 684 2057 751 risu;
2090 700 2335 756 pugnare
2385 686 2530 741 inter
2568 701 2647 751 se,
2695 686 2791 756 qui
2824 684 3231 741 Catholicorum
3274 699 3476 740 nomen

1899 773 2086 830 ferunt
2112 792 2127 839 ;
2165 775 2349 831 ridere
2383 775 2677 831 haereticos
2698 791 2935 847 pugnam
2961 775 3248 830 hominum
3268 777 3478 832 mutuis

1901 881 1961 922 se
2012 865 2259 921 dissidiis
2305 866 2760 933 absumentium;
2812 867 3008 921 horum
3072 881 3293 922 causam
3357 882 3479 923 esse

1903 955 2057 1028 impii
2075 956 2264 1030 Cyrilli
2289 957 2526 1027 capitula
2569 957 2626 1010 in
2671 957 2867 1011 urbem
2904 957 3107 1028 regiam
3148 958 3477 1029 importata;

1901 1064 1965 1104 ea
2008 1065 2120 1104 non
2172 1050 2365 1105 abesse
2408 1047 2478 1102 ab
2511 1047 2854 1119 Apollinarii,
2890 1047 3027 1112 Arii,
3056 1048 3334 1115 Eunomii,
3364 1049 3481 1103 Ma-

1901 1140 2228 1211 cedoniique
2261 1140 2477 1203 haeresi,
2506 1141 2617 1194 imo
2661 1154 2764 1194 nec
2804 1139 2873 1193 ab
2923 1138 3134 1193 insania
3179 1138 3479 1203 Valentini.

1901 1231 2132 1287 Hanetis
2168 1239 2225 1287 et
2274 1230 2603 1295 Marcionis;
2644 1231 2703 1285 in
2727 1230 2905 1301 primo
2931 1230 3123 1294 asseri,
3149 1229 3391 1287 Verbum
3426 1232 3483 1286 in

1903 1339 2125 1381 carnem
2161 1340 2513 1389 conversum,
2558 1322 3101 1392 inearnationemque
3136 1321 3252 1378 sola
3297 1323 3482 1393 specie

1901 1418 2124 1483 factam,
2166 1414 2316 1487 quod
2366 1414 2664 1480 Valentini,
2713 1413 3074 1484 Manetisque,
3111 1421 3168 1469 et
3193 1412 3483 1468 Marcionis

1902 1509 2188 1575 delirium;
2230 1508 2287 1562 in
2334 1506 2578 1563 secundo
2618 1515 2675 1561 et
2703 1507 2890 1572 tertio,
2922 1506 3184 1561 unionem
3221 1504 3484 1576 hyposta-

1901 1597 2066 1653 ticam
2124 1596 2515 1667 physicamque
2567 1594 2811 1660 defendi,
2863 1611 2987 1665 qua;
3026 1593 3349 1664 Apollinarii
3376 1594 3487 1648 ba-

1903 1688 2075 1754 resis;
2110 1688 2166 1742 in
2206 1695 2424 1757 quarto,
2448 1701 2612 1742 voces
2647 1694 2761 1741 tum
2790 1686 3073 1751 sublimes,
3102 1695 3219 1743 tum
3247 1686 3488 1741 humiles

1898 1775 1994 1830 uni
2019 1774 2313 1846 eidemque
2340 1774 2523 1830 Verbo
2549 1775 2803 1841 attribui,
2836 1790 2959 1845 qua
2984 1777 3099 1831 Arii
3132 1768 3190 1832 et
3227 1774 3486 1833 Eunomii

1900 1867 2275 1938 blasphemia;
2323 1868 2380 1922 in
2414 1866 2651 1932 decimo,
2680 1867 2853 1922 Deum
2874 1867 2983 1923 dici
3015 1882 3236 1938 passum
3263 1879 3320 1923 et
3340 1884 3487 1923 mor-

1899 1966 2078 2023 tuum,
2103 1975 2225 2029 quae
2249 1958 2462 2015 insania
2487 1958 2624 2022 Arii,
2664 1966 2716 2013 et
2744 1959 2999 2014 Eunomii
3020 1975 3178 2016 error
3203 1961 3485 2016 detestan-

1900 2049 2038 2117 dus;
2062 2051 2117 2105 in
2138 2066 2308 2115 nono,
2339 2049 2745 2121 processionem
2781 2049 3022 2122 Spiritus
3049 2054 3223 2108 sancti
3254 2069 3284 2108 a
3315 2053 3477 2115 Filio,

1900 2149 1957 2197 et
1996 2156 2107 2197 non
2130 2158 2161 2197 a
2183 2142 2300 2197 solo
2322 2141 2484 2198 Patre
2511 2142 2676 2207 tradi,
2717 2158 2841 2213 qua
2867 2143 3194 2214 Apollinarii
3237 2144 3489 2199 Macedo-

1901 2232 2091 2303 niique
2142 2233 2313 2288 altera
2366 2232 2631 2300 haeresis;
2686 2233 2788 2289 hos
2834 2250 2956 2290 esse
3003 2244 3196 2306 partus
3228 2236 3484 2309 Egyptii.

1903 2324 2002 2380 has
2043 2325 2355 2380 animarum
2409 2332 2613 2396 peStes,
2659 2325 2777 2381 haec
2805 2335 3067 2393 monstra,
3096 2344 3219 2398 qua:
3241 2344 3340 2398 par
3366 2337 3489 2384 erat

1903 2413 1973 2469 ab
2008 2415 2094 2481 iis,
2124 2415 2329 2485 quibus
2358 2414 2644 2487 religionis
2669 2430 2802 2471 cura
2828 2418 3121 2473 commissa
3150 2426 3257 2483 est,
3285 2420 3489 2489 praefo-

1905 2507 2017 2561 cari
2041 2508 2360 2577 priusquam
2395 2496 2699 2563 ederentur
2723 2525 2738 2575 ;
2764 2522 2828 2563 ea
2859 2516 3042 2564 tamen
3072 2509 3271 2577 foveri,
3299 2526 3329 2565 a
3357 2511 3488 2581 qui-

1906 2595 2010 2649 bus
2028 2595 2254 2651 minime
2277 2595 2562 2662 deberent,
2590 2606 2697 2652 etc.

1976 2686 2073 2741 His
2104 2702 2271 2757 porro
2300 2687 2522 2757 scriptis
2560 2696 2769 2744 tentata
2807 2697 2892 2744 est
2943 2688 3079 2744 ﬁdes
3125 2691 3491 2745 monasterio-

1908 2793 2052 2841 rum,
2104 2792 2213 2831 non
2271 2778 2426 2833 urbis
2477 2786 2690 2832 tantum
2724 2778 2905 2849 regiae,
2930 2779 3026 2834 sed
3055 2780 3220 2833 etiam
3247 2778 3490 2836 Orientis

1907 2878 1961 2924 et
1983 2868 2221 2942 Egypti.
2248 2869 2480 2924 Volebat
2512 2870 2658 2924 enim
2693 2870 3079 2925 Theodoretus
3124 2871 3354 2942 paribus
3393 2884 3487 2927 ar-

1908 2961 2015 3016 mis
2058 2977 2184 3016 cum
2209 2960 2414 3032 Cyrillo
2443 2962 2545 3025 uti,
2571 2962 2910 3032 paribusque
2943 2962 3222 3032 pugnandi
3250 2963 3483 3017 artibus.

1910 3050 2217 3120 Scripserat
2238 3049 2470 3129 Cyrinus
2495 3049 2561 3103 ad
2590 3048 2803 3120 Egypti
2843 3050 3139 3105 monachos
3160 3049 3228 3105 de
3248 3051 3486 3106 Nestorii

1907 3158 2095 3197 errore
2125 3141 2448 3211 epistolam;
2484 3141 2624 3194 hanc
2665 3140 3151 3209 apocrisiariorum
3176 3141 3489 3197 ministerio

1909 3233 1965 3286 in
1992 3232 2127 3287 urbe
2160 3232 2311 3301 regia
2336 3246 2435 3301 per
2464 3230 2817 3295 monasteria,
2848 3239 2904 3285 et
2942 3230 3091 3295 inde,
3139 3242 3200 3287 ut
3250 3232 3331 3296 ﬁt,
3392 3248 3494 3303 per

1911 3332 2080 3378 totam
2152 3323 2431 3377 civitatem
2506 3321 2685 3392 spargi
2730 3330 3063 3376 curaverat:
3116 3322 3493 3395 divulgaverat

1908 3412 2072 3467 etiam
2128 3411 2444 3483 synodicam
2492 3426 2645 3465 suam
2703 3426 2829 3465 cum
2871 3411 3128 3482 capitulis
3183 3412 3241 3467 in
3298 3413 3489 3469 eadem

1910 3504 2049 3558 urbe
2074 3521 2089 3569 ;
2132 3502 2259 3557 inde
2296 3518 2396 3573 per
2424 3502 2703 3557 Orientem
2729 3502 2932 3573 scripta
2962 3503 3079 3557 haec
3103 3513 3366 3559 venerant
3388 3520 3492 3575 ope

1909 3592 2101 3647 Aeacii
2151 3592 2413 3647 Meliteni.
2474 3591 2678 3647 Eadem
2726 3594 3057 3648 monasteria
3110 3594 3496 3652 Theodoretus

1910 3684 2177 3739 adversus
2220 3684 2485 3755 Cyrillum
2541 3699 2886 3739 commovere
2925 3686 3122 3750 voluit,
3153 3696 3208 3741 et
3235 3703 3341 3757 qua
3374 3698 3495 3743 erat

1911 3772 2264 3837 auctoritate,
2311 3772 2499 3842 plures
2522 3772 2670 3827 viros
2700 3774 3076 3829 sanctissimos
3105 3775 3309 3844 ubique
3342 3777 3493 3830 loco~

1913 3880 2037 3919 rum
2071 3864 2125 3918 io
2152 3864 2486 3918 catholicum
2520 3862 2646 3917 fidei
2671 3864 3019 3920 defensorem
3047 3866 3397 3922 exacerbavit
3437 3880 3496 3923 et

1911 3972 2054 4027 pene
2077 3956 2303 4010 emovit.

1985 4046 2103 4101 Xll.
2132 4045 2209 4101 Ea
2236 4054 2562 4117 tempestate
2585 4046 3061 4119 Constantinopoli
3086 4048 3330 4106 sanctius
3353 4051 3495 4106 nihil

1884 4136 2032 4195 'erat
2062 4138 2368 4204 Gennadio,
2400 4140 2495 4209 qui
2525 4148 2647 4210 post
2676 4139 2869 4209 viginti
2894 4150 3103 4210 septem
3135 4158 3309 4197 annos
3345 4143 3493 4199 Ana-

1913 4231 2047 4284 tolio
2082 4230 2347 4284 suffectus
2377 4238 2461 4285 est
2496 4231 2550 4284 in
2594 4229 2779 4285 sedem
2826 4230 3213 4301 episcopalem.
3264 4234 3496 4289 Delusus

1915 4321 2006 4375 ille
2060 4321 2429 4390 capitulorum
2487 4319 3034 4389 reprehensionibus,
3081 4322 3252 4376 voluit
3287 4332 3341 4378 et
3376 4323 3493 4393 ipse

226 4409 348 4484 nam
381 4427 795 4489 Theodoretus,
829 4424 934 4477 etsi
960 4422 1128 4477 semel
1154 4423 1467 4492 iterumque
1499 4437 1563 4477 ac
1586 4421 1805 4476 tertium
1842 4441 1886 4495 ι)
1914 4415 1970 4468 in
1997 4413 2237 4482 capitula
2256 4411 2540 4467 scribere:
2578 4409 2673 4465 sed
2699 4426 2821 4480 quae
2859 4410 3075 4466 tandem
3113 4413 3168 4464 in
3204 4413 3494 4466 maledicta

228 4516 669 4576 anathematismi
696 4514 880 4570 forent
899 4529 929 4569 a
955 4511 1161 4584 Cyrillo
1194 4513 1447 4583 expositi,
1488 4519 1807 4580 conceptam

230 4605 295 4662 de
334 4606 471 4676 ipsis
503 4603 825 4674 Opinionem
856 4601 949 4656 vix
978 4601 1168 4655 multis
1193 4609 1316 4671 post
1349 4601 1508 4655 annis
1529 4599 1806 4669 deposuit,

232 4696 276 4751 si
295 4707 479 4752 tamen
511 4709 759 4765 unquam
791 4692 1082 4763 deposuit;
1113 4691 1262 4763 quod
1288 4700 1477 4762 postea
1506 4691 1805 4746 videbitur.

295 4783 388 4840 XI.
442 4785 841 4840 Demonstrant
893 4790 950 4835 et
1001 4782 1107 4837 alia
1166 4780 1276 4836 duo
1326 4796 1438 4836 non
1489 4781 1809 4836 obscuriora

237 4875 452 4940 indicia,
502 4875 648 4929 velle
698 4871 878 4927 videri
931 4870 1190 4927 omnibus
1214 4869 1537 4925 doctissimo
1564 4870 1818 4940 superio-

241 4982 370 5031 rem,
414 4977 471 5023 et
516 4965 873 5023 contumeliis
915 4962 1189 5019 incessere
1224 4963 1689 5034 despicacissimis
1725 4978 1814 5019 se-

246 5058 469 5113 cundum
522 5056 787 5114 Ecclesiae
834 5053 1137 5111 antistitem
1178 5071 1195 5108 :
1243 5070 1372 5110 nam
1405 5070 1517 5126 quo
1568 5064 1813 5125 tempore

251 5149 388 5204 misit
421 5151 616 5205 Juanni
650 5148 1004 5204 Antiocheno
1036 5146 1523 5217 reprehensionem
1552 5148 1812 5219 capitum,

308 5300 331 5341 δ
370 5303 566 5359 Jerem.
618 5321 689 5372 tv,
730 5306 782 5371 Ι,
816 5305 879 5360 2.

1915 4522 2026 4560 non
2057 4505 2282 4575 erupit?
2323 4524 2343 4555 ο
2378 4504 2490 4570 Vae,
2543 4501 2724 4573 inquit
2760 4502 2826 4568 “,
2883 4503 3016 4556 mihi
3065 4519 3094 4557 a
3134 4503 3312 4558 malis.
3352 4501 3490 4566 Heu,

1915 4599 2057 4654 heu!
2089 4597 2235 4652 unde
2284 4595 2433 4650 enim
2488 4594 2781 4665 quisquam
2841 4593 2898 4649 in
2956 4593 3211 4663 pnesenti
3271 4593 3493 4649 aliunde

1916 4698 2099 4744 sumat
2132 4686 2682 4752 exordium?—Quis
2715 4687 2799 4740 det
2846 4687 3007 4756 capiti
3045 4701 3156 4738 meo
3189 4702 3410 4756 aquam,
3444 4695 3494 4740 et

1916 4780 2082 4834 oculis
2134 4780 2261 4833 meis
2317 4779 2512 4849 fontem
2568 4777 2931 4848 lacrymarum
2957 4776 2984 4828 ?
3016 4784 3063 4829 et
3107 4775 3325 4847 plorabo
3355 4778 3497 4831 istud

1916 4871 1999 4925 die
2045 4886 2108 4924 ac
2144 4878 2291 4923 nocte
2321 4884 2340 4922 :
2374 4867 2623 4938 quoniam
2653 4866 2882 4919 extendit
2918 4865 3097 4939 lingua
3133 4868 3244 4939 ejus
3279 4870 3497 4925 mendu-

1917 4961 2076 5026 cium,
2117 4967 2166 5014 et
2212 4976 2317 5013 non
2345 4958 2503 5027 ﬁdem
2536 4973 2554 5011 :
2589 4957 2915 5026 confortatus
2967 4968 3041 5013 est
3072 4976 3230 5029 super
3272 4969 3488 5014 terram.

1917 5053 1997 5107 Ex
2046 5059 2196 5106 certo
2233 5064 2339 5119 pax
2392 5047 2776 5117 peccatoribus
2828 5046 3101 5118 deceptio.
3152 5048 3374 5119 Propter
3402 5050 3498 5103 hoc

1921 5144 2079 5214 157
2132 5143 2270 5195 enim
2327 5140 2546 5194 obtinuit
2586 5150 2691 5205 eos,
2728 5138 2925 5210 inquit,
2957 5141 3199 5209 superbia
3229 5156 3407 5194 eorum
3439 5143 3493 5194 in

1579 5448 1897 5506 SCHULle
1937 5446 2162 5503 ΝΟΤᾹΞ.

319 5569 616 5627 “Animi—
636 5572 927 5628 indicium.
964 5564 1145 5621 Animi
1173 5563 1357 5635 potius
1377 5563 1736 5619 constantiam
1776 5562 2039 5635 probasse
2069 5559 2271 5641 dicitur
2305 5559 2373 5639 ab
2415 5558 2569 5614 initio
2589 5557 2786 5681 capitis
2807 5557 3053 5638 secundi.
3080 5556 3202 5616 Vid.
3229 5557 3415 5629 p.150.
3428 5564 3490 5637 et

319 5658 342 5681 η
384 5643 440 5681 μ)
488 5644 514 5681 κ
541 5647 573 5681 ιιι
618 5649 894 5681 ,κηποι
960 5634 1010 5669 ³9
1046 5631 1361 5681 Enismlam.
1391 5632 1449 5681 ln
1486 5632 1621 5681 actis
1640 5650 1673 5681 τ
1706 5630 1918 5681 svnodl.
1948 5641 2052 5681 art.
2076 5647 2126 5681 v.
2154 5628 2308 5681 (Vide
2343 5636 2605 5681 integram
2684 5641 2784 5681 anc
2825 5626 3130 5681 epistolam.
3176 5636 3211 5681 t.
3247 5626 3314 5681 iV
3353 5626 3485 5681 edit.

262 5654 355 5714 cap,
384 5643 458 5707 92,
487 5644 514 5717 §
539 5647 593 5709 3,
618 5649 896 5717 (ineunte:
923 5634 1010 5717 _”
1043 5628 1361 5717 Ερξιὶοέᾳηι.
1391 5632 1449 5689 In
1486 5632 1621 5717 actis
1640 5650 1673 5682 τ
1706 5628 1918 5703 synodi,
1948 5641 2052 5686 art.
2076 5647 2126 5683 v.
2154 5628 2308 5701 (Vide
2343 5629 2605 5697 integram

260 5703 519 5787 nonnae.
564 5703 752 5783 ἐξω.)
837 5709 886 5740 ⁵⁸
923 5703 1188 5770 Facund.,
1219 5703 1316 5757 lib.
1356 5719 1412 5769 ιι,
1436 5716 1555 5771 cap.
1583 5704 1635 5757 ι.

2684 5641 2784 5681 anc
2825 5626 3130 5697 epistolam,
3176 5626 3314 5682 [Ἰν
3353 5626 3485 5713 edit:
