3950 6226
476 296 573 358 1U

1622 296 2002 362 GARNERII
2043 276 2540 367 mseriarum
2582 310 2628 370 ῐ.

3622 305 3721 371 ll}.

467 415 624 486 ’βπεηι
655 429 672 467 -‘
706 413 1087 484 cogitaverunt.
1124 424 1171 468 ει
1208 414 1364 469 ’θεειιὶ
1396 425 1518 470 Mm?
1571 417 1624 470 in
1681 416 2036 487 malignitate.
2075 426 2110 479 Α
2146 428 2326 477 tamen
2377 422 2695 479 festinatum
2746 436 2832 481 est
2870 426 3208 491 lente,mora
3245 424 3483 494 plurium
3507 423 3724 477 dierum

466 503 797 573 iniquitatem
822 503 875 556 in
906 502 1076 558 altum
1111 505 1266 559 locuti
1300 516 1421 560 sunt
1450 524 1467 561 :
1496 518 1783 577 posuerunt
1809 511 1865 562 in
1909 508 2038 562 caelo

465 610 522 646 os
535 610 709 655 suum,
730 603 779 647 et
793 593 972 665 lingua
990 606 1169 651 eorum
1191 598 1430 651 transivit
1443 614 1601 669 super
1613 606 1811 653 terram
1828 610 1872 652 θ.
1893 600 2042 655 Psal-

470 685 644 740 mista:
665 687 763 743 ista
781 696 929 751 sunt,
952 688 1200 742 Ieremia:
1217 698 1400 743 autem
1424 690 1703 761 prophetae
1727 691 1816 745 illa
1844 692 2038 761 prima.

472 776 639 844 Euge,
672 793 705 831 0
737 778 893 832 beate
936 779 1117 832 Paule.
1150 779 1473 850 Exsurgent,
1513 781 1712 852 inquit,
1750 792 1799 836 et
1821 799 1885 835 ea:
1903 784 2041 836 vobis

466 867 593 934 ipsis
636 869 735 921 viri
781 867 1047 937 loquentes
1088 884 1356 938 perversa,
1388 879 1447 923 ut
1472 871 1734 926 abducant
1761 872 2042 945 discipulos

467 960 582 1023 post
616 972 673 1009 se
714 955 756 1008 ί.
788 956 879 1010 Vae
911 956 1053 1008 malo
1090 957 1442 1037 Alexandriae
1492 958 1750 1013 familiari
1806 963 1943 1033 ejus,
1987 976 2044 1018 et

468 1050 693 1115 proprio
717 1047 829 1117 jam
865 1045 952 1101 isti
982 1047 1229 1102 secundo
1255 1065 1267 1101 :
1301 1064 1423 1118 quae
1460 1058 1719 1120 corrupta
1741 1051 2040 1121 ploremus,

452 1153 696 1209 uittaque
740 1139 1093 1208 corrumpit?
1135 1140 1211 1193 Ex
1263 1147 1378 1194 toto
1420 1141 1540 1211 jam
1576 1152 1830 1212 aperatur
1855 1152 2045 1214 myste-

465 1231 603 1283 rium
637 1230 935 1300 iniquitatis
975 1232 1019 1283 κ.
1057 1230 1124 1284 Ει
1151 1247 1347 1285 vereor
1370 1249 1440 1287 ne
1472 1232 1616 1287 forte
1647 1249 1927 1304 nunquam
1953 1237 2044 1307 qui

463 1331 633 1386 tenet,
692 1323 756 1376 de
815 1323 984 1376 medio
1039 1322 1157 1391 ﬁat.
1218 1325 1402 1396 Euge,
1460 1326 1695 1382 Ieremia
1754 1329 2041 1399 propheta.

455 1412 760 1485 Prophetas,
819 1415 1034 1484 inquit,
1092 1418 1408 1488 prophetam
1468 1419 1696 1489 iniqua;
1745 1420 2043 1476 sacerdotes

452 1503 773 1574 plauserunt
822 1506 1064 1561 omnibus
1116 1508 1248 1571 suis,
1297 1517 1348 1561 et
1395 1508 1620 1580 populus
1673 1527 1818 1565 meus
1859 1511 2044 1566 dilea'it

452 1594 538 1649 ita
578 1596 627 1649 ιι.
656 1595 799 1661 Quid
820 1596 971 1650 enim
997 1597 1310 1664 minimum,
1353 1599 1486 1669 quid
1520 1601 1799 1657 mediocre
1826 1603 1882 1657 in
1937 1603 2045 1658 illis

460 1688 1006 1758 (anatliematismis)?
1046 1688 1278 1745 Omnem
1333 1692 1859 1763 supereminentiam
1918 1695 2039 1749 bla-

2142 514 2395 569 eonsulto
2440 516 2601 572 facta.
2652 517 2707 572 Id
2754 518 2954 587 agebat
2981 516 3360 572 Antiochenus
3380 515 3733 586 prmsnl,quo

2147 603 2407 660 Patribus
2432 606 2757 677 jamdudum
2785 602 3128 678 congregatis
3157 606 3460 678 (ellluxerat
3475 605 3732 659 decimus

2142 699 2368 767 quintus
2399 714 2428 752 a
2454 700 2709 754 condicto
2743 698 2906 769 dies),
2929 715 3202 769 muneque
3226 698 3489 768 pertaesis,
3509 703 3731 766 tempus

2143 787 2298 844 daret
2326 790 2634 860 deponendi
2662 790 2929 855 'Nestonii,
2978 790 3047 845 ad
3081 790 3226 860 quod
3250 797 3305 844 et
3344 788 3493 858 ipsos
3526 787 3730 842 callide

2143 881 2479 953 impellebat,
2510 882 2878 953 metropolitis
2907 881 3146 946 duobus,
3179 896 3305 936 cum
3333 886 3482 935 esset
3506 879 3563 933 in
3590 892 3729 949 pro-

2146 973 2310 1038 ximo,
2351 975 2670 1044 praemissis,
2704 974 2799 1045 qui
2858 980 3148 1029 monerent
3199 972 3255 1027 id
3312 986 3495 1042 agere,
3546 970 3731 1026 donec

2145 1064 2450 1125 adveniret.
2473 1067 2617 1134 quod
2641 1064 2912 1135 agendum
2940 1064 3243 1119 videretur.

2216 1155 2291 1210 Ea
2329 1156 2539 1210 ratione
2566 1155 2651 1209 vir
2670 1155 2997 1209 ambitiosus
3018 1153 3275 1223 sperabat
3304 1150 3422 1207 fore
3455 1158 3537 1215 ut,
3574 1148 3728 1219 quod

2140 1244 2383 1300 habebat
2413 1245 2467 1299 in
2497 1245 2662 1308 votis,
2699 1243 2936 1299 concilio
2975 1243 3146 1298 totius
3188 1241 3339 1297 orbis
3380 1239 3726 1311 praesideret.

2135 1334 2341 1392 Certus
2373 1337 2520 1391 enim
2550 1344 2687 1399 erat,
2714 1336 2806 1390 ubi
2833 1335 3075 1406 primum
3100 1332 3433 1395 advenisset,
3474 1328 3728 1400 repenti-

2138 1436 2275 1483 num
2295 1429 2563 1500 judicium
2590 1442 2872 1493 exercere,
2895 1441 3026 1497 quo,
3054 1426 3375 1496 priusquam
3423 1423 3589 1494 legati
3634 1437 3727 1477 sea

2145 1519 2230 1574 dis
2255 1519 2566 1589 apostolicae
2595 1527 2966 1588 tempestuoso
2992 1517 3127 1572 mari
3168 1524 3394 1586 possent
3423 1514 3731 1586 appellere,

2140 1612 2405 1686 Cyrillum
2444 1612 2870 1666 Alexandrinum
2891 1611 3226 1682 deponeret,
3263 1624 3369 1665 nec
3410 1618 3593 1664 tamen
3614 1608 3728 1662 Ne-

2146 1706 2375 1762 storium
2421 1703 2754 1766 restitueret,
2802 1712 2965 1773 atque
3011 1702 3291 1778 ita_solus
3341 1701 3457 1771 ipse
3495 1699 3731 1770 patriar-

455 1776 724 1846 sphemiie
754 1757 1032 1847 jaoulatus
1058 1787 1145 1833 est
1173 1757 1444 1836 adversus
1465 1792 1686 1837 sanctos
1718 1783 1926 1848 Patres,
1947 1784 2037 1838 ad-

2148 1798 2371 1852 eharum
2424 1794 2744 1848 moderandi
2786 1793 3006 1849 concilii
3049 1774 3245 1862 potens
3304 1798 3564 1846 restaret:
3594 1805 3729 1845 nam

458 1884 656 1924 versus
688 1870 989 1939 apostolos,
1022 1871 1289 1929 adversus
1335 1872 1694 1929 Salvatorem.
1745 1866 1821 1930 In
1858 1891 2042 1931 resur-

455 1961 757 2015 rectionem
795 1960 1092 2015 meditat-ns
1125 1969 1231 2016 est.
1263 1962 1615 2032 Assumptam
1643 1964 2041 2020 humanitatem

451 2066 525 2105 ex
553 2051 718 2106 nobis
748 2060 807 2106 et
839 2067 943 2121 pro
980 2052 1141 2107 nobis
1192 2053 1418 2125 injuriat
1447 2072 1460 2107 ε
1497 2054 1740 2110 divinam
1787 2064 2039 2112 naturam

451 2152 514 2198 et
541 2143 941 2214 impassibilcm
993 2144 1344 2214 passionihus
1396 2146 1684 2217 subiacere
1732 2150 2037 2203 contendit.

456 2234 526 2288 Et
558 2243 747 2304 postea
776 2252 789 2288 :
826 2234 1406 2290 Anathematizaturus
1434 2245 1521 2292 est
1548 2245 1600 2291 te
1650 2239 1817 2300 Deus,
1865 2242 2040 2311 paries

455 2324 702 2379 dealbate
739 2325 779 2379 ί.
842 2325 1219 2380 Justissimum
1272 2326 1422 2380 enim
1490 2337 1597 2388 est.
1653 2328 1730 2383 Te
1785 2328 2042 2386 similiter

456 2414 687 2471 Ananiae
742 2415 1061 2471 Iudaeorum
1116 2417 1357 2487 principi
1404 2418 1754 2473 sacerdotum
1799 2421 2039 2493 linguam

457 2504 728 2560 adversus
765 2504 1068 2574 discipulos
1102 2504 1307 2560 Christi
1339 2516 1673 2573 moventem,
1708 2510 1946 2565 similem
1971 2512 2041 2567 ab

455 2595 539 2650 eis
570 2593 1003 2665 indignationem
1036 2594 1295 2663 experiri,
1328 2615 1346 2646 ι
1386 2603 1492 2650 etc.

531 2685 665 2739 Haec
689 2683 1008 2740 Gennadius
1035 2684 1532 2756 Constantinopoli.
1585 2687 1645 2742 In
1680 2687 1914 2760 Aﬁgypto
1942 2690 2043 2746 Isi-

456 2777 645 2840 dorus,
676 2776 1077 2832 cuiPelusioue
1102 2792 1323 2843 nomen,
1377 2777 1513 2834 vicit
1561 2779 1784 2849 quidem
1825 2781 2042 2837 Genna-

456 2867 611 2922 dium
673 2866 944 2922 modestia
987 2884 999 2921 :
1046 2875 1468 2935 verumtamen,
1523 2885 1650 2924 cum
1711 2887 1777 2925 ex
1813 2871 2039 2929 Oriente

456 2959 763 3023 didicisset,
793 2973 905 3029 quo
934 2958 1275 3014 haberentur
1300 2960 1423 3014 loco
1452 2961 1715 3031 capitula,
1748 2972 1871 3032 post
1923 2965 2043 3019 ani-

456 3067 576 3106 mos
612 3067 645 3106 a
690 3049 1044 3105 Theodoreto
1082 3059 1388 3105 commotos
1439 3050 1702 3123 Cyrillum
1755 3054 2041 3110 admonuit

454 3141 525 3197 de
576 3141 825 3197 cavendo
875 3141 1045 3197 unius
1102 3149 1315 3196 natura:
1367 3125 1591 3207 errore,
1639 3145 2040 3217 retinendaque

453 3233 738 3289 Athanasii
772 3232 841 3289 de
880 3233 1097 3289 duabus
1137 3234 1353 3289 naturis
1396 3232 1706 3290 inconfusis
1768 3236 2037 3302 doctrina.

453 3323 776 3387 Admonuit,
804 3322 1051 3394 inquam,
1086 3322 1291 3387 verbis,
1315 3339 1457 3393 quas,
1491 3336 1553 3379 ut
1582 3325 1652 3379 ab
1690 3339 1909 3382 errante
1953 3345 2042 3384 ze-

455 3413 510 3467 lo
541 3413 886 3476 oriebantur,
941 3414 1017 3468 ita
1070 3413 1386 3467 acrimonias
1438 3416 1673 3469 multum
1725 3416 2037 3485 habebant,

454 3519 649 3574 parum
677 3502 889 3558 decori.

1057 3638 1073 3654 ’
1109 3635 1338 3693 CAPUT
1371 3637 1432 3691 ν.

468 3728 510 3785 Ι.
542 3726 873 3785 Conveniunt
920 3725 1106 3782 Patres
1139 3728 1421 3787 Ephesum.
1468 3728 1535 3782 ll.
1571 3726 1751 3783 Horas
1803 3732 2038 3787 consulto

542 3807 756 3870 nectunt
782 3797 1094 3853 Orientales.
1130 3796 1221 3870 ιιι,
1246 3796 1806 3870 Inch_oatur_synodus
1858 3819 1891 3855 a
1930 3801 2038 3858 Ca-

538 3869 764 3934 tholieis,
787 3877 834 3923 et
870 3870 1147 3938 deponitur
1171 3866 1465 3938 Nestorius.
1499 3868 1589 3923 IV.
1608 3866 1738 3923 Mox
1784 3871 2040 3927 advolant

535 3938 856 4003 Orientales,
923 3936 972 3991 et
1005 3937 1270 4008 deponunt
1298 3936 1555 4008 Cyrillum
1585 3956 1648 3993 ac
1684 3941 2033 3997 Memnonem.

541 4009 604 4080 Ῡ.
637 4009 1023 4080 Imperatorem
1050 4006 1550 4080 resﬂatholicorum
1575 4007 1764 4076 latent,
1789 4009 2038 4067 Orienta-

539 4076 1040 4151 lium_iiinotescunt.
1213 4076 1528 4151 lra_c_untl_iu_s
1574 4081 1795 4151 proinde
1842 4083 1953 4151 agit
1979 4084 2036 4136 in

536 4147 799 4218 Cyrillum
832 4156 880 4201 et
914 4146 1229 4203 Catholicos.
1273 4147 1398 4218 VII.
1422 4146 1654 4203 Edoctus
1703 4168 1737 4204 a
1758 4146 2035 4206 Dalmatia

524 4216 679 4289 jubet
721 4218 792 4289 ad
821 4235 878 4272 se
925 4218 1062 4272 mitti
1109 4216 1599 4289 utrinquelegatos.
1639 4220 1772 4274 Vill.
1806 4220 2036 4275 Theodo-

536 4299 679 4343 retus
709 4288 806 4357 fuit
832 4305 969 4360 unus
1006 4303 1070 4341 ea:
1100 4286 1453 4360 Orientalibus
1471 4286 1691 4360 legatis.
1744 4289 1838 4345 1X.
1868 4290 2035 4345 Audit

534 4355 826 4430 imperator
863 4359 1117 4430 quintum,
1131 4355 1449 4430 Orientales.
1470 4355 1553 4412 Χῖ
1569 4357 1709 4425 Quos
1735 4376 1800 4430 re
1819 4362 2032 4430 cognita

531 4426 771 4492 dimittit,
820 4426 885 4482 et‘
914 4426 1207 4483 Catholicos
1261 4428 1516 4482 admissos
1563 4430 1618 4482 in
1656 4429 1839 4483 urbem
1880 4426 1945 4492 3a

532 4499 784 4569 ordinare
812 4499 1107 4569 episcopum
1139 4498 1196 4550 in
1232 4496 1404 4569 locum
1455 4499 1707 4569 Nestprii.
1739 4499 1832 4569 ιιι.
1870 4496 2032 4554 Rece-

533 4571 712 4625 dentes
744 4566 1041 4624 Orientales
1093 4568 1398 4637 conspirant
1430 4571 1501 4637 in
1559 4566 1877 4624 Catholieos.
1908 4569 2028 4625 XII.

535 4638 724 4695 Scribit
754 4637 1102 4693 Theodoretus
1136 4636 1382 4707 quinque
1418 4636 1575 4693 libros
1620 4638 1871 4694 adversus
1900 4657 2031 4695 san-

533 4719 673 4763 ctam
694 4710 971 4780 synodum.

693 4820 764 4869 Ab
787 4833 915 4871 anno
936 4815 1121 4871 Christi
1146 4817 1227 4867 451
1259 4817 1319 4868 ad
1352 4816 1462 4877 432,
1485 4816 1576 4867 sub
1607 4819 1774 4868 ﬁnem.

512 4948 555 5002 1.
575 4945 909 5001 Condixerat
968 4945 1271 5018 imperator
1311 4943 1571 5000 Patribus
1614 4943 1895 5014 Ephesum
1953 4942 2025 5000 ad

443 5038 588 5094 diem
618 5050 837 5090 sacrum
870 5035 1246 5100 Pentecostes,
1274 5032 1369 5103 qui
1400 5025 1670 5104 septimus
1706 5043 1827 5089 erat
1873 5050 2030 5089 men-

444 5116 521 5186 sis
554 5127 726 5185 Junii.
756 5124 1001 5182 Peractis
1044 5124 1213 5195 igitur
1258 5124 1421 5195 153
1456 5124 1612 5182 festis
1662 5125 2021 5181 Paschalibus

442 5218 704 5291 praisulcs
730 5210 1091 5272 scciﬁxerunt
1119 5229 1178 5270 se
1206 5214 1277 5269 ad
1307 5214 1435 5280 iter,
1465 5223 1529 5269 ut
1557 5214 1628 5269 ad
1686 5223 1904 5286 tempus
1927 5231 2023 5269 ve-

443 5311 650 5368 nirent.
958 5326 965 5333 ·

512 5403 579 5459 ll.
629 5402 710 5459 Et
744 5400 969 5458 Oriente
1013 5397 1354 5473 praevolabat
1403 5397 1589 5453 animo
1642 5400 2026 5458 Theodoretus

445 5497 595 5554 velut
619 5496 687 5552 ad
699 5509 953 5565 campum
971 5506 1167 5563 pugnae
1194 5488 1519 5560 impatiens;
1553 5490 1622 5546 ab
1640 5489 2026 5548 Orientalibus

519 5610 706 5669 cPsal.
732 5623 874 5665 um
901 5605 1020 5663 6-9.
1097 5607 1117 5648 τ
1142 5604 1263 5661 Act.
1292 5619 1381 5671 xx,
1417 5603 1505 5660 ‘50.
1550 5604 1643 5660 1³11
1676 5605 1870 5662 Thess.
1909 5623 1970 5673 ιι,
1997 5607 2030 5662 7

2148 5621 2156 5647 ι
2181 5602 2388 5659 Thren.
2416 5602 2569 5669 η,ιι,
2600 5602 2689 5658 15.

2142 1888 2670 1960 Hierosolymitanus
2703 1899 2814 1955 prae
2848 1884 3196 1940 An’tiocheno
3242 1883 3453 1939 nullius
3473 1892 3597 1937 erat
3618 1897 3725 1936 au-

2141 1981 2429 2036 ctoritatis.
2465 1978 2655 2034 Audax
2684 1975 2893 2031 facinus
2925 1985 2982 2032 et
3039 1976 3366 2039 violentum,
3396 1974 3492 2029 sed
3521 1980 3732 2029 eventu

2141 2088 2251 2127 non
2299 2073 2623 2135 cariturum,
2678 2068 2945 2124 suadebat
3004 2068 3269 2123 comitum
3306 2064 3632 2122 Candidiani
3670 2073 3732 2119 et

2140 2166 2361 2228 Irenaei,
2418 2161 2671 2218 Nestorio
2737 2159 3106 2224 addictorum,
3169 2175 3295 2215 cum
3348 2155 3733 2213 Orientalibus

2141 2256 2471 2328 coniuratio.

2209 2350 2300 2405 lll.
2355 2348 2581 2403 Litteris
2625 2344 2953 2401 Antiocheni
2996 2359 3095 2414 per
3145 2339 3527 2412 metrOpolitas
3586 2337 3735 2393 duos

2140 2440 2339 2503 allatis,
2374 2437 2611 2510 Cyrillus
2649 2450 2804 2489 more
2857 2435 3125 2505 majorum
3162 2431 3296 2486 feria
3335 2429 3577 2485 secunda
3600 2444 3736 2500 syn-

2139 2532 2247 2588 odo
2282 2531 2412 2586 fecit
2439 2529 2679 2584 initium.
2714 2525 2997 2581 lncidebat
3020 2524 3111 2579 illa
3164 2525 3221 2578 in
3254 2541 3286 2578 ι
3322 2523 3547 2578 Kalend.
3571 2522 3731 2587 Julii,

2140 2638 2249 2696 quo
2289 2624 2377 2679 die
2428 2621 2688 2676 omnibus
2737 2618 2841 2672 rite
2892 2617 3129 2688 peractis
3153 2633 3220 2672 ex
3273 2616 3593 2687 priescripto
3637 2629 3735 2669 ea-

2139 2728 2344 2770 nonum
2383 2719 2770 2769 exauctoratus
2799 2715 2883 2762 est
2908 2707 3215 2773 Nestorius,
3246 2715 3470 2777 propter
3493 2705 3735 2761 lia-resin

2139 2813 2304 2874 atque
2327 2801 2756 2873 contumaciam.

2211 2898 2302 2953 IV.
2332 2897 2412 2952 Re
2435 2896 2646 2961 audita,
2690 2911 2877 2951 comes
2931 2895 3174 2949 lrenmus
3232 2890 3299 2946 ad
3334 2889 3648 2946 Orientales
3674 2889 3734 2943 in

2138 2990 2226 3044 via
2257 2989 2466 3059 positos
2496 2987 2728 3042 nuntius
2771 2994 3069 3058 properat:
3136 2982 3398 3037 advolant
3442 2981 3521 3036 illi
3574 2996 3737 3037 more

2067 3102 2109 3157 ο
2142 3079 2333 3133 alitum
2359 3078 2598 3133 Sabbato
2631 3086 3026 3148 consequente,
3069 3091 3197 3129 cum
3249 3083 3409 3128 antea
3455 3074 3608 3129 tarde
3643 3074 3734 3127 in-

2150 3170 2412 3225 cederent
2444 3187 2456 3222 :
2491 3185 2682 3240 agmen
2724 3183 2885 3239 agere
2927 3166 3222 3221 videbatur
3240 3164 3480 3219 Joannes
3504 3173 3741 3234 propter

2149 3262 2296 3318 sedis
2313 3263 2693 3317 auctoritatem
2717 3278 2730 3324 ;
2761 3262 2939 3330 reipsa
2954 3249 3135 3313 tamen
3155 3255 3393 3312 ducebat
3408 3255 3740 3311 Theodore—

2149 3360 2259 3417 tus,
2298 3352 2466 3407 totius
2492 3351 2744 3405 factionis
2787 3349 2944 3420 quasi
2988 3352 3169 3403 anima
3204 3364 3219 3402 :
3254 3347 3371 3402 suis
3394 3346 3541 3401 enim
3578 3344 3736 3399 nuti-

2147 3443 2256 3499 bus
2279 3443 2533 3497 movebat
2556 3440 2799 3496 Orientis
2829 3441 3156 3505 antistitem,
3179 3453 3342 3509 quem
3365 3436 3458 3493 alii
3483 3436 3551 3492 dc
3576 3449 3741 3489 more

2145 3535 2541 3604 sequebantur,
2580 3532 2676 3588 sed
2724 3532 2841 3587 suis
2879 3531 2997 3602 ipse
3051 3530 3253 3587 studiis
3296 3529 3557 3585 incensus
3599 3541 3741 3597 age-

2145 3625 2326 3679 batur.

2219 3736 2378 3799 Nam,
2415 3744 2475 3789 ut
2512 3733 2967 3790 taeeamJoannis
3006 3731 3059 3786 in
3082 3730 3496 3786 Theodoretum
3526 3729 3734 3784 immo-

2144 3827 2328 3882 dicum
2358 3840 2625 3890 amorem,
2651 3822 2987 3878 Theodoreti
3009 3822 3152 3893 apud
3177 3823 3445 3878 Joannem
3486 3819 3734 3875 auctori-

2146 3928 2311 3974 tatem
2345 3933 2414 3972 ex
2436 3915 2696 3987 Opinione
2731 3916 2995 3970 doctrinae
3016 3923 3214 3979 ortam,
3251 3923 3493 3968 veterem
3516 3913 3741 3966 utrius-

2142 4027 2249 4082 que
2281 4026 2406 4065 cum
2442 4007 2696 4081 Nestorio
2728 4007 3133 4070 necessitatem,
3164 4013 3416 4061 recentes
3437 4003 3739 4058 amborum

2141 4118 2266 4158 cum
2299 4100 2504 4172 Cyrillo
2528 4099 2864 4163 inimicitias,
2895 4097 3140 4152 occultas
3195 4111 3323 4151 cum
3386 4094 3593 4150 [remeo
3630 4108 3742 4148 co-

2142 4192 2272 4248 mite
2297 4191 2585 4255 coitiones,
2623 4205 2685 4245 ac
2717 4189 2821 4244 alia
2852 4187 3120 4259 ejusmodi
3151 4186 3327 4257 plura,
3363 4192 3589 4255 propter
3606 4198 3741 4252 qua

2140 4282 2525 4339 Theodoretus
2559 4281 2804 4336 omnium
2840 4279 3096 4335 factionis
3132 4276 3490 4333 consiliorum
3527 4275 3741 4329 merito

2139 4386 2323 4448 potest
2343 4374 2557 4431 censeri
2575 4382 2798 4439 auctor;
2846 4371 3122 4443 ingenium
3146 4380 3295 4425 certe
3313 4368 3508 4440 ipsius,
3526 4366 3745 4438 stylus-

1950 4430 2032 4538 ff:
2064 4455 2106 4510 Ῑ)
2137 4483 2267 4538 que,
2296 4475 2354 4521 et
2385 4463 2680 4535 singularis
2703 4461 2927 4532 quidam
2951 4476 3148 4514 vocum
3201 4474 3334 4514 usus
3386 4457 3442 4511 in
3477 4455 3739 4511 Orienta-

2134 4557 2272 4614 lium
2296 4554 2519 4625 scriptis
2547 4552 2628 4608 sic
2660 4552 2864 4616 elucet,
2899 4560 2960 4605 ut
2987 4549 3244 4619 Opiﬁecm
3287 4563 3400 4602 non
3430 4545 3737 4601 admodum

2135 4645 2347 4702 latendi
2389 4643 2651 4714 cupidum
2685 4641 2997 4713 patefaciat.

2214 4757 2319 4815 Ubi
2360 4756 2601 4828 primum
2659 4752 2936 4824 Ephesum
2980 4751 3218 4807 Joannes
3260 4746 3459 4818 attigit,
3483 4743 3740 4801 nondum

2139 4852 2360 4912 deterso
2413 4850 2675 4921 pulvere,
2729 4848 2784 4902 in
2840 4846 2963 4916 ipso
3014 4843 3291 4914 hospitio,
3347 4836 3744 4908 intempestiva

2136 4945 2296 5009 hora,
2320 4941 2664 4998 clandestina
2698 4938 2962 5002 coitione,
2986 4934 3335 4991 Nestorianis
3369 4932 3436 4987 ad
3476 4947 3605 4987 suos
3630 4930 3738 4984 ad-

2134 5033 2360 5109 junctis,
2394 5031 2745 5102 conspirante
2778 5028 2938 5099 159
2958 5027 3299 5084 Candidiano
3331 5024 3553 5088 comite,
3574 5022 3733 5093 judi-

2136 5127 2283 5184 cium
2314 5111 2739 5181 tumultuai-ium
2767 5120 2835 5175 de
2860 5120 3083 5192 Cyrillo,
3112 5127 3169 5174 et
3210 5118 3498 5173 Memnone
3522 5115 3733 5185 Ephesi

2133 5218 2397 5289 episcopo
2421 5257 2436 5280 ,
2463 5213 2790 5283 caaterisque
2812 5211 3005 5283 synodi
3040 5223 3244 5267 sanctae
3283 5208 3544 5265 Patribus
3566 5222 3728 5261 exer-

2133 5319 2243 5365 cet.
2265 5307 2522 5379 Cyrillus,
2542 5313 2835 5362 accusante
2848 5302 3231 5368 Theodoreto;
3268 5300 3545 5361 Memnon,
3560 5312 3735 5367 agen—

2134 5401 2284 5457 tibus
2331 5397 2704 5462 Nestorianis;
2763 5397 2989 5461 Patres,
3015 5395 3291 5452 referente
3341 5390 3730 5453 Candidiano,

2133 5490 2503 5545 damnantur:
2531 5486 2770 5559 Cyrillus
2798 5485 2866 5551 “,
2911 5484 3060 5557 quod
3089 5482 3327 5540 haeresin
3364 5478 3725 5552 Apollinaris.

2770 5603 2788 5644 ί
2822 5601 2944 5659 Act.
2972 5616 3123 5667 um,
3147 5600 3202 5656 5.

1787 5718 2106 5779 SCHULZII
2142 5719 2377 5777 NOTE.

515 5822 563 5859 "
590 5818 846 5895 Cyrillus,
868 5826 973 5876 etc.
1003 5815 1128 5875 Vid.
1167 5813 1469 5889 Epistulam
1497 5814 1566 5872 ad
1588 5814 1814 5885 Rufum,
1847 5824 1888 5872 t.
1915 5817 2005 5885 IV,
2040 5833 2097 5889 p.
2127 5816 2259 5873 l5“
2290 5830 2443 5886 seqq.
