3950 6226
252 352 336 417 113
1357 388 1365 395 -
1428 352 1795 415 HISTORIA
1836 350 2344 415 THEODORETI.

3386 346 3491 413 114

249 461 542 531 Ariique,et
557 458 827 516 Eunomii
852 461 911 516 in
937 460 1230 517 duodecim
1265 460 1539 533 capitibus
1560 461 1818 517 innovas-
1842 464 1893 518 Α
1917 468 2093 515 ceret.
2128 460 2420 517 Perierunt
2440 459 2657 526 littera,
2681 475 2804 531 qua
2833 461 2902 517 ad
2948 460 3162 531 priores
3191 470 3303 517 tres
3351 460 3493 517 datus

249 562 346 617 set;
397 550 676 615 llenmon,
735 552 888 622 quod
939 552 1287 625 tyrannidem
1337 552 1395 608 in
1444 553 1582 609 urbe
1604 551 1809 625 Cyrillo

252 641 415 695 favens
478 642 865 707 exercuisset;
940 642 1167 707 Patres,
1198 643 1346 712 quod
1410 643 1802 713 inexspectatis

250 733 601 790 Orientalibus
647 734 982 788 sententiam
1033 733 1320 799 tulissent,
1375 735 1811 805 probassentque

249 820 411 892 Cyrilli
441 821 679 885 litteras,
696 831 754 877 et
782 822 1087 877 Memnonis
1110 832 1294 893 partes
1318 831 1703 893 sequerentur.

310 913 601 969 Abdicatus
620 922 708 968 est
741 913 913 985 igitur
934 913 1170 986 Cyrillus
1197 929 1322 970 cum
1371 914 1679 979 Memnone,
1708 915 1811 969 Pa-

254 1015 349 1059 tres
397 1006 987 1060 excommunicationis
1037 1007 1308 1061 sententia
1356 1007 1602 1077 obligati,
1638 1006 1816 1062 donec

249 1096 465 1150 desertis
518 1095 710 1167 Cyrilli
746 1097 997 1167 partibus
1028 1097 1094 1151 ad
1140 1096 1450 1153 Orientales
1488 1098 1811 1153 transirent:

250 1187 532 1255 atquehaec
556 1186 735 1243 forma
786 1188 890 1242 fuit
932 1188 1146 1260 judicii,
1192 1189 1349 1259 cujus
1368 1187 1697 1261 principium
1730 1187 1816 1242 in-

250 1278 379 1332 vidia
403 1288 457 1333 et
484 1279 753 1347 ambitio;
801 1288 1013 1345 auctor,
1040 1280 1297 1353 Cyrensis
1325 1279 1400 1346 ";
1430 1288 1679 1344 eventus,
1716 1280 1820 1336 Ec-

248 1367 415 1423 clesiae
439 1366 663 1425 divisio.

306 1456 371 1513 γ.
406 1457 490 1512 Ad
525 1457 922 1529 imperatorem
948 1458 1310 1517 Orientalium
1336 1461 1556 1516 nomine
1586 1462 1819 1517 relatum

248 1559 341 1616 est,
368 1549 646 1620 simulque
666 1559 930 1605 excusata
952 1551 1051 1606 viae
1082 1550 1330 1616 tarditas,
1361 1551 1498 1606 nihil
1529 1569 1638 1607 non
1663 1568 1821 1608 men-

247 1645 403 1699 tiente
433 1644 727 1700 relationis
782 1646 1073 1716 scriptore,
1107 1662 1218 1717 quo
1250 1638 1567 1717 imperator,
1611 1657 1669 1703 et
1713 1647 1821 1703 Ne-

248 1735 390 1789 storii
417 1749 634 1800 amans,
665 1742 725 1790 et
752 1733 959 1807 Cyrillo
1014 1735 1284 1800 infensus,
1318 1735 1626 1791 falleretur:
1660 1736 1712 1791 id
1755 1751 1824 1790 eo

1916 562 2073 617 sunt;
2100 559 2298 618 exstat,
2331 566 2453 622 qua:
2482 551 2550 606 ad
2569 551 2793 609 Rufum.
2819 552 3074 609 Sarcith
3108 568 3240 608 vero
3259 553 3490 608 aliarum

1911 641 2205 710 jacturam,
2227 643 2274 697 si
2323 650 2504 698 tamen
2542 642 2665 699 alia:
2695 642 2919 705 iuerint,
2942 650 3000 699 et
3046 658 3156 699 non
3186 643 3389 698 eadem
3423 643 3490 699 ad

1918 733 2164 805 singulos
2203 748 2235 788 a
2256 732 2397 804 pari,
2425 743 2485 788 ut
2513 733 2836 803 loquuntur,
2872 734 3071 801 missae.

1992 825 2195 882 Habuit
2217 825 2384 880 etiam
2408 825 2702 899 conciones
2734 825 2803 880 ad
2832 826 3097 896 populum
3120 825 3277 883 urbis
3309 827 3493 897 regis,

1921 918 1989 975 de
2021 919 2225 989 quibus
2248 919 2324 974 ita
2350 919 2467 989 ipse
2506 918 2576 973 ad
2608 919 3007 989 metropolitam
3035 934 3194 977 suum
3222 918 3267 951 “
3293 920 3495 990 Ephesi

1923 1020 2176 1081 agentem
2208 1028 2222 1065 :
2267 1029 2286 1063 ‹
2308 1011 2554 1082 Populus
2574 1011 2753 1067 omnis
2779 1011 2955 1081 gratia
2985 1010 3080 1066 Dei
3119 1011 3262 1067 bene
3308 1011 3494 1075 habet,

1922 1112 1980 1157 et
2005 1103 2209 1175 jugiter
2227 1103 2296 1158 ad
2342 1118 2445 1159 nos
2488 1102 2788 1174 egreditur.
2814 1102 3126 1172 lncepimus
3151 1112 3335 1158 autem
3365 1102 3500 1172 ipsis

1922 1194 2090 1249 etiam
2146 1193 2444 1259 disserere,
2505 1199 2565 1248 et
2620 1191 3025 1247 celebravimus
3087 1191 3499 1247 communiones

1924 1284 2211 1349 maximas,
2254 1291 2311 1338 et
2361 1291 2562 1354 quarto
2611 1282 2725 1339 illis
2749 1290 3062 1337 enarratum
3086 1290 3192 1347 est,
3242 1281 3501 1351 precibus

1927 1385 2035 1431 tum
2068 1375 2315 1445 pietatis,
2341 1375 2413 1431 de
2440 1374 2570 1442 ﬁde,
2596 1385 2654 1431 et
2680 1382 2829 1429 tanta
2851 1373 3181 1428 audiverunt
3201 1373 3502 1442 voluptate,

1927 1477 1989 1523 ut
2013 1482 2185 1538 usque
2214 1466 2283 1523 ad
2310 1466 2503 1523 horam
2528 1465 2818 1538 septimam
2856 1481 2969 1521 non
3014 1465 3383 1527 discederent,
3407 1458 3502 1518 sed

1927 1558 2355 1629 perduraverint
2372 1572 2547 1628 usque
2584 1557 2653 1615 ad
2698 1568 2894 1613 aestum
2929 1557 3094 1611 solis:
3119 1556 3174 1610 in
3200 1556 3325 1610 aula
3354 1552 3502 1609 enim

1928 1650 2186 1716 maxima,
2236 1659 2294 1708 et
2347 1659 2586 1722 quatuor
2622 1648 2861 1706 habente
2912 1649 3177 1720 porticus,
3208 1645 3509 1703 multitudo

1931 1754 2261 1816 congregata
2300 1743 2423 1807 l'uit,
2449 1752 2507 1798 et
2563 1758 2664 1797 nos
2703 1757 2943 1813 superne
2988 1739 3507 1801 concionabamure

248 1828 450 1883 facilius
493 1826 621 1891 fuit,
681 1827 831 1897 quod
881 1826 1277 1891 Candidianus,
1322 1827 1623 1898 cognitoris
1644 1826 1823 1882 oﬁicio
1852 1818 1895 1872 Β
1924 1838 2187 1902 suggestu
2219 1845 2390 1902 prope
2414 1836 2640 1885 tectum.
2676 1847 2694 1879 ι

248 1919 469 1989 turpiter
490 1918 740 1985 deserto,
763 1934 890 1973 cum
912 1920 925 1937 '
944 1917 1315 1975 Orientalibus
1342 1920 1492 1988 paria
1524 1920 1821 1985 scribebat,

247 2020 297 2065 et
322 2009 735 2065 Catholicorum
766 2010 998 2074 nuntiis,
1051 2025 1122 2065 ne
1172 2010 1228 2065 in
1277 2010 1471 2066 urbem
1514 2012 1821 2076 tenderent,

250 2099 641 2154 intercludebat
661 2099 828 2153 viam.
1050 2172 1053 2174 η

308 2190 394 2245 Ἣ.
450 2190 600 2257 Quid
657 2191 859 2246 illusus
932 2188 1276 2247 Theodosius
1323 2199 1517 2246 contra
1562 2190 1825 2263 Cyrillum

252 2281 722 2353 Constantinopoli
774 2283 1056 2349 statuerit;
1115 2282 1249 2353 quid
1322 2284 1493 2338 misso
1547 2283 1829 2354 Ephesum

255 2375 483 2430 Palladio
509 2376 809 2446 imperiose
858 2376 1232 2443 mandaverit;
1283 2375 1560 2446 quomodo
1607 2392 1706 2446 per
1740 2391 1832 2431 co-

255 2465 430 2522 mitem
450 2481 739 2521 sacrarum
790 2467 1141 2538 largitionum
1182 2466 1446 2522 Joannem
1509 2467 1705 2521 tentari
1730 2482 1830 2522 vo-

256 2556 429 2619 luerit,
450 2564 535 2618 ut,
563 2563 838 2625 quotquot
858 2564 1018 2611 erant
1062 2556 1261 2624 Ephesi
1296 2557 1579 2627 prmsules,
1622 2557 1832 2613 Joanne

256 2647 497 2716 praeside,
524 2648 922 2714 convenirent;
956 2663 1062 2718 qua
1090 2647 1327 2720 Cyrillus
1350 2649 1609 2704 violentia
1643 2651 1831 2721 conje-

256 2747 369 2793 ctus
397 2738 468 2793 sit
500 2738 557 2792 in
583 2754 908 2803 carcerem;
940 2739 1071 2808 quid
1127 2739 1303 2793 moliti
1332 2738 1641 2795 Orientales
1694 2740 1835 2795 inte-

1997 1921 2154 1990 Quod
2180 1923 2234 1976 in
2271 1920 2395 1975 aula
2427 1919 2812 1975 concinnatum
2844 1932 2903 1972 se
2929 1925 3135 1982 narrat,
3174 1915 3230 1970 id
3270 1930 3340 1971 eo
3379 1930 3510 1971 con-

1927 2014 2069 2085 tigit,
2101 2013 2232 2084 quia
2253 2010 2723 2069 Chalcedonensis
2743 2009 3002 2065 Ecclesiae
3018 2008 3238 2079 praesul,
3262 2006 3510 2077 quamvis

1926 2106 2545 2174 Constantinopolitanae
2580 2103 2695 2159 sedi
2750 2102 3054 2165 obnoxius,
3097 2099 3281 2155 studio
3329 2106 3509 2153 tamen

1932 2199 2057 2253 ﬁdei
2089 2198 2268 2253 vetuit
2288 2198 2342 2252 in
2384 2196 2620 2253 ecclesia
2651 2209 2885 2267 synaxes
2919 2192 3006 2267 agi
3038 2192 3108 2247 ab
3133 2190 3454 2246 hominibus
3479 2204 3509 2241 a

1933 2299 2121 2346 sancta
2181 2288 2390 2361 synodo
2436 2286 2737 2343 abstcntis:
2780 2283 2929 2354 quod
2975 2289 3205 2351 questus
3234 2286 3323 2335 est
3367 2276 3513 2346 apud

1934 2383 2325 2451 imperatorem
2353 2378 2759 2439 Theodoretus,
2812 2373 3062 2445 quamvis
3095 2372 3213 2427 hac
3261 2385 3372 2425 non
3404 2378 3513 2424 tam

1933 2475 2157 2545 querela
2187 2473 2311 2537 fuit,
2347 2487 2511 2542 quam
2540 2466 2911 2525 inverecunda
2939 2462 3257 2535 impotentis
3286 2461 3382 2517 irae
3424 2477 3515 2516 vo-

1934 2563 2208 2627 ciferatio,
2243 2560 2644 2630 seditionisquc
2667 2556 2878 2613 molitio
2913 2554 3001 2609 vel
3039 2550 3434 2615 comminatio;
3462 2550 3514 2604 id

1934 2672 2066 2712 vero
2089 2655 2170 2710 sic
2191 2652 2422 2709 accidit:

2007 2747 2294 2803 Admissus
2319 2741 2613 2814 aliquando
2643 2742 2712 2796 ab
2736 2740 3067 2810 imperatore
3084 2736 3152 2793 ad
3183 2734 3515 2804 colloquium

259 2830 373 2891 rint,
394 2841 454 2883 ut
473 2828 781 2885 Catholicis
805 2830 894 2884 vel
925 2830 1185 2884 invidiam
1227 2830 1544 2886 rebellionis
1589 2830 1835 2887 facerent
1938 2841 1992 2894 in
2025 2837 2314 2893 Ruﬁniana
2345 2835 2495 2899 villa,
2521 2848 2648 2890 eum
2677 2832 2831 2887 orbis
2854 2829 3078 2885 domino
3109 2827 3405 2883 altercatus
3434 2831 3521 2881 88¢

259 2920 391 2988 apud
409 2920 834 2991 imperatorem,
874 2922 958 2977 vel
991 2938 1020 2975 a
1069 2924 1271 2992 populo
1297 2924 1663 2979 tumultuante
1686 2924 1826 2993 peri-

1939 2930 2223 2993 audacius,
2246 2941 2412 2998 quam
2448 2923 2731 2981 modestiae
2771 2923 2857 2977 lex
2918 2920 3101 2975 sinat:
3151 2915 3520 2990 iactabundus

262 3012 433 3066 culum
458 3021 740 3076 crearent,
776 3029 844 3068 ex
873 3015 1012 3071 actis
1059 3014 1251 3085 synodi
1308 3015 1598 3084 Ephesium
1633 3015 1835 3069 intelli-
1939 3032 2120 3077 tamen
2144 3035 2258 3074 rem
2283 3030 2490 3091 gestam
2524 3017 2599 3071 ita
2630 3022 2816 3069 narrat
2834 3012 2878 3044 “
2903 3030 2914 3064 :
2944 3030 2961 3061 ι
2982 3010 3243 3067 Dicebam
3270 3007 3353 3061 ei:
3381 3005 3520 3071 Quia

259 3118 376 3171 ἕπε
408 3113 515 3160 θει-
549 3103 971 3160 Observandum
1007 3115 1187 3160 tamen
1217 3104 1335 3161 hinc
1360 3105 1499 3174 ipsa.
1526 3121 1649 3176 qua:
1682 3119 1831 3159 nunc
1863 3146 1908 3204 ο
1940 3111 2141 3167 dedisti
2193 3109 2445 3164 ﬁduciam
2502 3104 2787 3176 loquendi,
2847 3117 2972 3157 cum
3012 3100 3174 3155 venia
3232 3097 3383 3152 audi.
3420 3094 3521 3151 Ju—

261 3194 551 3259 habentur,
584 3201 789 3265 praeter
834 3195 1128 3249 relationes
1176 3204 1233 3250 ct
1261 3195 1542 3265 epistolas,
1591 3195 1834 3250 breviata

259 3283 423 3339 fuisse
454 3284 529 3338 ab
555 3284 793 3354 ipsomet
826 3282 1049 3354 Cyrillo.

1944 3213 2163 3259 stumne
2194 3210 2279 3257 est
2324 3199 2615 3255 haereticos
2661 3195 2888 3266 quidem
2923 3191 3433 3249 excommunicatos
3464 3186 3523 3243 in

1942 3288 2189 3344 ecclesiis
2229 3285 2429 3357 agere?
2482 3300 2582 3340 nos
2622 3299 2776 3348 vero,
2809 3283 2903 3353 qui
2940 3297 3039 3352 pro
3078 3281 3185 3335 ﬁde
3222 3286 3523 3340 certamus,

322 3375 435 3429 VII.
492 3375 654 3429 Hune
707 3375 823 3431 [ere
875 3374 932 3429 in
980 3375 1200 3430 modum
1227 3375 1367 3431 duos
1396 3377 1507 3448 jam
1552 3376 1843 3431 continuos
1943 3386 2250 3450 ctpropter
2279 3379 2385 3433 hoc
2428 3375 2633 3432 abillis
2675 3373 3082 3431 communionis
3128 3379 3379 3427 exsortes
3434 3385 3527 3424 su-

263 3491 474 3532 menses
497 3476 569 3531 ab
599 3475 974 3531 Orientalibus
996 3476 1220 3545 Ephesi,
1259 3492 1368 3546 qua
1416 3478 1491 3539 vi,
1529 3490 1637 3545 qua
1688 3473 1839 3527 frau~

263 3568 442 3632 dibus,
489 3583 601 3638 qua
661 3567 963 3639 tyrannicis
1016 3568 1279 3623 comitum
1323 3567 1533 3621 artibus
1562 3565 1839 3621 turbatum

264 3669 398 3723 erat,
426 3676 556 3714 cum
575 3659 797 3715 tandem
818 3675 847 3714 a
872 3659 1165 3723 Dalmatio,
1202 3658 1549 3713 sanctissimo
1593 3657 1649 3710 in
1703 3656 1841 3712 urbe

264 3754 408 3824 regia
460 3753 860 3808 monachorum
916 3753 1097 3817 Patre,
1138 3750 1484 3806 Theodosius
1528 3749 1595 3805 de
1631 3764 1689 3804 re
1730 3754 1841 3802 tota

266 3841 465 3896 certior
522 3841 722 3905 factus,
764 3840 1141 3909 comitumque
1177 3839 1460 3910 perﬁdiam
1502 3838 1722 3909 indigne
1767 3836 1845 3890 l‘e—

267 3947 412 3995 rens,
442 3932 612 4004 jussit
653 3931 721 3986 ad
759 3946 820 3986 se
864 3930 1009 3984 mitti
1063 3937 1272 3999 septem
1305 3928 1374 3983 ab
1417 3938 1648 3997 utraque
1690 3935 1844 3997 parte

265 4021 572 4090 episcopos,
597 4035 742 4090 quos
771 4019 840 4074 de
876 4018 1044 4089 gestis
1068 4018 1269 4087 Ephesi
1302 4031 1544 4086 praesens
1569 4014 1807 4070 audiret.

1948 3487 2090 3535 mus,
2120 3485 2231 3524 non
2266 3469 2471 3522 intrare
2494 3466 2550 3520 in
2580 3464 2910 3522 ecclesiam?
2938 3460 3246 3533 Respondit
3282 3461 3376 3516 ille
3406 3475 3419 3512 :
3454 3459 3526 3515 Et

1945 3580 2038 3635 ego
2061 3561 2186 3634 quid
2212 3558 2452 3631 faciam?
2479 3588 2547 3599 -—
2575 3555 2727 3623 Quod
2772 3556 2910 3626 fecit,
2932 3553 3255 3625 inquiebam,
3278 3552 3529 3622 magister

1948 3666 2090 3720 tuus,
2121 3670 2289 3709 comes
2322 3651 2692 3725 largitionum.
2736 3649 2790 3703 in
2833 3648 2960 3703 urbe
2988 3647 3219 3719 Epheso.
3245 3643 3345 3699 Ille
3388 3644 3528 3698 enim

1948 3748 2221 3802 utinvenit
2272 3743 2556 3799 nonnullos
2593 3740 2926 3812 congregari,
2960 3738 3275 3810 compescuit
3318 3752 3403 3790 eos
3444 3734 3529 3788 di-

1946 3856 2103 3894 cens:
2136 3836 2231 3893 «Si
2266 3853 2372 3891 non
2424 3835 2627 3905 fueritis
2675 3829 2901 3903 paciﬁci,
2958 3847 3061 3883 non
3105 3827 3384 3883 concedam
3437 3825 3530 3879 uni

1950 3933 2093 4004 parti
2125 3930 2468 4003 congregari;
2493 3946 2511 3978 ι
2537 3935 2583 3981 et
2617 3923 2889 3996 oportebat
2915 3923 3075 3975 etiam
3109 3928 3255 3975 tuam
3283 3918 3534 3989 pietatem

1949 4023 2233 4094 prateipere
2276 4021 2359 4074 hic
2390 4020 2649 4090 episcopo,
2683 4032 2747 4070 ne
2802 4015 3149 4086 permitteret,
3190 4025 3357 4081 neque
3392 4007 3528 4071 illis,

340 4112 473 4167 Vill.
502 4112 893 4167 Theodoretus
917 4111 1019 4166 fuit
1054 4127 1196 4165 unus
1215 4109 1283 4165 de
1311 4116 1522 4180 septem
1553 4107 1845 4164 Orientali-

267 4206 403 4261 bus:
428 4207 526 4261 sed
558 4222 686 4260 cum
724 4214 981 4275 pergeret
1014 4203 1568 4272 Constantinopolim,
1616 4217 1711 4272 spe
1743 4203 1847 4257 du-

269 4310 392 4354 ctus
436 4298 557 4353 fore
592 4307 655 4352 ut
692 4298 747 4351 in
782 4298 918 4352 urbe
967 4297 1117 4368 regia
1146 4312 1213 4351 eo
1249 4296 1443 4366 plausu
1480 4295 1707 4358 diceret,
1740 4311 1849 4365 quo
1954 4297 2212 4368 Equidem
2239 4295 2476 4365 episcopo
2524 4289 2678 4362 161
2709 4291 2974 4360 imperare
3020 4301 3120 4338 non
3153 4299 3382 4354 possum.
3432 4279 3537 4334 lta-

271 4393 462 4447 solitus
484 4400 606 4447 erat
666 4390 990 4453 Antiochiae,
1030 4398 1194 4458 atque
1227 4389 1301 4442 ita
1350 4388 1433 4441 vel
1483 4386 1568 4441 sui
1602 4387 1844 4441 Nestorii
1953 4407 2060 4461 que
2091 4387 2348 4459 respondi
2378 4401 2513 4457 ego:
2540 4383 2717 4454 Neque
2746 4380 2890 4434 nobis
2941 4378 3186 4449 imperes,
3217 4382 3265 4427 et
3310 4372 3532 4440 accipie-

276 4497 365 4537 res
389 4481 686 4537 admodum
712 4479 943 4535 aﬂictas
989 4480 1324 4543 restitueret,
1361 4478 1445 4532 vel
1481 4477 1694 4532 animos
1739 4478 1848 4531 sal-
1882 4503 1925 4556 ι)
1957 4499 2069 4537 mm
2103 4480 2400 4544 ecclesiam,
2453 4474 3008 4548 congregabimurque,
3052 4485 3115 4522 ac
3145 4469 3534 4556 cognoscet-tua

275 4583 384 4629 tem
428 4573 616 4644 populi
660 4581 1078 4637 commoveret;
1124 4573 1312 4645 jussus
1368 4579 1453 4626 cst
1501 4570 1846 4625 Chalcedone
1884 4551 1913 4556 ”
1959 4576 2147 4647 pietas,
2171 4572 2338 4627 multo
2373 4570 2552 4643 plures
2584 4568 2850 4622 nobiscum
2878 4578 3010 4625 esse,
3034 4574 3196 4631 quam
3224 4572 3341 4610 cum
3368 4551 3528 4606 illis.»

280 4667 433 4738 ιω
460 4683 587 4721 cum
625 4667 744 4722 suis
790 4665 1087 4736 praestolari
1137 4665 1431 4721 adventum
1481 4664 1847 4734 imperatoris,
2027 4666 2120 4721 IX.
2149 4665 2456 4722 Orientales
2488 4663 2742 4733 quintum
2772 4656 2944 4712 auditi
2985 4660 3114 4707 sunt
3139 4667 3170 4705 a
3202 4647 3532 4738 Theodosio,

280 4736 399 4811 illac
428 4756 484 4811 in
521 4756 880 4811 Ruﬁnianum
907 4756 1213 4812 transituri.
1961 4773 2083 4828 quae
2107 4756 2211 4811 fuit
2240 4753 2480 4824 religiosi
2530 4749 2800 4822 principis
2836 4742 3127 4815 patientia.
3156 4738 3403 4805 Quatuor
3450 4736 3535 4789 in-

346 4848 480 4902 Dum
535 4850 887 4919 prastolatur
942 4847 1249 4901 adventuro
1304 4846 1563 4916 principi,
1628 4847 1853 4916 scripsit
1961 4865 2129 4921 super
2155 4848 2207 4903 ei
2250 4845 2677 4917 protestationcs
2717 4840 3005 4897 miserunt,
3050 4841 3160 4886 tres
3192 4829 3535 4885 Chalcedone

281 4939 487 4995 litteras
509 4940 735 4994 nomine
788 4939 1115 5008 legatorum,
1143 4937 1211 4992 ad
1242 4937 1529 5007 episeOpos
1565 4946 1677 4991 tres
1708 4937 1854 4991 ltali-
1959 4942 2263 5012 legatorum
2304 4935 2547 4997 nomine,
2574 4939 2825 5000 quartam
2851 4944 2882 4981 a
2913 4926 3029 4983 suis
3073 4921 3385 4993 Ephesinis,
3422 4935 3539 4977 0m-

284 5045 461 5084 rarum
486 5031 877 5092 Ecclesiarum,
906 5029 1289 5083 Martinianum
1343 5028 1762 5083 Mediolanensis
1785 5028 1855 5090 ⁵³,
1953 5047 2054 5087 nes
2081 5028 2378 5102 jactantim,
2401 5038 2564 5094 quam
2588 5019 2868 5074 modestiae
2889 5016 3184 5087 pleniores.

287 5118 539 5176 Joannem
557 5121 939 5176 Ravennensis
965 5129 1022 5175 ct
1038 5119 1439 5189 Aquileiensis:
1471 5119 1693 5189 scripsit
1716 5120 1856 5175 etad
2131 5119 2333 5174 Verum
2359 5114 2568 5169 nullum
2608 5110 2736 5165 inde
2762 5108 2911 5164 aliud
2939 5122 3118 5176 Opera:
3154 5118 3265 5158 suae
3300 5097 3538 5170 pretium

291 5207 480 5265 Rufum
522 5212 1095 5274 Thessalonicensem,
1128 5218 1208 5273 ut,
1262 5209 1307 5266 si
1340 5226 1447 5279 qua
1494 5219 1698 5279 posset,
1738 5219 1859 5266 tan-
1960 5212 2227 5272 tulerunt,
2246 5220 2409 5276 quam
2430 5200 2577 5273 quod
2607 5198 2879 5272 patefacta
2907 5196 3139 5286 veritate
3164 5189 3537 5286 legaticathos

302 5308 466 5357 tarum
506 5304 718 5359 sedium
745 5302 1028 5358 antistites
1062 5301 1117 5356 in
1140 5311 1327 5371 partes
1352 5302 1667 5358 schismatis
1692 5303 1862 5358 addu-
1961 5301 2053 5357 liei
2085 5300 2140 5355 in
2162 5298 2354 5354 urbem
2380 5292 2557 5349 vocati
2578 5297 2727 5355 sunt,
2754 5290 2821 5344 ad
2845 5284 3226 5343 sul'ﬁciendum
3285 5280 3539 5335 Nestorio

1952 4132 2117 4188 neque
2150 4114 2294 4168 nobis
2335 4110 2668 4183 congregari,
2702 4107 2864 4161 donec
2885 4104 3276 4168 conveniamus,
3305 4107 3363 4153 ut
3381 4100 3533 4170 jtrsta

1953 4215 2045 4261 tua
2075 4205 2338 4260 sententia
2368 4201 2604 4256 omnibus
2661 4207 2789 4252 nota
2844 4196 2963 4266 ﬁat.
2997 4193 3079 4248 Ad
3128 4193 3245 4247 haec
3277 4189 3530 4245 diccbat:

1629 5423 1942 5514 summu
1985 5453 2212 5512 ΝΟΜ.

357 5613 399 5646 ⁸²
428 5612 682 5678 Curensis.
716 5617 1001 5674 Joannem
1033 5611 1432 5666 Antiochenum
1471 5612 1688 5666 mallem
1724 5612 1908 5667 dicere
1962 5619 2262 5665 auctorem.
2339 5606 2384 5637 ⁸³
2431 5603 2668 5678 Martinn
2695 5600 2961 5678 Martinus
3000 5594 3198 5678 dicitur
3222 5585 3540 5678 in

299 5683 353 5736 ad
933 5682 1086 5751 illum
2233 5660 2405 5731 suum.
2432 5672 2798 5729 Alexandrum
2822 5668 3022 5723 scilicet
3052 5660 3537 5730 Hierapolitanum-

297 5752 392 5815 l'id.
415 5768 449 5820 t.
474 5761 557 5832 ιν,
587 5779 644 5836 p.
676 5758 850 5817 1345.
932 5751 977 5783 “
1006 5750 1087 5806 Ita
1115 5750 1330 5807 narrat.
1363 5761 1507 5808 Loco
1532 5753 1716 5807 citato.
