3950 6226
465 379 567 447 135

1594 375 1973 441 GARNERII
2009 369 2512 438 DISSERTATIO
2556 378 2605 440 Ι.

3635 365 3742 431 116

461 494 812 560 episcopum;
845 487 1221 552 Orientalibus
1238 490 1577 553 mandatum,
1601 503 1757 544 suam
1777 498 2051 557 quemque
2083 487 2129 541 Α
2159 486 2475 540 tunditatem
2522 486 2693 541 omnis
2746 456 2901 539 terra:
2927 493 2973 539 et
3007 485 3303 540 habitantes
3348 482 3401 535 in
3444 478 3543 535 illa
3582 482 3746 551 quasi

462 583 530 637 ad
553 581 858 637 Eeclesiam
893 581 1117 652 redire;
1150 583 1298 655 quod
1329 593 1386 639 et
1423 582 1548 637 aliis
1573 580 1778 651 Ephesi
1820 591 2052 648 congre-

462 676 602 749 gatis
636 675 1005 748 signiﬁcatum
1036 687 1142 736 est.
1165 678 1319 735 Istud
1344 692 1478 733 vero
1512 692 1676 748 quam
1701 674 2054 746 impatienter

464 769 850 843 Theodoretus
890 771 1116 835 tulerit,
1173 769 1362 841 prodit
1406 770 1526 827 suis
1578 768 1647 824 ad
1698 766 2009 838 Ephesinos
2035 767 2053 785 '

464 861 745 917 communi
780 861 1006 918 nomine
1058 862 1264 918 litteris
1309 863 1378 916 “.
1421 862 1674 918 «Placuit
1708 860 2055 931 pientissimo

468 956 582 1027 regi
604 962 728 1026 post
753 956 955 1010 multas
1001 954 1440 1021 adhortationes,
1484 964 1546 1011 ut
1581 955 1783 1026 singuli
1820 953 1888 1010 ad
1924 969 2053 1025 pro-

466 1045 586 1114 pria
614 1045 936 1099 redeamus:
976 1055 1038 1100 ut
1086 1055 1144 1101 et
1171 1044 1458 1118 Egyptius
1489 1053 1546 1101 et
1588 1045 1845 1101 Memnon
1869 1044 2055 1115 Ephe-

468 1135 585 1190 sius
620 1134 674 1189 in
732 1134 850 1189 suis
871 1133 1011 1190 locis
1037 1144 1316 1191 maneant.
1370 1135 1464 1191 Sic
1497 1135 1645 1191 enim
1681 1135 1862 1206 potuit
1895 1134 2059 1208 Egy-

468 1225 619 1295 ptius
651 1238 847 1279 omnes
884 1240 1164 1281 exemeare
1195 1226 1521 1282 muneribus
1556 1226 1692 1292 suis,
1734 1233 1795 1281 ut
1819 1225 1908 1281 ille
1937 1225 2061 1297 qui-

468 1317 616 1381 dem,
672 1331 797 1372 cum
857 1317 1149 1374 innumera
1213 1318 1411 1374 fecerit
1466 1318 1628 1385 mala,
1682 1318 1751 1374 ad
1798 1319 2059 1374 thronum

469 1424 632 1464 suum
681 1407 913 1475 redeat;
950 1407 1057 1463 iste
1090 1409 1176 1464 vir
1207 1410 1477 1466 innocens
1506 1410 1845 1483 (Nestorium
1895 1409 2060 1464 intel-

472 1500 616 1572 ligit)
651 1500 741 1554 vix
771 1500 841 1555 ad
881 1515 1040 1557 suam
1088 1501 1435 1557 mansionem
1469 1502 1802 1559 dimittatur.
1833 1523 1852 1557 ›
1883 1504 2063 1561 Verba

475 1598 591 1647 tuaac
638 1592 994 1658 Theodoreti,
1040 1593 1275 1649 aliorum
1324 1609 1419 1649 sex
1451 1593 1694 1651 Orientis
1759 1595 2062 1666 legatorum

474 1685 699 1740 nomine
746 1685 1075 1749 scribentis,
1123 1684 1429 1741 manifestae
1461 1684 1508 1717 ⁵⁷
1536 1686 1932 1757 suppositionis
1972 1701 2064 1740 ar-

2158 580 2386 636 tat-ustas
2404 579 2430 619 ι
2451 598 2464 635 :
2488 589 2542 636 et
2558 579 2707 635 hunc
2730 579 2823 649 qui
2842 577 3206 634 omniaverbo
3221 575 3372 639 fecit,
3399 582 3456 629 et
3470 572 3622 628 dedit
3651 571 3742 626 his

2154 688 2277 743 qua:
2299 688 2410 727 non
2457 680 2636 737 erant,
2697 680 2755 726 ut
2806 678 3011 737 essent,
3061 670 3178 727 sola
3202 668 3533 724 voluntate:
3580 666 3741 737 quasi

2154 765 2360 820 oblitus
2380 764 2578 819 horum
2595 764 2864 828 omnium,
2884 761 3234 833 passionibus
3259 759 3559 841 obnoxium
3580 756 3743 825 facis,

2155 866 2211 914 et
2248 857 2425 928 legem
2447 857 2629 926 ponis,
2662 865 2724 910 ut
2751 855 3014 910 adoretur
3041 854 3188 909 Deus
3218 851 3518 923 passibilis,
3548 870 3567 903 ι
3591 858 3703 907 etc.

2225 950 2466 1006 Joannes
2524 964 2676 1003 more
2707 946 3002 1018 praasidum
3043 945 3259 1015 excepit
3291 942 3626 998 Theodoreti
3660 943 3746 997 lo-

2157 1041 2381 1113 quentis
2413 1054 2724 1096 sermonem
2758 1037 2824 1103 δθ,
2850 1037 3097 1107 dixitque
3144 1035 3405 1090 seditiose
3446 1035 3656 1105 pariter
3685 1043 3746 1090 et

2158 1134 2498 1191 adulatorie:
2557 1132 2818 1187 laudibus
2867 1132 3014 1186 enim
3044 1129 3228 1184 aﬁ‘ecit
3257 1127 3497 1183 Nestorii
3550 1127 3742 1193 fidem,

2158 1243 2322 1298 quam
2379 1234 2437 1281 et
2478 1224 2754 1296 exposuit,
2801 1230 2857 1278 et
2907 1237 2937 1276 a
2975 1220 3216 1291 populis,
3265 1233 3406 1289 quos
3452 1225 3579 1272 ante
3606 1215 3748 1270 ﬁde-

2158 1318 2260 1383 les,
2286 1331 2435 1372 nunc
2469 1316 2813 1373 confessores
2832 1313 3002 1369 fuisse
3041 1313 3139 1377 ait,
3180 1311 3555 1374 retinendam,
3590 1308 3749 1363 velut

2161 1410 2476 1482 depositum
2497 1418 2790 1480 paternum
2826 1424 2858 1464 a
2883 1406 3033 1472 ﬁliis,
3062 1404 3365 1461 mandavit.
3403 1404 3612 1460 «Nemo
3646 1401 3749 1458 de-

2160 1502 2464 1574 praedetur,
2501 1502 2809 1574 inquiebat,
2877 1500 3192 1572 depositum
3222 1506 3488 1564 vestrum,
3543 1512 3749 1567 nempe

2098 1644 2117 1661 ρ
2162 1594 2478 1666 dogmatum
2517 1593 2954 1649 certitudinem:
3001 1608 3164 1648 nemo
3196 1591 3526 1663 persuadeat
3571 1589 3752 1644 Deum

2163 1701 2284 1742 esse
2310 1685 2648 1756 passibilem,
2677 1700 2858 1755 neque
2885 1682 3134 1755 corporis
3161 1691 3218 1739 et
3245 1681 3549 1737 divinitatis
3579 1696 3751 1736 unam

474 1785 652 1847 guunt
704 1777 910 1833 editam
941 1793 1121 1848 nuper
1157 1777 1458 1834 Theodosii
1494 1779 1719 1834 Sacram
1769 1779 1835 1835 ad
1872 1780 2067 1836 Patres
2101 1828 2139 1848 η
2166 1798 2287 1840 esse
2320 1791 2595 1846 naturam,
2618 1800 2637 1832 ι
2677 1788 2785 1835 etc.

474 1869 803 1925 orthodoxae
851 1870 1046 1943 synodi
1102 1870 1429 1940 Ephesinae:
1460 1880 1675 1927 tantum
1723 1872 1872 1928 enim
1916 1872 2062 1927 favet

472 1958 873 2027 Orientalibus,
898 1978 1204 2034 eorumque
1238 1966 1310 2019 ita
1344 1980 1539 2035 preces
1568 1964 1638 2021 de
1681 1964 2062 2035 disputatione

476 2048 715 2106 ineunda
736 2058 793 2107 et
848 2053 1103 2123 querelas
1161 2054 1229 2110 de
1271 2055 1573 2111 Catholicis
1623 2056 2063 2113 detrectantibus

474 2143 694 2212 probat,
752 2152 814 2199 ut
851 2160 1005 2201 suam
1059 2147 1374 2203 deseruisse
1423 2164 1645 2205 causam
1678 2149 2064 2205 Theodoretus

474 2234 777 2303 videretur,
797 2236 844 2291 si
886 2252 996 2292 non
1033 2238 1400 2304 meminisset,
1434 2249 1599 2310 atque
1631 2241 1799 2295 etiam
1832 2241 1960 2296 inde
1986 2241 2061 2296 si-

480 2324 535 2380 bi
570 2325 913 2396 triumphum
959 2326 1203 2385 fecisset.
1252 2330 1453 2396 Quanti
1504 2332 1653 2387 enim
1685 2332 1885 2389 favoris
1916 2334 2062 2388 istud

481 2422 563 2470 est
590 2432 720 2492 erga
758 2416 1086 2487 Orientales,
1116 2429 1339 2491 quantas
1384 2424 1831 2494 exprobrationis
1860 2426 1916 2481 in
1962 2424 2065 2481 Ca-

483 2507 752 2564 tholicos?
788 2508 1094 2576 «Quoniam
1140 2512 1259 2567 ﬁeri
1293 2529 1405 2568 non
1462 2514 1645 2584 potuit
1699 2521 1760 2569 ut
1800 2515 2064 2570 conveni--

481 2598 633 2665 retis,
660 2609 717 2654 et
750 2607 935 2656 vestra
959 2602 1136 2672 pietas
1161 2603 1230 2659 de
1257 2605 1662 2675 quaestionibus
1690 2604 1855 2660 motis
1882 2606 1938 2660 in
1984 2606 2066 2660 di-

480 2691 848 2761 sputationem
892 2695 1081 2750 venire
1125 2697 1322 2762 noluit,
1354 2697 1705 2753 decrevimus
1756 2706 1818 2754 ut
1871 2696 2068 2753 Orien—

479 2785 620 2841 tales
651 2785 719 2840 ad
746 2802 874 2841 suas
897 2788 1153 2859 regiones
1183 2790 1574 2861 Ecclesiasque
1618 2791 1868 2857 redeant,
1900 2806 2066 2863 syno«

481 2875 587 2933 dus
618 2876 824 2947 Ephesi
849 2879 1077 2934 collecta
1115 2880 1382 2947 solvatur,
1426 2889 1639 2951 repetat
1680 2880 2064 2937 Alexandriam

477 2964 737 3042 Cyrillus,
776 2969 1032 3024 Memnon
1061 2970 1267 3041 Ephesi
1288 2980 1531 3027 maneat.
1593 2972 1747 3028 Scire
1783 2989 1916 3029 vero
1953 2972 2068 3043 pie-

483 3066 652 3115 tatem
688 3068 929 3117 vestram
965 3062 1243 3129 volumus,
1281 3079 1386 3119 nos
1435 3064 1681 3135 quandiu
1720 3064 1923 3120 victuri
1971 3081 2064 3118 su-

2235 1876 2481 1945 Uterque
2536 1880 2744 1938 autem,
2803 1887 2928 1926 cum
2953 1873 3011 1928 in
3059 1872 3112 1927 id
3152 1870 3386 1927 maxime
3443 1867 3749 1934 invehitur,

2164 1968 2311 2041 quod
2339 1983 2370 2023 a
2402 1965 2703 2023 Catholicis
2735 1965 2883 2020 Deus
2918 1979 3113 2035 passus
3156 1963 3473 2026 diceretur,
3519 1960 3755 2015 demon-

2165 2069 2305 2116 strat
2334 2058 2566 2129 liquido,
2598 2057 2740 2112 hanc
2760 2056 3061 2121 exstitisse,
3086 2066 3213 2126 post
3236 2055 3544 2110 orationem
3575 2067 3753 2123 pane-

2165 2152 2402 2225 gyricam
2423 2150 2625 2215 Procli,
2671 2147 3043 2219 proponenda".
3099 2144 3421 2216 quaestionis
3467 2144 3751 2215 vulgarem

2167 2242 2396 2296 formam
2425 2258 2438 2294 :
2478 2239 2580 2305 An,
2605 2239 2699 2309 qui
2734 2253 2929 2309 passus
2954 2246 3039 2292 est
3064 2252 3167 2308 pro
3223 2236 3406 2301 nobis,
3441 2235 3515 2290 sit
3566 2236 3750 2290 Deus:

2164 2334 2253 2390 vel
2276 2332 2603 2404 simplicius,
2634 2331 2716 2386 An
2748 2347 2944 2402 passus
2973 2331 3045 2386 sit
3074 2329 3257 2386 Deus?
3296 2328 3525 2384 Interim
3577 2326 3757 2399 partis

2167 2426 2452 2485 catholicae
2490 2424 2778 2495 praesules,
2831 2425 2926 2494 qui
2960 2423 3013 2477 in
3049 2423 3242 2478 urbem
3275 2421 3482 2493 regiam
3518 2420 3755 2475 honori-

2168 2519 2269 2575 ﬁce
2296 2518 2511 2588 excepti
2561 2516 2802 2581 fuerant,
2840 2516 3028 2570 habita
3070 2514 3139 2570 de
3187 2531 3340 2571 more
3398 2514 3632 2585 synodo,
3680 2511 3754 2568 ad

2166 2627 2330 2682 quam
2381 2608 2563 2665 vocati
2622 2619 2755 2664 sunt
2821 2608 3189 2678 metropolitze
3246 2607 3365 2671 sedi
3427 2604 3755 2662 Constanti.-

2168 2703 2503 2774 nopolitanas
2547 2701 2795 2766 obnoxii,
2845 2700 3234 2754 Maximianum
3284 2698 3539 2753 Nestorio
3584 2696 3756 2753 suﬂ‘e—

2167 2802 2383 2858 ecrunt,
2421 2791 2696 2863 simulque
2728 2789 3106 2859 metropolitas
3135 2796 3392 2859 quatuor,
3433 2796 3759 2857 aspernatos

2170 2885 2493 2948 convenire,
2552 2883 2621 2939 de
2668 2898 2768 2938 sua
2829 2881 2961 2937 sede
3019 2881 3363 2953 deiecerunt,
3425 2879 3760 2935 melioribus

2170 2993 2232 3033 su
2243 2976 2508 3031 bstitutis.

2244 3070 2382 3122 Dum
2412 3065 2760 3122 Chalcedone
2789 3067 2846 3121 in
2878 3064 3160 3121 Orientem
3187 3065 3431 3136 episcopi
3473 3065 3543 3121 ab
3578 3066 3761 3134 impe—

481 3165 626 3219 mus,
673 3162 785 3208 non
836 3168 997 3223 posse
1048 3152 1358 3210 Orientales
1407 3156 1713 3212 damnare:
1757 3172 1882 3211 cum
1919 3157 2065 3212 enim
2095 3172 2137 3230 ο
2176 3167 2358 3215 ratore
2410 3156 2625 3213 dimissi
2686 3164 2991 3221 revertunt,
3045 3156 3201 3210 Tarsi
3249 3155 3306 3210 in
3369 3155 3504 3211 urbe
3547 3154 3762 3211 Ciliciae

480 3254 646 3295 nemo
670 3256 797 3297 eum
829 3243 968 3313 ipsis
995 3243 1278 3315 disputare
1300 3246 1564 3316 voluerit,
1593 3247 1648 3302 in
1702 3249 1858 3304 nullo
1883 3263 2071 3304 coram

476 3332 648 3390 nobis
668 3336 904 3392 convicti
934 3346 1083 3392 sunt.
1110 3357 1128 3389 ι

555 3424 937 3482 Theodoretus
967 3443 1131 3498 porro
1168 3429 1545 3496 discessurus,
1583 3432 1930 3490 Chalcedone
1978 3450 2071 3489 su-

483 3530 738 3589 premum
766 3518 957 3572 habuit
989 3519 1053 3574 ad
1082 3520 1321 3577 Nestorii
1348 3523 1625 3578 studiosos
1653 3539 1961 3580 sermonem
1985 3524 2066 3591 ης

484 3617 675 3680 spreto
725 3609 801 3663 illi
829 3609 1181 3679 PrOpontidis
1228 3614 1509 3680 aestuario,
1564 3613 1829 3670 confertis
1874 3615 2071 3670 lembis

484 3699 814 3770 appulerant
850 3700 1176 3758 valedieturi
1238 3703 1624 3762 defensoribus
1669 3707 1755 3762 sui
1814 3708 2071 3779 pastoris.

489 3790 859 3863 ultimumque
922 3793 1168 3850 audituri
1204 3796 1639 3867 Theodoretum,
1680 3800 1841 3872 cujus
1876 3817 2070 3857 vocem

485 3883 825 3943 Nestoriana:
869 3886 1163 3959 imaginem
1208 3891 1500 3947 vocabant.
1528 3891 1624 3949 Ille
1670 3894 1881 3951 Joanne
1913 3897 2070 3968 162

489 3975 817 4046 praesidente
866 3979 1188 4036 concionem
1238 3981 1456 4050 habuit,
1512 3998 1615 4054 pro
1672 4001 1782 4056 qua
1829 3987 2073 4043 laudavit

485 4066 803 4126 Nestorium
835 4073 994 4142 quasi
1019 4081 1408 4145 martyrem,et
1433 4075 1805 4134 debacchatus
1831 4086 1917 4134 est
1966 4080 2072 4135 im-

488 4168 743 4229 potenter
793 4163 851 4217 in
872 4162 1064 4219 Patres
1119 4164 1452 4234 Ephesinos,
1495 4166 1649 4221 velut
1693 4168 1751 4223 in
1783 4177 2069 4242 tyrannos.

488 4255 634 4311 Nihil
667 4270 834 4328 porro
861 4256 967 4313 hac
980 4257 1227 4312 oratione
1253 4256 1608 4315 artiﬁciosius
1630 4259 1699 4315 ad
1725 4277 2073 4318 commoven—

489 4350 588 4402 tlos
622 4346 811 4418 populi
837 4346 1074 4413 animos,
1104 4348 1219 4404 sive
1253 4348 1493 4419 pastoris
1522 4351 1933 4420 misericordia,
1957 4355 2073 4411 sive

487 4440 709 4495 Patrum
736 4437 1142 4510 Ephesinorum
1172 4439 1332 4507 odio;
1376 4440 1516 4497 nihil
1563 4441 1974 4514 imprudentius
2014 4447 2071 4502 in

2173 3251 2365 3322 prima:
2400 3247 2657 3303 nuntium
2705 3246 2775 3301 de
2821 3254 3060 3315 quatuor
3098 3245 3486 3316 episcoporum
3532 3243 3765 3313 deposi-

2173 3348 2343 3409 tione,
2379 3340 2857 3410 Constantiuopoli
2884 3338 3028 3395 facta
3053 3348 3421 3409 acceperunt:
3445 3353 3569 3408 qua:
3589 3351 3765 3392 causa

2171 3437 2276 3493 fuit
2298 3432 2657 3498 subsistendi,
2692 3432 2988 3497 retinente,
3013 3437 3074 3484 ut
3101 3429 3344 3495 videtur,
3369 3427 3619 3483 llelladio
3646 3427 3761 3483 loci

2172 3528 2440 3591 antistite,
2480 3533 2537 3580 et
2556 3531 2840 3594 satagente
2878 3538 2950 3577 ne
2972 3522 3090 3593 qui,
3125 3521 3196 3577 ob
3218 3520 3473 3577 defensas
3513 3520 3761 3576 Nestorii

2172 3629 2358 3692 partes
2384 3632 2736 3675 communem
2769 3614 2979 3671 cladem
2998 3630 3195 3685 passus
3218 3613 3416 3678 fuerat,
3448 3613 3517 3667 ab
3557 3612 3626 3666 iis
3656 3612 3762 3669 de-

2174 3719 2477 3775 sereretur,
2511 3711 2605 3780 qui
2632 3708 2830 3764 factam
2858 3706 3113 3762 Nestorio
3152 3705 3410 3777 iniuriam
3450 3705 3597 3759 ferre
3642 3720 3763 3759 non

2173 3810 2421 3875 possent.
2459 3800 2658 3856 Habita
2692 3799 2862 3870 igitur
2881 3806 2966 3854 est
2987 3797 3348 3853 tumultuaria
3368 3797 3619 3866 quaedam
3663 3812 3761 3868 sy—

2172 3893 2355 3949 nodus
2414 3893 2470 3947 in
2516 3890 2673 3962 163
2730 3890 2910 3946 aliena
2957 3889 3207 3957 dimcesi,
3254 3890 3600 3960 conjuratum
3653 3904 3762 3959 pro

2174 3983 2455 4048 Helladio,
2487 3983 2775 4050 tribusque
2806 3979 3179 4045 consortibus,
3218 3987 3443 4034 cautum
3504 3977 3632 4034 dato
3672 3993 3764 4034 sa-

2175 4084 2480 4141 cramento,
2517 4091 2586 4130 ne
2617 4074 2743 4143 quis
2766 4073 2812 4106 ⁸ο
2842 4072 2900 4127 in
2919 4071 3161 4127 Nestorii
3193 4070 3617 4140 depositionem,
3666 4084 3764 4124 or-
3812 4126 3815 4127 ν

2176 4169 2517 4225 dinationem
2575 4165 2911 4231 Maximiani,
2974 4162 3182 4235 Cyrilli,
3222 4160 3659 4231 Memnonisque,
3703 4169 3763 4216 et

2175 4262 2413 4317 aliorum
2433 4259 2844 4330 episcoporum,
2898 4256 2994 4327 qui
3051 4253 3365 4310 Nestorium
3416 4252 3759 4323 deiecerant,

2175 4352 2549 4424 receptionem
2578 4349 2938 4405 consentiret.

2243 4444 2338 4499 XI.
2378 4441 2630 4497 Reditum
2664 4449 2752 4496 est
2787 4438 3158 4503 Antiochiam,
3180 4453 3291 4508 quo
3314 4446 3564 4507 tempore
3596 4451 3765 4509 syno—

492 4548 604 4590 rem
625 4547 820 4587 suam:
852 4547 979 4587 nam
1026 4531 1299 4587 adulando
1329 4532 1572 4589 Nestorii
1609 4511 1879 4603 sectariis,
1895 4537 2068 4593 Deum
2102 4511 2152 4572 θ
2177 4535 2282 4592 dus
2312 4531 2644 4590 autumnalis
2676 4529 2869 4585 haberi
2904 4528 3115 4583 debuit.
3144 4527 3528 4582 Theodoretus
3556 4541 3766 4596 oppor-

495 4637 710 4690 passum
740 4638 865 4679 cum
924 4632 1167 4695 negaret,
1205 4623 1450 4695 seipsum
1475 4624 1721 4695 prodidit
1770 4628 2071 4699 impietatis

493 4714 724 4768 socium.
764 4714 1027 4786 «Pagani,
1069 4735 1087 4767 ι
1123 4714 1323 4786 inquit,
1370 4730 1635 4773 conversa
1694 4720 1761 4774 ad
1803 4720 2070 4794 Cyrillum

489 4804 760 4870 oratione,
789 4826 806 4856 ι
828 4806 976 4878 li‘gna
996 4813 1053 4877 et
1067 4805 1279 4878 lapides
1294 4817 1637 4876 venerantes,
1660 4818 1719 4864 ut
1742 4810 2073 4869 immortalia

488 4889 585 4949 illa
615 4893 858 4949 salutant
884 4914 898 4951 :
923 4906 982 4951 tu
1011 4907 1197 4954 autem
1226 4898 1335 4955 illis
1376 4899 1701 4971 praedicans,
1724 4918 1788 4957 ea
1819 4906 2072 4960 venerari

492 4995 601 5036 non
621 4980 845 5049 debere,
880 4984 977 5039 sed
1006 4986 1183 5041 solum
1210 5002 1403 5043 verum
1432 4989 1626 5055 Deum,
1663 4993 1754 5062 qui
1803 4994 2072 5049 constituit

492 5081 692 5128 montes
715 5074 770 5128 in
789 5084 1016 5141 statera,
1036 5086 1089 5130 et
1121 5079 1283 5134 silvas
1309 5081 1365 5133 in
1384 5078 1542 5146 libra,
1562 5090 1610 5133 et
1639 5084 1855 5137 metitur
1906 5101 2069 5139 manu

489 5181 712 5238 aquam,
743 5175 793 5221 et
821 5166 1008 5222 cmlum
1026 5168 1226 5238 palmo,
1259 5179 1307 5224 et
1331 5187 1536 5226 omnem
1563 5181 1763 5228 terram
1791 5176 1988 5247 pugillo
2021 5178 2067 5244 i;

491 5258 583 5329 qui
626 5260 895 5314 constituit
921 5260 1108 5315 coelum
1133 5263 1285 5331 quasi
1296 5280 1586 5331 cameram,
1618 5268 1706 5337 qui
1726 5270 1954 5323 continet
1980 5287 2069 5322 ro-

565 5371 580 5422 i
615 5371 718 5426 lsa.
763 5388 851 5437 xc,
887 5372 971 5428 12.
1048 5373 1073 5412 ιε
1098 5372 1233 5427 ibid.
1262 5373 1350 5427 22.

2177 4625 2470 4680 tunitatem
2503 4628 2717 4684 nactus,
2757 4618 2975 4683 Joanni,
3020 4617 3343 4686 casterisque
3386 4614 3765 4672 Orientalibus

2179 4725 2371 4773 auctor
2393 4713 2518 4776 fuit,
2559 4721 2639 4777 ut,
2677 4709 2826 4781 quod
2853 4709 3014 4780 legati
3055 4708 3405 4764 Chalcedone
3431 4716 3764 4773 statuerant,

2179 4806 2436 4879 quodque
2458 4804 2613 4859 Tarsi
2634 4801 2689 4855 in
2711 4801 2797 4855 via
2819 4799 3204 4856 conﬁrmatum
3234 4800 3394 4863 erat',
3427 4798 3482 4853 id
3511 4798 3767 4870 synodali

2182 4898 2453 4955 sententia
2506 4894 2673 4950 totius
2698 4891 2954 4948 dioecesis
2983 4892 3052 4945 ab
3077 4892 3145 4946 iis
3180 4907 3400 4961 quoque
3428 4890 3767 4958 sanciretur,

2182 4991 2296 5045 sive
2322 4987 2414 5059 qui
2444 4985 2791 5041 Antiochiam
2817 5000 2875 5039 se
2897 4983 3116 5053 Epheso
3140 4983 3508 5049 contulerant,
3534 4981 3651 5037 sive
3668 4982 3770 5054 qui

2180 5091 2427 5151 tempore
2484 5077 2676 5151 synodi
2734 5076 2789 5129 in
2838 5073 3064 5130 Oriente
3105 5074 3491 5129 substiterant.
3538 5073 3597 5128 ld
3630 5089 3771 5130 vero

2177 5175 2385 5229 factum
2414 5169 2749 5225 Theodoreti
2787 5167 3048 5237 impulsu,
3077 5176 3134 5222 et
3160 5168 3277 5237 ipse
3311 5166 3610 5237 aliquando
3637 5182 3773 5239 pro-

2180 5266 2322 5322 didit
2347 5264 2417 5327 “,
2446 5272 2503 5319 et
2544 5262 2740 5317 suadet
2771 5270 2959 5330 aperta
3002 5260 3163 5315 ratio.
3199 5259 3335 5314 Nam
3370 5275 3472 5314 cur
3514 5259 3771 5329 alioquin

557 5558 602 5637 δέ
633 5557 864 5637 Litteris:
898 5556 1007 5637 Has
1034 5560 1180 5629 vide,
1209 5570 1248 5617 t.
1280 5563 1376 5637 Ill,
1402 5578 1457 5634 p.
1489 5564 1631 5637 _l357
1661 5580 1778 5636 seq.
1833 5472 3071 5637 b‘?igtg‘gtgogfiamdemjententiam
3129 5571 3317 5618 tuetur
3345 5560 3670 5637 Carnerius
3713 5562 3772 5637 in

496 5626 616 5698 Not.
650 5626 716 5698 ad
754 5628 1076 5698 Epistolam,

1115 5648 1279 5703 quam
1315 5629 1700 5691 Theodoretus
1726 5629 1791 5691 ad
1824 5636 2028 5692 Rufum
2060 5629 2349 5703 scripsisse
2413 5632 2634 5688 dicitur.
2685 5629 2984 5703 Theodosii
3024 5629 3256 5703 Sacram
3307 5631 3432 5686 vide
3486 5630 3655 5696 infra,
3714 5634 3770 5688 in

492 5696 624 5777 1118?.
657 5697 711 5763 5,
760 5696 885 5769 pust
921 5702 1083 5777 epist.
1132 5696 1234 5777 ἐι.
1276 5775 1289 5777 _
1312 5705 1356 5738 “
1383 5704 1697 5777 Suprenmm
1723 5724 2128 5762 ———sermonem.
2164 5696 2509 5777 Vidc‘supra,
2540 5717 2663 5774 pag.
2689 5700 3767 5777 seqq._:f_]oan_itcs—-—sermonem.

493 5764 922 5848 Vid.st-Ipia,p.
957 5764 1092 5827 Ἠο.
1170 5775 1316 5830 "Ne
1376 5764 1653 5848 φιῖερειρ.
1714 5777 1837 5832 Vid.
1907 5778 2065 5848 epist.

2174 5775 2202 5830 [Ι
2269 5764 2677 5838 Ηίιῐιέτίὺπῇ,”ι.
2736 5771 2823 5837 Iv,
2874 5764 3134 5842 [551358.

497 5840 653 5909 epist.
687 5837 808 5895 ιη.

3226 5775 3267 5805 ⁵³
3301 5773 3563 5828 Prodidit.
3637 5773 3768 5829 Vid.
