3950 6226
286 357 369 420 ῙΠ
1454 359 1822 422 HISTORIA
1858 358 2313 422 THEODORET
2317 361 2366 422 Ι.

3441 356 3541 422 “8

287 477 451 534 postea
485 466 828 520 sententiam
877 468 1078 524 mutari
1118 477 1227 525 tam
1254 486 1396 542 aegre
1433 470 1668 533 tulisset,
1691 483 1856 539 quam
1886 476 1930 532 Α
1961 469 2305 526 Antiochiam
2326 472 2373 504 ⁸⁸
2401 471 2630 528 accessit
2655 469 2964 527 Aristolaus
3004 469 3261 525 tribunus
3282 465 3537 523 deferens

290 560 461 612 littet'a:
480 555 548 611 ad
570 555 861 614 Andream
888 557 1309 616 Samosatenum
1326 562 1371 593 "
1396 560 1624 616 dicunt?
1646 558 1857 627 Quanta

290 667 403 707 vero
434 648 551 704 haec
579 650 755 705 animi
789 652 1096 723 egritudo?
1134 672 1151 705 ι
1174 653 1496 709 Nullatenus
1515 652 1859 723 acquiescam

288 741 333 793 in
352 742 766 799 damnationem
818 744 1025 799 domini
1076 745 1182 800 mei
1211 745 1541 800 sanctissimi
1592 753 1647 799 et
1694 759 1861 797 vene-

289 830 429 884 randi
453 832 701 888 Nestorii
755 833 1041 904 episcopi,
1078 835 1323 904 praebere
1369 849 1719 897 consensum,
1760 847 1863 886 nec

289 924 479 978 violare
530 940 889 981 communem
928 927 1369 999 promissionem,
1419 943 1540 997 quae
1576 927 1631 980 in
1667 925 1861 988 Tarso,

284 1012 725 1081 cthalcedone,
762 1033 828 1072 ac
870 1018 1070 1089 Ephesi
1120 1018 1261 1074 facta
1283 1029 1399 1084 est;
1458 1019 1683 1072 memini
1715 1017 1861 1072 enim

288 1120 466 1159 eorum
501 1122 627 1175 quas
660 1124 843 1177 nuper
870 1108 1013 1179 apud
1041 1109 1412 1173 Antiochiam,
1442 1117 1564 1179 post
1613 1116 1862 1162 nostrum

288 1210 613 1264 regressum,
638 1212 669 1252 a
698 1199 862 1255 nobis
883 1215 1024 1269 saepe
1052 1200 1375 1270 deprompta
1408 1211 1563 1264 sunt,
1608 1221 1623 1251 ι
1664 1210 1769 1254 etc.

352 1281 466 1337 XII.
498 1284 693 1355 Neque
724 1296 909 1343 tamen
935 1304 1000 1343 eo
1015 1297 1307 1344 contentus
1336 1289 1461 1354 fuit,
1491 1290 1586 1345 sed
1615 1290 1865 1360 prorupit

292 1375 392 1429 huc
421 1391 600 1445 usque
648 1378 1006 1447 impotentiae,
1047 1387 1127 1444 ut,
1173 1381 1320 1450 quod
1374 1382 1542 1436 tradit
1570 1383 1616 1413 ⁸³
1666 1382 1865 1436 Marius

292 1464 574 1532 Mercator,
616 1487 635 1517 ι
671 1469 918 1538 quinque
940 1469 1110 1523 libros
1135 1469 1397 1524 adversus
1432 1470 1653 1526 beatum
1688 1470 1865 1542 Cyril-

293 1557 395 1611 lum
428 1556 825 1614 Alexandrinze
868 1560 1106 1615 civitatis
1137 1561 1464 1625 antistitem,
1505 1570 1866 1631 sanctumque

292 1647 585 1703 concilium
620 1649 961 1719 Ephesinum
1019 1668 1050 1706 a
1098 1668 1208 1722 quo
1248 1652 1533 1707 Nestorius
1580 1652 1869 1707 damnatus

1963 560 2258 618 Theodosii
2276 563 2342 618 ad
2367 563 2630 619 Joannem
2660 564 2867 635 pariter
2888 578 2951 618 ac
2971 561 3235 633 Cyrillum
3260 558 3537 621 mandata,

1963 659 2026 704 ut
2052 653 2133 704 vel
2172 662 2368 721 sponte
2394 654 2777 717 convenirent,
2798 668 3101 723 pacemque
3119 651 3384 707 Ecclesiis
3413 649 3540 704 red-

1964 742 2193 809 derent;
2230 744 2312 797 vel
2348 744 2724 799 Nicomediam
2754 744 3029 808 venirent,
3066 758 3175 797 non
3211 742 3363 811 prius
3412 740 3541 795 inde

1965 834 2260 900 recessuri,
2292 852 2455 905 quam
2488 837 2841 893 concordiam
2878 836 3151 891 iniissent.

2034 925 2100 979 ll.
2135 927 2578 999 flabuit"super
2599 944 2660 983 ea
2689 943 2745 985 re
2764 929 3004 985 Joannes
3022 927 3313 983 concilium
3339 927 3543 981 Beroea

1965 1015 2109 1084 apud
2165 1015 2447 1083 Acacium,
2472 1020 2557 1073 cui
2590 1034 2699 1073 non
2735 1018 2987 1074 interfuit
3029 1018 3431 1079 Thcodoretus,
3455 1032 3543 1071 sa-

1967 1106 2038 1160 tis
2086 1108 2431 1177 prospiciens
2462 1124 2625 1179 quem
2677 1125 2766 1165 res
2810 1111 3017 1165 exitum
3073 1117 3217 1163 esset
3264 1108 3541 1162 habitura.

1965 1199 2203 1253 Noverat
2232 1201 2379 1255 enim
2430 1201 2692 1266 indolem,
2722 1209 2835 1254 tum
2863 1201 3110 1264 Joannis,
3138 1198 3542 1259 moderatioris,

1966 1303 2130 1358 quam
2156 1298 2399 1358 optaret;
2439 1300 2553 1345 tum
2578 1290 2785 1354 Acacii,
2814 1288 3023 1345 servire
3059 1289 3291 1358 tempori
3324 1288 3543 1359 jamdu-

1968 1380 2099 1435 dum
2148 1381 2310 1451 pcriti
2339 1400 2351 1435 :
2403 1391 2633 1438 noverat
2666 1384 2833 1437 etiam
2868 1382 3156 1450 utriusque
3181 1380 3542 1439 voluntatem,

1967 1488 2074 1543 qua
2098 1474 2325 1528 mallent
2343 1475 2656 1530 consentire
2684 1474 2921 1529 Nestorii
2946 1472 3297 1542 depositioni,
3324 1472 3548 1526 damna-

1969 1565 2106 1619 tioni
2158 1565 2498 1636 dogmatum,
2549 1566 2861 1621 Maximiani
2917 1564 3273 1626 ordinationi,
3334 1563 3443 1616 imo
3492 1570 3547 1615 et

1969 1654 2157 1727 Cyrilli
2190 1656 2518 1725 receptioni.
2562 1671 2726 1726 quam
2762 1656 2848 1709 vel
2880 1654 3075 1710 leviter
3098 1653 3165 1707 de
3198 1653 3369 1723 gratia
3393 1653 3547 1721 prin-

295 1749 393 1802 est,
414 1739 641 1795 diabolo
668 1741 960 1812 instigante
995 1744 1387 1799 conscriberet.
1421 1764 1441 1796 ν
1467 1745 1644 1815 Atque
1674 1745 1709 1798 ii
1741 1754 1863 1799 sunt
1898 1769 1943 1827 Β
1971 1748 2107 1817 cipis
2142 1746 2467 1819 periclitari.

294 1829 438 1894 libri,
472 1832 681 1900 quibus
717 1833 910 1903 quinta
948 1835 1210 1906 synodus,
1236 1845 1291 1890 et
1321 1845 1542 1890 sanctus
1568 1835 1866 1906 Gregorius

290 1920 511 1991 Magnus
558 1923 722 1978 fidem
781 1925 1144 1988 catholicam,
1208 1928 1553 1997 Nic-ephorus
1613 1928 1868 1983 Callistus

292 2015 506 2068 tertiam
543 2015 814 2085 synodum
869 2017 1241 2089 impugnatam
1273 2021 1459 2074 tradit.
1501 2020 1728 2075 Miretur
1767 2037 1867 2075 au-

294 2113 397 2160 tem
441 2121 613 2160 nemo
662 2106 981 2164 Mercatoris
1010 2109 1215 2165 dictum
1258 2110 1325 2164 de
1359 2111 1518 2166 libris
1575 2111 1869 2181 instigante

291 2197 512 2253 diabolo
552 2200 929 2271 conscriptis:
978 2202 1114 2257 nihil
1164 2203 1311 2257 enim
1360 2203 1493 2273 ipsis
1544 2204 1724 2273 potuit
1777 2214 1871 2260 aut

292 2290 690 2345 amarulentius
719 2292 890 2346 scribi
920 2302 1015 2347 aut
1059 2294 1455 2349 calumniosius
1476 2293 1584 2349 dici
1608 2295 1872 2350 adversus

292 2380 474 2436 Patres
501 2382 1104 2452 Ephesinos.iTantum
1132 2385 1305 2440 valuit
1340 2385 1563 2450 invidia,
1598 2385 1775 2456 inquit
1799 2386 1866 2452 “,

289 2474 374 2527 cui
397 2490 499 2529 vos
517 2476 895 2544 mancipastis,
917 2484 976 2530 ut
992 2493 1112 2546 quae
1127 2477 1257 2531 olim
1283 2493 1380 2548 per
1405 2493 1577 2532 unum
1599 2485 1694 2532 aut
1709 2477 1868 2541 duos,

290 2565 471 2619 ethos
503 2566 763 2624 latentes.
800 2566 1134 2637 Apollinaris
1167 2569 1517 2639 loquebatur,
1566 2569 1683 2624 haec
1726 2585 1874 2624 nunc

292 2657 611 2724 permultos
638 2658 900 2713 Ecclesia:
923 2660 1182 2730 praesules
1215 2662 1731 2733 congregationibus
1765 2662 1872 2717 Ec-

289 2745 579 2801 clesiarum
616 2751 791 2803 sacris
831 2750 1110 2814 exhibeat,
1152 2758 1210 2806 et
1244 2753 1379 2807 tales
1411 2753 1597 2808 herbae
1643 2770 1740 2823 per
1776 2770 1874 2824 pa-

290 2847 462 2894 stores
513 2841 775 2910 gregibus
818 2843 1149 2909 oti‘erantur,
1205 2845 1571 2916 luporumque
1638 2863 1871 2910 morsus,

290 2939 566 2986 rectorum
595 2932 926 2999 ministerio,
984 2935 1344 2991 rationalibus
1389 2937 1585 2991 ovibus
1620 2938 1874 3008 lntligan-

290 3034 400 3090 tur;
435 3025 535 3097 qui
567 3026 625 3081 in
648 3027 866 3083 duabus
897 3038 992 3083 aut
1016 3032 1191 3086 tribus
1220 3032 1538 3086 civitatibus
1569 3042 1721 3086 extra
1754 3049 1875 3086 mu.-

2040 1839 2129 1894 lll.
2160 1839 2403 1894 Dederat
2430 1839 2731 1909 imperator
2750 1836 2901 1906 pacis
2920 1835 3090 1906 leges,
3123 1833 3349 1905 Cyrillo,
3372 1843 3549 1902 utpar

1969 1940 2106 1994 erat,
2167 1929 2522 1996 bonoriﬂcas,
2582 1928 2778 1984 Joanni
2835 1926 3023 1981 duras.
3086 1926 3350 1980 Joannem
3398 1925 3545 1978 enim

1965 2023 2193 2094 jubebat
2230 2021 2469 2076 Nestorii
2517 2020 2712 2090 dogma
2740 2018 3023 2080 damnare,
3056 2019 3283 2087 ejusque
3325 2016 3545 2085 deposi-

1971 2115 2177 2168 tionem
2225 2114 2432 2182 scripto
2474 2112 2740 2182 probare;
2776 2110 3040 2182 Cyrillum
3081 2109 3320 2178 privatas
3369 2106 3547 2162 oﬂ‘cn-

1971 2205 2156 2261 siones
2184 2204 2481 2273 deponere,
2512 2211 2567 2257 et
2594 2218 2715 2272 quae
2756 2216 2952 2272 passus
2978 2208 3121 2254 esset
3166 2198 3389 2269 Ephesi,
3422 2198 3549 2253 cha-

1973 2297 2151 2351 ritatis
2185 2312 2352 2351 causa
2377 2295 2653 2349 oblivisci.

2043 2389 2132 2443 ιν.
2166 2387 2377 2442 Placuit
2406 2386 2771 2442 Orientalium
2801 2386 3035 2440 concilio
3058 2385 3307 2453 accipere
3340 2384 3550 2437 oblatas

1973 2480 2340 2544 conditiones,
2387 2494 2456 2533 ne
2490 2494 2597 2548 qua
2635 2478 2846 2532 ratione
2880 2477 3258 2531 offenderetur
3287 2474 3553 2546 principis

1974 2572 2225 2635 animus;
2264 2570 2359 2625 sed
2400 2586 2468 2625 ne
2519 2586 2683 2624 causa
2731 2568 2997 2624 cecidisse
3027 2567 3182 2638 165
3207 2567 3549 2629 viderentur,

1976 2662 2298 2718 tentandum
2328 2662 2523 2717 callide
2576 2661 2861 2733 Cyrillum,
2921 2661 2965 2716 si
2997 2677 3103 2730 qua
3136 2660 3325 2714 fraude
3371 2668 3555 2729 posset

1977 2756 2043 2812 ad
2072 2755 2124 2810 id
2164 2754 2433 2825 agendum
2465 2754 2686 2819 adduci,
2714 2769 2823 2824 quo
2859 2753 3201 2815 crederetur,
3232 2749 3553 2820 poenitentia

1976 2849 2173 2903 ductus
2209 2858 2448 2903 mutasse
2468 2847 2819 2909 sententiam,
2872 2843 3292 2912 retractatisque
3315 2842 3431 2896 sive
3460 2856 3552 2895 ca-

1976 2941 2187 3012 pitulis,
2221 2942 2335 2996 sive
2386 2940 2630 3009 scriptis,
2664 2939 2718 2992 in
2747 2944 2933 3008 partes
2960 2935 3321 2991 Orientalium
3372 2944 3554 2989 trans-

1980 3034 2131 3089 iisse.
2182 3034 2378 3087 Missus
2423 3040 2510 3086 est
2556 3031 2723 3102 igitur
2776 3045 2841 3084 ex
2896 3027 3133 3083 concilio
3167 3024 3554 3081 Alexandriam

291 3133 474 3171 rerum
511 3127 689 3188 septa,
712 3134 918 3188 paucos
938 3121 1339 3192 alloquebatur,
1364 3139 1502 3192 quos
1519 3123 1683 3177 etiam
1711 3124 1876 3179 variis
1903 3102 1945 3160 θ
1982 3125 2184 3179 Paulus
2234 3124 2555 3186 Emcseuus,
2592 3120 2685 3190 qui
2727 3120 2894 3173 variis
2944 3118 3159 3171 artibus
3199 3122 3433 3169 conatus
3471 3123 3557 3169 est

292 3210 516 3264 canticis
550 3210 876 3273 sedurebat,
912 3228 1061 3267 nunc
1088 3212 1189 3267 iste
1210 3230 1308 3282 per
1341 3230 1437 3268 vos
1466 3213 1518 3267 in
1551 3213 1747 3269 mediis
1784 3215 1881 3268 tri-

293 3294 484 3363 pudiat
514 3296 780 3351 urbibus:
800 3299 920 3365 ejus
941 3300 1088 3353 enim
1117 3300 1275 3371 16/4.
1302 3302 1615 3370 praedicatis
1636 3319 1876 3367 errores,

291 3393 345 3437 et
376 3400 575 3440 vocum
607 3388 950 3442 novitatibus
1000 3391 1361 3456 dccoramini,
1394 3403 1714 3463 reparantes
1763 3395 1882 3465 ejus

290 3475 714 3547 blasphemiam,
763 3497 885 3550 qua:
917 3482 1028 3552 jam
1051 3482 1227 3538 fuerat
1256 3493 1581 3555 consumpta
1613 3487 1877 3557 tempori-

290 3564 441 3621 bus.»
489 3567 628 3635 Quis
659 3570 851 3624 credat
909 3572 979 3625 ab
1028 3572 1249 3627 homine
1305 3591 1413 3629 non
1458 3584 1653 3630 emotae
1678 3578 1878 3632 mentis

290 3656 403 3711 hate
423 3658 680 3714 effutita?
711 3661 863 3716 Fecit
899 3662 945 3693 ⁸¹
978 3672 1125 3718 tanta
1150 3672 1370 3735 tamque
1395 3666 1565 3722 effera
1605 3668 1875 3723 librorum

291 3748 535 3813 licentia,
569 3762 632 3808 ut
668 3763 723 3808 et
752 3755 1067 3811 vindicibus
1109 3757 1345 3812 flammis
1383 3758 1876 3832 Theodosiijussu,

294 3842 436 3911 quod
459 3858 654 3915 postea
710 3849 1051 3915 narrabitur,
1082 3851 1359 3924 absumpti
1390 3853 1518 3917 sint,
1551 3863 1606 3908 et
1633 3871 1661 3909 a
1684 3857 1875 3925 quinta

294 3935 500 4005 synodo
535 3949 802 3994 aeternam
835 3941 1107 3998 maculam
1135 3945 1379 4007 auctoris
1408 3945 1492 4001 sui
1518 3946 1725 4000 nomini
1751 3948 1875 4018 jure

296 4027 606 4085 intulerint.

907 4146 1132 4204 CAPUT
1164 4149 1250 4202 Vl.

370 4238 521 4316 ἐρεένεί
549 4241 845 4316 imperator
874 4241 1002 4294 iniri
1029 4258 1212 4316 pacem
1246 4243 1388 4316 inter
1414 4242 1680 4316 Joannem
1698 4253 1744 4298 et
1776 4242 1876 4316 Cy-

370 4307 565 4385 rillum.
622 4310 686 4363 ll.
718 4309 952 4385 Joannes
991 4307 1127 4385 cogit
1196 4311 1687 4385 synodumﬂefwte
1733 4307 1877 4385 apzid

371 4378 635 4442 Acacium,
669 4397 701 4433 a
720 4396 823 4449 qua
854 4378 1201 4435 ’l‘heodo'retus
1225 4378 1387 4435 abest.
1414 4382 1503 4436 111.
1537 4378 1874 4442 Conditiones

371 4448 639 4523 [eamdi].
659 4448 841 4523 Agunt
865 4449 986 4504 dolo
1015 4450 1395 4523 0rie_ntales.V.
1424 4451 1653 4505 Litteras
1682 4452 1869 4523 Cyritli
1911 4450 1953 4503 [ἱ

372 4516 724 4592 ᾘιεοάιῃνειᾳᾷ
758 4521 914 4592 videt,
947 4530 996 4575 et
1018 4520 1266 4592 maligne
1295 4522 1678 4592 interpretatur
1703 4516 1870 4577 {hinc

533 4587 984 4683 (ipyjlloninvidia.
1005 4590 1089 4644 Vl.
1123 4586 1312 4673 scribit
1335 4592 1404 4644 ad
1429 4586 1868 4683 gloriosi/leode-

372 4665 525 4730 ratus.
559 4657 675 4730 VII.
713 4657 1000 4730 rSancitam
1034 4678 1216 4730 parem
1250 4662 1534 4730 improbat.
1593 4662 1728 4715 VIII.
1764 4662 1869 4716 Ne—

372 4678 525 4711 mus.
568 4678 675 4713 vn.
724 4678 1000 4714 oancuam
1072 4678 1216 4715 arcm
1250 4678 1534 4730 υηρνουαι.
1599 4678 1728 4715 vm.
1764 4678 1868 4716 εγε-

371 4729 529 4801 sterio
559 4729 673 4801 dati
702 4729 927 4801 litteras.
984 4678 1076 4785 ui).
1144 4731 1209 4784 Et
1275 4733 1528 4801 episcopis
1564 4730 1868 4794 Phoenicim,

371 4798 505 4916 7.14041
525 4800 783 4881 ιμιιενὶηιν⁸
809 4798 1041 4883 Cyrillas
1069 4803 1230 4854 tacito
1264 4798 1510 4856 nomine.
1555 4801 1624 4856 Χ.
1666 4803 1871 4868 Accipit

391 4874 571 4916 lucra:
601 4887 633 4916 α
658 4867 881 4916 Currllo-
925 4871 1108 4916 ambus
1146 4881 1324 4916 nnslen
1367 4872 1577 4916 abusus-
1616 4872 1704 4916 XI,
1765 4873 1870 4916 Fu-

391 4867 571 4941 itteras
597 4887 633 4941 μ
658 4867 882 4941 ΟῃνὶΗό,
925 4871 1113 4941 quibus
1144 4881 1324 4941 postea
1367 4872 1578 4927 abusus.
1616 4872 1706 4926 ΧΙ.
1764 4867 1870 4926 Fa-

373 4937 553 4991 ctionis
571 4937 719 5004 dum;
746 4941 830 4994 cui
861 4937 1049 4994 noinen
1086 4937 1495 5012 Accii/talorum.

704 5037 708 5041 ⁴
740 5053 812 5102 Ab
836 5066 969 5101 anno
993 5053 1168 5105 Christi
1196 5055 1287 5102 ise
1320 5055 1378 5103 ad
1403 5056 1513 5104 ist.

377 5135 417 5190 l.
443 5139 539 5192 Vix
597 5154 775 5193 annus
805 5138 1092 5194 eﬂluxcrat
1122 5155 1149 5193 a
1178 5140 1392 5194 concilii
1427 5140 1722 5200 solutione.
1757 5159 1882 5197 cum

1650 5278 1964 5334 senunzu
1996 5250 2228 5333 Noras.

378 5361 523 5440 ""Ad
574 5364 739 5440 Amjr.
780 5363 1053 5440 Samosat.
1095 5365 1435 5440 Vcl‘potius,
1495 5368 1560 5440 ad
1620 5370 1986 5425 Alexandrum
2044 5370 2532 5440 Hierapolitanum.
2584 5371 2698 5424 Vid.
2744 5380 2779 5424 t.
2843 5370 2930 5432 iV,

1978 3216 2193 3275 eﬂlccre
2233 3224 2312 3277 ut,
2345 3214 2492 3285 quod
2530 3213 2769 3268 habebat
2801 3212 2854 3266 in
2892 3210 3184 3274 mandatis,
3218 3218 3338 3265 acta
3374 3208 3556 3279 Ephe-

1979 3309 2099 3363 sina
2128 3307 2612 3372 rescinderentur;
2644 3305 3123 3374 supprimerentur
3146 3301 3328 3357 omnia
3370 3300 3555 3372 Cyrilli

1978 3400 2222 3471 scripta;
2254 3402 2271 3419 ‘
2306 3400 2420 3456 sola
2456 3397 2589 3452 ﬁdes
2639 3397 2857 3452 Nicaeua
2901 3395 3390 3455 subscriberetur;
3442 3395 3560 3465 epi-

1979 3491 2131 3563 scopi
2148 3500 2386 3564 quatuor
2406 3505 2582 3560 nuper
2603 3505 2632 3544 a
2650 3488 2969 3542 Maxirniana
2994 3487 3200 3558 synodo
3221 3486 3557 3542 exauctorati

1979 3585 2139 3641 sedes
2205 3584 2553 3655 reciperent;
2606 3582 2759 3638 solus
2816 3581 3036 3636 nomine
3098 3581 3267 3636 totius
3312 3580 3558 3636 Orientis

1979 3676 2180 3731 Paulus
2206 3692 2393 3747 pacem
2427 3677 2634 3747 scripto
2680 3675 2943 3739 ﬁrmaret;
2979 3683 3035 3729 et
3077 3675 3275 3728 litterae
3298 3673 3547 3738 Joannis,

1979 3785 2101 3840 qua:
2151 3767 2611 3823 condonationem
2681 3767 2852 3837 magis
2911 3782 3073 3836 quam
3130 3764 3555 3820 satisfactionem

1980 3860 2267 3922 offerrent,
2326 3858 2731 3929 acciperentur.
2785 3856 3030 3912 Conatus
3087 3855 3239 3911 Pauli
3300 3865 3557 3925 artesque

1977 3965 2235 4005 successu
2265 3955 2560 4003 caruerunt
2592 3965 2604 4001 :
2633 3948 2719 4002 his
2769 3955 2948 4001 tamen
2995 3955 3053 4001 et
3103 3945 3223 4001 aliis
3276 3944 3556 4016 fatigatus,

1978 4040 2215 4114 Cyrillus
2239 4040 2639 4112 expositionem
2661 4039 2784 4092 fidei
2828 4038 3021 4103 edidit,
3059 4037 3335 4107 misitque,
3373 4036 3556 4091 forsan

1980 4132 2278 4196 incautius,
2334 4128 2683 4185 Antiochiam
2737 4144 2836 4198 per
2885 4142 3014 4181 suos
3071 4127 3343 4181 clericos:
3393 4139 3557 4194 quam

1978 4224 2127 4281 enim
2153 4223 2412 4279 credebat
2439 4238 2495 4277 se
2520 4221 2674 4290 quasi
2709 4220 2945 4290 quodam
2988 4219 3234 4273 victoria:
3278 4219 3401 4289 jure
3424 4234 3560 4289 prte-

1980 4317 2224 4374 scriberc
2257 4315 2381 4370 aliis
2411 4313 2535 4368 fidei
2564 4313 2814 4375 formam,
2837 4311 2938 4382 ipsi
2962 4311 3111 4364 velut
3131 4308 3558 4363 satisfactionem

1981 4413 2333 4477 acceperunt,
2384 4420 2547 4474 quam
2579 4403 2673 4473 qui
2708 4402 2920 4479 primus
2958 4401 3139 4467 offert,
3192 4415 3346 4454 reum
3392 4414 3449 4453 se
3502 4406 3563 4453 et

1982 4499 2293 4554 convictum
2326 4495 2546 4551 fatetur.
2602 4496 2772 4549 Porro
2819 4501 3001 4547 autem
3029 4533 3042 4557 ,
3081 4491 3173 4561 qui
3220 4488 3559 4544 exauctorati

1977 4599 2210 4662 quatuor
2257 4588 2498 4658 episcopi
2523 4587 2803 4651 dicuntur,
2831 4583 3052 4639 fuerunt
3086 4581 3383 4634 Eutherius
3418 4579 3557 4650 Tya-

1976 4681 2202 4743 nensis,
2264 4678 2545 4733 llelladius
2614 4674 2919 4735 Tarsensis,
2972 4671 3247 4725 Himerius
3302 4670 3559 4725 Nicome-

1977 4772 2207 4837 diensis,
2266 4778 2323 4826 et
2368 4769 2681 4826 Dorothcus
2729 4763 3309 4832 Mareianopolitanus,
3369 4778 3560 4817 omnes

1978 4864 2345 4935 metropolitae
2369 4856 2994 4927 Constantinopolitanze
3028 4855 3144 4909 sedi
3174 4854 3429 4908 obnoxii:
3462 4854 3556 4923 qui

1988 4973 2115 5012 cum
2156 4971 2268 5026 pra:
2305 4953 2540 5008 Nestorii
2579 4964 2764 5004 amore
2803 4948 2855 5002 in
2890 4947 3202 5002 Maximiani
3256 4945 3561 5005 ordinatio-

1989 5034 2113 5105 nem
2148 5046 2459 5102 consentire
2512 5042 2868 5114 pertinaciter
2921 5049 3241 5105 renuerent,
3283 5055 3310 5092 a
3355 5037 3562 5110 synodo

1990 5140 2300 5196 Maximiani
2330 5135 2661 5192 ordinatrice
2686 5134 2881 5207 dejecti
2920 5143 3064 5188 sunt.

2981 5385 3034 5436 p.
3103 5365 3254 5421 1560.
3300 5366 3378 5436 7⁸³
3413 5363 3563 5436 Quod

322 5433 483 5511 tradit,
512 5445 613 5511 etc.
645 5435 897 5511 Operum
933 5442 974 5488 t.
1014 5434 1078 5498 ll,
1106 5435 1311 5511 pilio",
1337 5436 1467 5511 edit.
1492 5437 1764 5511 Garnerii.
1793 5442 1913 5495 V'id.
1959 5458 2141 5511 supra,
2169 5433 2224 5510 p:
2254 5440 2374 5493 115.
2452 5441 2496 5472 ⁵³
2532 5440 2777 5502 Tantum,
2822 5449 2927 5493 etc.
2962 5433 3203 5511 ’[itulum
3257 5435 3564 5511 bisndcdit

322 5503 497 5582 Marius
540 5503 911 5582 Mercator_(l.
954 5520 1026 5564 ο..

318 5576 424 5630 diss.
448 5576 494 5641 2,
523 5595 643 5641 cap.

1079 5520 1132 5573 Ρ.
1170 5504 1340 5579 εἷα»)
1368 5524 1404 5579 Α(
1427 5506 1525 5579 Ex_
1562 5508 1700 5563 libro
1729 5511 1924 5578 quinto
1955 5503 2283 5566 Theodoreti
2321 5526 2419 5579 pro
2448 5510 2757 5564 Theodoro.
2788 5530 2804 5559 ι
2884 5510 2928 5540 ³⁵
2962 5507 3120 5579 Fecit,
3175 5514 3280 5579 etc.
3302 5503 3454 5579 _Ali_l_)i
3485 5505 3562 5563 (in

748 5619 763 5641 ,
802 5572 878 5629 de
910 5572 1145 5652 quatuor
1173 5572 1340 5652 Ilib_t'_i_s
1366 5575 1632 5652 Eranistie
1681 5594 1724 5652 s.
1749 5572 2125 5652 'Polymorphi
2171 5582 2288 5636 haec
2324 5572 2519 5652 narrat
2561 5579 3040 5652 Garnerius._solis
3070 5575 3275 5652 (inquit
3291 5572 3560 5652 Ottdintss,

318 5576 424 5630 diss.
448 5576 494 5641 2,
523 5595 583 5634 ca
630 5622 643 5633 .
680 5576 763 5703 6‘2,
802 5576 878 5629 de
910 5582 1145 5642 quatuor
1186 5576 1340 5628 libris
1366 5576 1632 5631 El'ﬂﬂiSiiB
1681 5594 1724 5632 s.
1749 5576 1862 5635 ’Pol

312 5660 340 5722 t.
370 5647 406 5712 1,
428 5666 477 5722 p.
514 5595 678 5720 “31)
730 5644 992 5722 crventis
1025 5645 1225 5722 suzenin
1265 5644 1671 5722 Tlteodorctum
1699 5650 1869 5722 imagii

1978 5581 2125 5652 )rphi
2171 5582 2288 5636 haec
2324 5576 2519 5635 narrat
2561 5579 2880 5638 Garnerius.
2911 5579 3040 5632 solis
3070 5576 3271 5646 (inquit
3291 5576 3558 5652 Oudintss,

1982 5653 2104 5705 onis
2127 5651 2466 5722 coniecturis
2502 5652 2717 5705 ductus.
2796 5651 2840 5680 ⁵⁸
2866 5647 3020 5722 Cum,
3056 5654 3172 5699 cast.
3216 5643 3347 5722 Vici...
3400 5654 3558 5722 epist.

299 5713 557 5797 f'yrﬂiiad
604 5713 999 5797 Aeaci-nm,“
1030 5730 1108 5797 tu,
1134 5714 1301 5793 Cone.
1334 5715 1560 5797 Ephes.,
1587 5734 1703 5787 cap.
1737 5716 1827 5772 33;

1978 5722 2087 5777 Vid.
2120 5713 2366 5775 Gariierii
2419 5720 2549 5775 diss.
2592 5722 2656 5774 de
2716 5718 2937 5791 synodis
2992 5717 3044 5769 in
3086 5729 3245 5768 causa
3304 5713 3561 5777 Nestorii,

285 5784 344 5867 μ’
377 5812 416 5852 ιι
453 5796 591 5869 Opp.
646 5788 821 5849 Marii
877 5784 1215 5838 Mercatoris.
1260 5800 1313 5854 p.
1362 5784 1463 5839 559
1502 5802 1615 5854 seq.
