3950 6226
181 382 264 448 tat
1353 384 1721 445 HISTORIA
1757 344 2269 448 THEODORiETI.

3333 375 3432 442 122

177 494 335 553 sedes.
364 492 671 547 Romanam
706 491 861 557 dico,
894 490 1346 558 Alexandrinam,
1380 501 1438 548 et
1463 492 1738 548 Constan-
1772 503 1811 555 Α
1846 498 1931 551 rio
1963 498 2187 568 scripsit
2220 497 2289 552 ad
2328 496 2588 551 Acacium
2638 493 2978 556 Melitenam,
3026 506 3259 561 eamque
3309 505 3431 544 cum

178 585 569 656 tinopolitanam
597 602 613 638 :
646 584 808 640 dedit
834 585 1037 641 iterum
1071 585 1138 640 ad
1171 586 1477 642 Himerium
1508 586 1745 649 litteras,

178 678 359 749 quibus
376 677 544 732 animi
580 679 670 733 sui
713 693 968 742 sensum,
997 678 1270 748 simulque
1300 679 1560 734 factionis
1600 686 1749 734 artes

178 769 436 841 patefecit.
474 789 493 822 ε
522 770 646 824 Non
678 779 862 834 tuam,
886 770 1136 841 inquit“,
1174 771 1340 826 lateat
1374 771 1747 835 sanctitatem,

178 861 327 931 quod,
353 870 646 932 postquam
670 862 781 933 legi
802 862 1115 933 epistolam,
1146 880 1269 934 quae
1311 864 1631 936 imperatori
1660 864 1750 919 di-

180 960 443 1017 rcctaest,
488 953 662 1009 nimis
694 955 885 1010 animo
917 956 1103 1021 dolui;
1146 958 1276 1027 quia
1321 957 1611 1013 manifeste
1654 972 1753 1013 co-

181 1059 387 1117 gnosco,
402 1045 556 1116 quod
584 1046 653 1109 is,
673 1047 770 1116 qui
799 1047 945 1101 hanc
958 1047 1197 1117 scripsit,
1219 1047 1460 1119 idipsum
1483 1049 1751 1115 sentiens,

182 1137 462 1194 indiscrete
503 1146 673 1208 atque
721 1137 915 1208 inique
959 1137 1242 1193 damnavit
1290 1153 1440 1204 eum,
1485 1138 1580 1209 qui
1614 1138 1754 1194 nihil

182 1240 363 1301 praeter
410 1229 727 1285 doctrinam
762 1245 953 1285 sanam
999 1229 1159 1284 novit
1185 1229 1397 1300 aliquid
1435 1239 1493 1286 et
1539 1229 1751 1285 docuit.

183 1323 276 1379 Sed
305 1323 808 1378 anathematismus
838 1324 1100 1387 insertus,
1129 1321 1260 1377 licet
1281 1321 1516 1378 idoneus
1547 1322 1620 1378 sit
1641 1337 1758 1376 am-

182 1413 331 1483 plius,
366 1428 538 1483 quam
580 1428 895 1468 consensus
934 1411 1306 1470 damnationis
1342 1414 1485 1485 ejus,
1530 1412 1759 1469 turbare

183 1504 465 1570 lectorem;
489 1512 680 1560 tamen
705 1505 837 1576 quia
860 1520 971 1561 non
998 1504 1319 1570 indiscrete,
1354 1505 1452 1561 sed
1484 1506 1587 1561 sub
1616 1520 1752 1576 qua-

184 1596 296 1652 dam
322 1596 776 1653 consideratione
798 1596 1012 1668 positus
1031 1606 1136 1662 est,
1173 1596 1431 1652 solatium
1462 1596 1718 1668 praestitit
1744 1613 1758 1651 :

185 1704 277 1745 nec
304 1689 454 1745 enim
470 1687 651 1744 dixit:
682 1688 1231 1744 Anathematizamus
1275 1687 1584 1744 doctrinam
1610 1690 1759 1761 ejus;

186 1781 644 1851 sedqurecunque
686 1780 851 1837 aliter
879 1780 1020 1836 dixit
1065 1790 1162 1837 aut
1188 1780 1363 1838 sensit
1416 1796 1583 1853 quam
1626 1780 1763 1838 doc-

187 1873 318 1928 trina
340 1873 649 1943 apostolica
666 1872 935 1928 continet.
968 1892 988 1924 ι

248 1964 382 2019 Vill.
416 1963 585 2019 Dedit
623 1972 681 2019 et
714 1964 853 2020 alias
875 1965 944 2020 ad
970 1965 1308 2031 Nestorium,
1342 1972 1581 2022 testatus
1612 1979 1768 2020 suam

190 2054 241 2109 in
279 2055 452 2124 ipsius
483 2054 742 2124 partibus
772 2055 996 2111 tuendis
1022 2057 1427 2113 constantiam:
1478 2077 1497 2110 ‹
1534 2057 1652 2124 liis,
1687 2057 1772 2112 in-

191 2148 379 2218 quit“,
403 2162 530 2217 quae
554 2154 751 2203 contra
769 2157 919 2203 tuam
940 2151 1357 2206 venerationem
1386 2151 1587 2222 injuste
1606 2158 1773 2220 atque

193 2238 369 2308 inique
396 2248 619 2308 patrata
643 2247 798 2305 sunt,
829 2254 936 2295 nec
962 2241 1009 2295 si
1052 2241 1188 2296 mihi
1220 2250 1513 2312 utramque
1544 2256 1775 2296 manum

194 2329 306 2399 quis
319 2328 699 2395 abscinderet,
729 2339 925 2399 potero
946 2332 1191 2402 przebere
1214 2347 1570 2396 consensum,
1586 2331 1775 2386 divina

196 2420 559 2489 proculdubio
578 2419 717 2474 mihi
738 2428 1068 2490 cooperante
1096 2422 1291 2493 gratia,
1317 2429 1373 2477 et
1400 2420 1774 2475 inﬁrmitatem

195 2512 377 2568 animae
406 2513 771 2579 sublevante;
844 2513 1007 2584 168
1043 2514 1149 2569 hoc
1194 2523 1381 2569 autem
1431 2514 1597 2570 etiam
1664 2513 1774 2578 his,

196 2605 279 2674 qui
310 2604 428 2659 hate
478 2602 734 2675 exigunt,
784 2612 1000 2659 certum
1047 2605 1252 2660 litteris
1309 2605 1438 2669 feci,
1490 2613 1546 2661 et
1580 2614 1783 2660 vestra:

197 2696 486 2759 sanctitati,
514 2696 652 2766 quid
692 2712 723 2751 a
764 2711 854 2751 me
896 2696 979 2752 eis
1030 2697 1359 2768 rescriptum
1386 2699 1490 2764 sit;
1529 2698 1779 2767 cxcrupla

199 2788 487 2852 transmisi,
523 2799 801 2858 quatenus
825 2796 1109 2860 agnoscat,
1139 2790 1289 2859 quod
1312 2790 1527 2845 nullum
1561 2799 1780 2861 tempus

199 2894 287 2935 nos
317 2896 418 2950 per
443 2880 691 2935 divinam
710 2880 943 2952 gratiam
971 2881 1353 2937 commutabit.
1398 2903 1417 2934 ι

258 2969 345 3024 Π.
378 2968 525 3036 Quin
548 2970 719 3025 etiam
738 2969 1039 3026 Phoenicia;
1066 2970 1367 3043 episc0pis,
1398 2988 1540 3043 quos
1571 2973 1629 3028 in
1663 2973 1785 3029 suis

200 3062 440 3132 partibus
484 3062 821 3118 auctoritate
872 3061 1147 3117 hactenus
1174 3063 1503 3130 retinuerat,
1541 3074 1599 3120 et
1638 3080 1781 3137 quos

200 3169 290 3209 sua
342 3164 529 3208 tamen
575 3154 919 3210 conscientia
964 3161 1223 3225 coegerat
1252 3155 1404 3225 pacis
1436 3156 1782 3212 conditiones

201 3244 439 3315 accipere
466 3284 482 3307 ,
533 3242 742 3314 obiecit
807 3258 907 3314 per
960 3243 1250 3313 epistolam
1311 3244 1782 3314 prmvaricationis

204 3337 421 3401 crimen,
449 3336 614 3406 quasi
635 3351 843 3391 novum
872 3336 1217 3407 accepissent
1251 3336 1562 3408 symbolum
1586 3344 1785 3407 praeter

203 3426 479 3482 Nicenum
502 3443 518 3491 ;
545 3434 840 3496 postquam
882 3425 1089 3496 Ephesi
1116 3426 1354 3483 confessi
1382 3436 1593 3491 essent,
1624 3442 1684 3481 se
1710 3426 1787 3482 ita

204 3517 257 3573 in
279 3518 502 3573 Niceno
524 3516 944 3587 conquiescere,
970 3526 1032 3572 ut
1058 3517 1208 3573 aliud
1230 3518 1605 3589 quodcunque
1648 3533 1786 3573 con-

206 3610 255 3664 di
278 3624 565 3680 nunquam
590 3616 779 3663 essent
805 3607 1048 3678 passuri.

267 3697 399 3752 Eam
422 3697 499 3753 ob
519 3711 640 3751 rem
662 3695 828 3751 tacito
850 3695 1071 3750 nomine
1083 3695 1327 3769 aCyrillo
1342 3697 1665 3769 perstrictus
1679 3707 1787 3754 est.

220 3809 238 3839 ι
268 3788 410 3856 Quid
439 3789 634 3860 igitur,
666 3788 745 3844 ait
779 3789 848 3854 ⁸⁸,
898 3797 1107 3846 temere
1146 3790 1412 3846 conviciis
1444 3790 1788 3846 insectantur

211 3882 500 3938 Phenicia'.
519 3881 830 3951 episcopos,
856 3895 1049 3936 eorum
1070 3896 1401 3937 consensum
1416 3898 1618 3937 novum
1647 3899 1792 3954 sym—

213 3975 393 4031 bolum
445 3972 814 4044 appellantes,
847 3988 1015 4045 quem
1045 3973 1126 4028 illi
1154 3974 1366 4028 utiliter
1394 3984 1452 4029 et
1475 3974 1791 4029 necessario

214 4067 524 4129 ediderunt,
557 4073 621 4120 ut
650 4065 915 4119 nimirum
969 4080 1028 4120 se
1067 4073 1387 4137 purgarent,
1432 4081 1639 4137 eosque
1689 4066 1792 4121 de~

216 4159 536 4223 mulcerent,
549 4155 645 4226 qui
676 4157 828 4226 ipsos
856 4155 1240 4212 Nestorianam
1266 4157 1566 4211 novitatem
1596 4172 1794 4226 appro—

217 4250 342 4305 bare
394 4249 872 4305 existimaverant.
909 4267 929 4299 ι
992 4248 1216 4304 Poterat
1260 4248 1379 4302 haec
1432 4248 1792 4318 reprehensio

219 4342 455 4396 animum
502 4339 845 4396 Theodoreti
875 4352 1006 4410 erga
1045 4338 1313 4411 Cyrillum
1341 4340 1453 4410 jam
1486 4341 1612 4408 plus
1635 4353 1796 4408 aequo

222 4431 493 4488 infensum
524 4432 903 4497 exacerbare;
939 4430 1036 4485 sed
1071 4446 1183 4488 suae
1206 4430 1363 4485 famae
1392 4430 1658 4484 interesse
1692 4445 1794 4484 no-

1854 587 2011 642 libris
2040 588 2300 642 decemin
2323 588 2603 642 lulianum
2627 595 2930 657 apostatam
2953 600 2982 638 a
3012 599 3071 637 se
3093 582 3432 651 compositis,

1855 679 2052 734 Joanni
2072 678 2419 732 Antiocheno
2455 678 2627 741 misit,
2663 691 2862 746 rogans
2889 683 2950 729 ut
2964 688 3089 729 cum
3120 671 3436 727 eruditissi-

1857 772 1965 827 mis
1987 770 2299 841 quibusque
2346 785 2461 825 sua:
2505 767 2762 825 dimcesis
2811 764 3087 837 episcopis
3126 777 3436 818 communi-

1859 872 2031 920 caret.
2062 863 2191 919 Haec
2224 862 2609 917 Theodoretns
2652 875 2779 915 cum
2815 856 3120 927 accepisset
3146 871 3177 910 a
3205 854 3437 918 Joanne,

1859 958 2192 1027 legissetque
2235 953 2520 1018 attentius,
2572 953 2786 1007 litteras
2851 949 3002 1004 misit
3057 948 3124 1002 ad
3175 944 3441 1019 Cyrillum

1861 1048 2087 1104 laudum
2114 1055 2280 1116 atque
2328 1043 2493 1100 oliicii
2539 1045 2753 1114 plenas,
2785 1052 3115 1111 mutuasque
3145 1040 3217 1095 ab
3251 1054 3321 1095 eo
3351 1053 3442 1093 re-

1863 1141 2032 1211 cepit,
2060 1155 2165 1194 nec
2188 1139 2311 1194 illas
2345 1152 2505 1202 unas,
2542 1151 2681 1207 quas
2717 1149 2783 1188 eo
2824 1132 3141 1204 diligentius
3179 1128 3443 1194 servavit,

1864 1249 1975 1305 quo
1992 1232 2313 1288 callidiores
2348 1231 2416 1285 ad
2448 1244 2583 1285 usus
2608 1227 2945 1282 destinabat.

1936 1327 2005 1381 Et
2038 1339 2171 1380 vero
2188 1322 2543 1394 postmodum
2569 1321 2783 1375 abusus
2807 1327 2916 1382 est,
2951 1332 3077 1373 cum
3110 1313 3448 1387 persuadere

1865 1419 2031 1475 vellet
2080 1418 2345 1474 Dioscoro
2369 1457 2383 1482 ,
2420 1414 2610 1486 Cyrilli
2670 1429 2729 1469 se
2771 1411 3072 1467 amicitiam
3103 1408 3363 1470 coluisse,
3395 1413 3452 1460 et

1866 1512 2172 1568 doctrinam
2216 1508 2490 1565 laudasse.
2552 1526 2572 1558 ι
2616 1506 2816 1570 Beatze,
2869 1502 3129 1573 inquit“,
3174 1497 3454 1555 memoris

1867 1604 2133 1676 Cyrillum
2163 1617 2308 1672 sepe
2343 1600 2410 1656 ad
2442 1615 2543 1655 nos
2588 1598 2804 1653 litteras
2826 1595 3067 1659 dedisse,
3099 1597 3454 1662 perspectum

1868 1703 1975 1761 est,
2008 1694 2228 1764 opinor,
2256 1689 2534 1747 sanctitati
2560 1698 2700 1753 tuae;
2743 1686 2841 1743 sed
2868 1694 2926 1741 et
2944 1683 3169 1756 quando
3201 1695 3334 1736 suos
3360 1678 3458 1734 ad-

1870 1802 2066 1843 versus
2086 1785 2364 1841 lulianum
2394 1783 2568 1839 libros
2595 1781 2746 1837 misit
2772 1777 3148 1841 Antiochiam,
3171 1774 3459 1830 similiter-

1801 1860 1843 1916 Β
1872 1894 1982 1951 que
2008 1880 2025 1897 ⁴
2062 1877 2268 1933 librum
2335 1875 2410 1930 De
2454 1874 2751 1937 emissario,
2787 1871 3010 1926 beatum
3049 1868 3318 1924 Joannem
3362 1879 3458 1919 ro—

1872 1970 2020 2043 gavit
2070 1969 2391 2039 episcopum
2428 1966 2859 2025 Antiochenum,
2915 1970 2976 2015 ut
3026 1961 3152 2015 illos
3198 1955 3462 2028 spectatis

1873 2077 1975 2133 per
2005 2059 2288 2116 Orientem
2321 2058 2601 2130 magistris
2635 2055 2978 2118 ostenderet,
3008 2050 3321 2120 litterisque
3354 2049 3459 2104 ob.-

1874 2166 2114 2221 sequens
2146 2150 2343 2205 beatus
2362 2149 2603 2205 Joannes
2630 2148 2794 2203 nobis
2819 2147 2993 2201 libros
3009 2143 3183 2205 misit,
3211 2157 3352 2212 quos
3377 2141 3461 2195 le-

1874 2248 2068 2312 gentes
2094 2240 2463 2309 suspeximus,
2487 2247 2544 2292 et
2567 2238 2739 2292 beatm
2766 2234 3050 2291 memoriae
3092 2231 3296 2303 Cyrillo
3326 2228 3464 2286 serio

1874 2332 2109 2403 psimus,
2138 2339 2195 2385 et
2224 2330 2314 2384 ille
2346 2329 2415 2384 ad
2442 2344 2543 2384 nos
2573 2327 2880 2397 rescripsit,
2910 2323 3370 2395 diligentiamque
3401 2334 3466 2374 ac

1875 2421 2313 2479 beneVolcntiam
2336 2417 2778 2475 commendavit:
2811 2415 3149 2487 qutelitteraa
3194 2409 3340 2481 apud
3364 2424 3467 2466 nos

1882 2523 2194 2571 servantur.
2236 2531 2253 2563 ι

1955 2607 2115 2678 169
2148 2604 2240 2659 XI.
2280 2602 2665 2659 Theodoretus
2706 2615 2893 2671 porro,
2919 2599 3129 2653 sancita
3149 2611 3304 2667 pace,
3357 2607 3468 2647 non

1880 2700 2044 2756 modo
2068 2714 2177 2753 non
2204 2697 2504 2761 consensit,
2535 2694 2630 2750 sed
2660 2710 2729 2748 ne
2751 2691 2965 2764 quievit
2986 2688 3211 2761 quidem
3232 2687 3277 2717 "
3304 2704 3316 2738 :
3344 2699 3469 2740 nam

1881 2792 2147 2866 propositi
2183 2790 2433 2861 pertinax
2480 2798 2537 2843 et
2579 2788 2735 2842 fama:
2767 2784 3064 2847 conscius,
3110 2792 3472 2850 quoscunque

1881 2886 2097 2955 potuit.
2151 2882 2206 2936 in
2234 2896 2362 2936 suas
2384 2889 2571 2950 partes
2601 2894 2708 2949 qua
2744 2876 3055 2931 rationibus
3086 2869 3333 2932 deduxit,
3363 2881 3471 2938 qua

1884 2976 2209 3032 auctoritate
2230 2972 2520 3045 protraxit.
2551 2971 2739 3039 Neque
2762 2983 2894 3023 vero
2920 2966 3081 3037 pauci
3098 2963 3297 3018 ducem
3314 2973 3472 3015 secu-

1887 3069 1926 3124 ti
1957 3074 2115 3131 sunt,
2166 3066 2274 3120 imo
2302 3064 2468 3119 factio
2492 3061 2787 3125 exstitit“,
2824 3074 2947 3128 quae
2989 3056 3120 3127 quia
3144 3069 3248 3108 nec
3268 3050 3474 3122 Cyrillo

1886 3159 2221 3222 adhaerebat,
2250 3173 2353 3212 nec
2381 3155 2602 3218 Joanni,
2637 3151 2875 3222 partium
2905 3159 2962 3204 et
2985 3148 3298 3203 dioecescon
3319 3140 3474 3210 capi-

1888 3254 2058 3315 tibus,
2098 3248 2501 3319 Acephalorum
2525 3260 2748 3306 nomen,
2781 3243 2826 3298 si
2847 3256 2958 3312 qua
2974 3240 3233 3294 Liberata
3252 3233 3391 3288 ﬁdes
3404 3232 3472 3296 ⁵⁷,

1887 3342 2133 3412 accepit;
2185 3348 2351 3409 atque
2393 3337 2469 3392 ita
2519 3335 2907 3391 Theodoretus
2943 3329 3122 3386 videri
3153 3327 3336 3398 potuit
3359 3325 3476 3395 jam

1850 3466 1859 3479 μ
1887 3447 1999 3487 non
2026 3446 2170 3485 unus
2199 3430 2266 3484 dc
2289 3435 2439 3483 secta
2466 3425 2705 3481 Nestorii
2726 3465 2739 3488 ,
2776 3423 2873 3478 sed
2902 3422 3262 3476 factiosorum
3288 3422 3474 3485 caput,

1886 3533 1945 3579 et
1967 3520 2229 3580 Ecclesia:
2248 3521 2695 3591 perturbaturum
2720 3516 2998 3587 princeps.

1961 3615 2092 3671 Scio
2119 3614 2188 3670 de
2210 3612 2423 3684 origine
2444 3609 2688 3665 nominis
2710 3606 3115 3677 Acephalornm
3142 3616 3251 3655 non
3273 3599 3345 3654 ab
3365 3612 3481 3653 om-

1892 3710 2055 3766 nibus
2071 3709 2329 3762 Liberam
2350 3704 2531 3768 credi,
2551 3702 2649 3758 sed
2673 3700 2907 3756 Leontio
2929 3696 3104 3768 magis
3128 3713 3142 3749 :
3164 3710 3263 3750 eos
3280 3705 3480 3761 nempe

1892 3803 1967 3861 ita
1993 3801 2189 3864 dictos,
2221 3799 2317 3868 qui
2344 3798 2510 3866 longo
2537 3802 2663 3865 post
2684 3803 2956 3862 tempore,
2986 3803 3110 3844 cum
3139 3783 3482 3842 Alexandria

1893 3892 2293 3964 Eutycbianam
2336 3888 2573 3943 haeresin
2612 3890 3015 3956 sequerentur,
3048 3879 3201 3935 velut
3233 3878 3483 3933 Dioscuri

1892 3984 2139 4055 reliquiae
2161 4023 2176 4048 ,
2226 3997 2337 4036 non
2368 3990 2550 4035 tamen
2579 3978 2744 4034 Petro
2771 3977 2963 4047 Moggo
2988 3971 3221 4029 antistiti
3246 3966 3484 4024 civitatis

1893 4075 2282 4137 adhaerebant,
2317 4071 2671 4143 quantumvis
2691 4068 3034 4140 Eutychiana
3063 4073 3120 4120 et
3144 4064 3262 4134 ipse
3288 4059 3485 4116 harent

1896 4168 2133 4223 infectus
2171 4174 2340 4221 esset.
2386 4165 2612 4226 Verum,
2663 4170 2726 4216 ut
2764 4158 3001 4215 Leontio
3024 4156 3160 4211 ﬁdes
3186 4152 3483 4213 tribuatur,

1895 4273 2017 4327 quae
2043 4256 2236 4327 procul
2261 4254 2434 4309 dubio
2466 4253 2653 4307 debita
2676 4260 2762 4306 est
2782 4291 2798 4314 ,
2835 4264 2945 4303 non
2976 4245 3242 4303 continuo
3266 4242 3488 4295 videtur

1898 4346 2210 4417 abroganda
2255 4345 2538 4407 Liberato,
2593 4356 2719 4395 cum
2771 4337 2901 4392 iniri
2946 4334 3120 4407 possit
3165 4330 3485 4388 concordia.

1901 4439 2197 4509 Scripserit
2239 4437 2387 4492 enim
2438 4435 2552 4500 ille,
2609 4432 2757 4503 quod
2802 4429 3274 4502 Eutychianorum
3304 4421 3484 4493 parti;

221 4533 389 4590 verat,
418 4527 550 4581 dum
580 4532 781 4581 cuncta
807 4524 1077 4595 principis
1110 4525 1269 4596 jussu
1302 4529 1771 4592 componerentur

1901 4533 2025 4595 iste,
2075 4529 2223 4600 quod
2262 4519 2628 4584 Orientalium
2661 4523 2886 4580 factioni
2935 4535 3136 4576 nomen
3178 4513 3486 4581 obtigerit:

224 4620 349 4675 nihil
378 4618 669 4674 turbarum
694 4617 865 4682 ciere,
908 4617 1019 4671 imo
1043 4616 1362 4672 occasiones
1389 4625 1633 4684 captare,
1666 4614 1793 4683 qui-

227 4711 323 4766 bus
345 4718 531 4778 posset
553 4718 653 4762 aut
698 4708 755 4762 in
779 4707 1079 4763 amicitiam
1136 4723 1169 4762 a
1208 4705 1416 4778 Cyrillo
1466 4705 1663 4775 recipi,
1697 4712 1795 4759 aut

228 4809 471 4872 receptus
490 4801 670 4856 videri
700 4817 715 4855 :
755 4801 837 4857 sic
864 4799 1013 4856 enim
1039 4799 1422 4870 pertinaciam,
1460 4798 1518 4853 in
1554 4813 1799 4853 renuen-

227 4895 306 4951 dis
325 4895 743 4952 conditionibus
760 4895 1095 4961 concordiae,
1121 4894 1344 4950 valebat
1370 4893 1548 4948 tutius
1576 4892 1666 4948 vel
1700 4909 1798 4948 ex-

230 5000 409 5044 cusare
429 4990 518 5044 vel
550 4998 757 5061 tegere.
1148 5044 1157 5048 -

293 5080 358 5135 Χ.
389 5082 606 5138 Accidit
661 5095 791 5136 mox
852 5079 1070 5137 occasio
1122 5088 1432 5151 opportuna
1477 5078 1638 5133 dolo:
1672 5092 1797 5131 nam

238 5172 452 5246 Cyrillus
478 5172 818 5230 laboriosam
849 5172 1232 5229 tractationem
1262 5169 1331 5226 de
1355 5185 1523 5241 capro
1566 5168 1799 5224 emissa-

1902 4632 2136 4693 uterque
2187 4630 2311 4691 apte
2355 4620 2421 4675 ad
2461 4619 2574 4673 vim
2607 4618 2762 4672 vocis
2796 4615 2951 4670 factae
2979 4612 3047 4667 ad
3075 4606 3489 4680 signiﬁcandam

1904 4724 2130 4779 sectam,
2179 4729 2303 4783 quae
2334 4712 2421 4766 cui
2452 4728 2553 4782 par
2589 4719 2693 4773 est,
2731 4708 2896 4778 capiti
2934 4720 3045 4760 non
3091 4698 3487 4770 coniungitur:

1905 4806 2013 4860 erit
2037 4814 2221 4860 tamen
2245 4804 2488 4858 Liberati
2516 4817 2678 4872 quam
2706 4798 2923 4854 Leontii
2951 4795 3133 4867 potior
3156 4791 3284 4848 inde
3304 4806 3492 4855 causa,

1907 4896 2057 4967 quod
2084 4897 2178 4950 ille.
2203 4895 2454 4959 tradidit,
2493 4894 2640 4948 unde
2666 4892 2907 4961 primum
2956 4889 3010 4942 in
3051 4887 3157 4941 hoc
3183 4894 3298 4939 toto
3321 4898 3493 4952 nego-

1910 4986 1986 5040 tio
2037 4985 2288 5040 auditum
2331 4984 2403 5038 sit
2447 4981 2854 5051 Acephalorum
2896 4992 3132 5042 nomen;
3183 4976 3309 5039 istc,
3348 4971 3493 5026 unde

1905 5075 2265 5146 Eutychianis
2307 5072 2586 5127 inhaeserit
2635 5091 2648 5124 :
2701 5086 3013 5141 quanquam
3066 5066 3282 5123 Leontii
3327 5078 3491 5133 quam

1907 5167 2148 5222 Liberali
2183 5165 2367 5219 notior
2394 5173 2478 5218 est
2504 5163 2807 5227 sententia;
2840 5170 3132 5232 propterea
3157 5156 3304 5227 quod
3332 5170 3493 5208 man-

1568 5321 1880 5379 SCHULZII
1921 5319 2147 5380 NOT/E.

304 5466 341 5497 ⁶¹
368 5460 562 5531 Inqnit.
593 5461 721 5516 Vid.
761 5468 801 5515 t.
839 5460 939 5531 IV,
960 5460 1121 5530 epist.
1157 5460 1278 5516 176.
1380 5461 1425 5493 ⁶¹
1456 5459 1656 5531 quuit.
1692 5459 1816 5531 Yid.
1841 5459 1889 5531 gl.
1923 5474 1983 5531 c.
2015 5456 2177 5531 epist.
2201 5455 2339 5531 1'72.
2376 5454 2526 5531 Adde
2554 5471 2675 5531 8)·1]ἶ
2723 5470 2774 5515 v,
2814 5460 2922 5531 act.
2958 5451 3017 5531 5..
3108 5449 3153 5531 ξ’
3207 5443 3490 5531 Ait.‘

246 5546 292 5605 ρ.
321 5513 560 5605 "fici—ir}.
916 5513 1140 5605 '55:?“
1159 5513 1361 5605 inquit.
1398 5513 1597 5585 Vid.'t.
1645 5513 1733 5605 l_V,
1768 5529 1928 5598 epist.
2129 5528 2172 5559 ⁸⁸
2194 5525 2272 5605 Ne
2310 5527 2501 5596 quievit
2552 5513 2780 5605 quidem.
2808 5513 3489 5605 Quieiit.‘donec-defeu:

250 5591 411 5659 ﬂenda:
435 5591 659 5661 Diodori
704 5611 768 5659 et
796 5591 1084 5657 Theodori
1134 5591 1414 5657 memoria:
1473 5591 1857 5654 necessitatem
1932 5599 2035 5652 sibi
2081 5591 2388 5667 impositam
2441 5591 2573 5649 esse
2622 5594 2894 5667 crederet.
2950 5591 3323 5667 Erat-enimp
3354 5591 3494 5637 teste

250 5672 475 5748 (ξαεηθτίο
503 5680 717 5748 (supra,
747 5688 809 5744 p.
864 5670 1403 5748 iiO),_amicitiarum
1454 5669 1853 5748 incredibiliter
1901 5664 2213 5748 appetens,
2247 5674 2303 5748 ct
2357 5664 3490 5748 citurjulixissctn‘coustante‘t;“regnans.

251 5722 471 5805 ἧἓὲΞῶ
493 5722 1760 5811 ὲὲἰΰὲἆζὀξειῖὒίίἀῐιὶῖίΞῖξὸῐέὶἒπίὸίῌιίίεξιίιιε
1793 5722 2013 5809 cxplo‘s‘a
2067 5722 2151 5792 cst
2179 5722 2301 5791 'ista
2356 5722 2557 5791 fabula.
2612 5734 2734 5788 vm.
2810 5722 3027 5800 Dupinii
3085 5724 3324 5780 unum.
3370 5722 3492 5776 Aul.

243 5819 412 5889 ccc/es,
447 5830 488 5878 t.
535 5820 629 5884 iV,
668 5810 729 5889 p.
761 5813 856 5870 83.
933 5812 1275 5878 "Breviarii,
1323 5827 1442 5882 cap.
1494 5810 1547 5864 9.
