3950 6226
451 322 552 389 123

1580 309 1957 373 GARNERJI
1998 303 2497 369 DISSERTATIO
2534 303 2584 361 Ι.

3596 284 3709 353 12L

445 432 519 486 sit
539 431 633 485 diu
651 427 989 499 Eutychiana
1013 423 1175 480 factio
1204 437 1329 478 cum
1357 436 1456 476 suo
1482 419 1732 483 nomine;
1766 415 2019 472 Orienta-
2048 421 2091 475 Α
2120 413 2386 467 frenatam
2424 407 2713 464 dimisisti?
2770 406 2927 468 Vide,
2965 420 3034 460 ne
3063 402 3190 475 quis
3221 403 3238 423 ⁵
3273 410 3323 457 te
3356 399 3706 499 callidiorem

445 524 580 578 lium
602 519 799 576 seditio
832 519 985 573 brevi
1020 516 1321 586 composita
1343 523 1446 567 est.

1050 626 1274 685 CAPUT
1310 625 1421 681 VII.

448 725 489 777 Ι.
517 722 624 779 Pro
649 722 877 777 Nestorii
903 721 1045 775 libris
1071 716 1346 772 combustis
1371 714 1758 767 substituuntur
1776 721 2020 782 excerpta

516 809 580 846 ea:
611 792 838 846 Diodoro
868 801 915 844 et
945 788 1228 844 Theodoro.
1286 784 1351 838 ll.
1382 782 1624 837 Monaclu'
1654 781 1868 835 Armeni
1900 781 2021 834 inde

518 862 699 916 turbas
752 868 976 915 movent.
1037 857 1127 911 Ill.
1168 853 1479 926 Cyrilluset
1515 850 1731 926 Proclus
1776 860 2020 926 excerpta

517 933 851 1002 impugnant.
891 929 985 1002 IV.
1010 920 1637 1002 Theodoretusﬂdefeudit.‘
1675 921 1742 1002 Σ.
1768 920 2021 1002 Queritur

517 990 936 1073 apudvlcaunem
955 998 1333 1053 Antiochenam
1351 990 1581 1073 Cyrinus
1605 992 1667 1044 de
1684 990 2016 1044 Theodorcto.

516 1071 602 1127 Vl.
636 1069 737 1135 Qui
776 1085 831 1122 se
871 1068 940 1123 ad
984 1064 1361 1134 componendas
1405 1060 1580 1135 libros,
1636 1067 1685 1113 et
1723 1060 2021 1135 ornandum

590 1112 602 1124 .
636 1082 736 1124 Uut
776 1085 831 1122 se
871 1082 939 1123 ad
984 1082 1361 1124 componendas
1405 1082 1580 1124 uaros,

523 1084 602 1127 Vl.
636 1084 736 1135 ραι
776 1085 831 1122 se
871 1084 939 1123 aa
984 1084 1361 1134 componendas
1405 1084 1580 1124 nurus,
1636 1084 1683 1113 ει
1723 1084 2020 1114 urnunuum

516 1138 732 1211 Cyrum,
752 1139 1022 1211 cgnvertit.
1044 1136 1155 1190 VII.
1182 1135 1254 1189 De
1273 1130 1490 1187 concilio
1506 1128 1855 1183 Armenorum
1872 1129 2020 1198 cujus

518 1207 749 1262 meminit
770 1207 1055 1262 Barom‘us.

842 1301 915 1350 Ab
948 1311 1077 1349 anno
1102 1295 1282 1349 Christi
1305 1297 1399 1345 454
1431 1296 1490 1345 ad
1515 1294 1622 1343 440.

458 1410 461 1413 ’
517 1407 562 1462 ι.
598 1404 730 1473 Quae
754 1404 1135 1460 intercessisse
1158 1403 1304 1458 dicta
1324 1411 1428 1466 est,
1454 1400 1859 1455 Theodoretum
1880 1397 2021 1450 inter

446 1505 504 1551 et
533 1495 834 1567 Cyrillum,
883 1495 1193 1549 litterarum
1239 1491 1581 1547 consuetudo
1626 1489 1886 1544 diuturna
1911 1502 2021 1541 non

447 1587 572 1642 fuit.
609 1586 745 1641 Nam
788 1601 913 1640 cum
945 1585 1231 1640 Nestorius
1258 1581 1607 1653 imperatoris
1635 1579 1892 1634 mandato
1921 1577 2020 1631 de-

447 1685 696 1749 portatus
744 1684 891 1734 esset
940 1677 995 1731 in
1038 1675 1255 1740 Oasim,
1313 1681 1605 1744 propterea
1659 1670 1818 1740 170
1873 1668 2021 1739 quod

447 1785 481 1826 e
511 1785 612 1824 suo
639 1769 976 1824 monasterio
1004 1767 1194 1822 turbas
1227 1765 1527 1821 amicorum
1547 1779 1651 1833 ope
1672 1762 2019 1826 moliebatur,
2058 1746 2096 1799 Β

448 1875 686 1930 cumque
715 1862 834 1930 ejus
860 1859 988 1914 libri
1012 1858 1243 1913 ﬂammis
1264 1857 1549 1923 arsissent,
1578 1856 1838 1926 quoniam
1865 1872 1933 1911 ex
1957 1856 2025 1912 iis

447 1950 693 2022 quidam,
743 1950 934 2005 eadem
977 1965 1100 2004 cum
1146 1949 1399 2003 Patribus
1439 1947 1749 2002 Nestorium
1795 1946 2022 2011 sentire,

448 2039 653 2110 populo
690 2037 1098 2108 persuadebant
1132 2054 1145 2091 :
1176 2037 1292 2091 visa
1318 2045 1403 2091 est
1434 2036 1679 2092 factiosis
1711 2036 2025 2091 hominibus

447 2129 732 2185 sarcienda
763 2144 886 2184 cum
922 2127 1132 2184 ftenore
1157 2130 1388 2199 jactura.
1441 2127 1575 2182 Nam
1595 2127 1639 2159 ⁵⁸
1670 2142 1770 2197 pro
1795 2129 2024 2182 combu-

448 2219 550 2275 stis
574 2218 741 2273 unius
761 2217 1000 2271 hominis
1036 2233 1145 2270 non
1171 2215 1543 2286 probatissimi
1570 2215 1712 2284 apud
1737 2231 1926 2270 omnes
1955 2216 2026 2270 li-

451 2309 568 2367 bris
616 2309 885 2379 suppositi
932 2316 1059 2363 sunt
1097 2308 1212 2371 alii,
1250 2307 1366 2361 sive
1397 2322 1537 2376 quos
1561 2305 1885 2359 Theodorus
1910 2304 2025 2359 Mo—

451 2410 803 2471 psuestenus,
835 2399 1072 2456 Nestorii
1105 2399 1364 2469 magister
1384 2439 1398 2463 ,
1455 2398 1570 2452 sive
1595 2412 1732 2467 quos
1757 2395 2028 2452 Diodorus

450 2492 758 2558 Tarsensis,
787 2492 1154 2562 Mopsuesteni
1184 2492 1394 2555 doctor,
1415 2489 1712 2559 scripserat
1738 2506 1751 2540 :
1776 2498 1854 2554 ut,
1886 2504 2027 2558 quo-

451 2584 602 2641 niam
626 2594 860 2655 uterque
887 2584 1098 2640 inﬁnita
1123 2591 1242 2638 erat
1270 2583 1416 2652 apud
1441 2596 1633 2637 omnes
1662 2581 1718 2635 in
1745 2580 2024 2650 opinione,

452 2684 606 2730 tanto
643 2677 1008 2746 perniciosius
1032 2674 1178 2729 idem
1200 2689 1358 2729 error
1383 2673 1774 2736 invalesceret,
1823 2681 2029 2741 quanto

452 2767 556 2824 sub
580 2767 838 2822 nobiliori
863 2766 1085 2821 nomine
1112 2766 1326 2821 lateret.

522 2857 592 2913 ll.
625 2856 807 2927 Atque
834 2858 962 2913 hinc
987 2857 1199 2912 exstitit
1219 2871 1385 2912 causa
1410 2857 1743 2911 tumultuum
1767 2857 1819 2911 in
1840 2859 2032 2912 Arme—

456 2947 567 3014 nia,
585 2949 776 3004 multis
796 2961 1091 3019 utrumque
1112 2949 1395 3004 doctorem
1412 2948 1642 3004 miriﬁce
1658 2949 2028 3014 laudantibus,

2121 503 2419 565 existimet,
2446 501 2533 555 his
2553 500 2813 555 adversus
2834 498 3181 552 Theodorum
3200 496 3276 549 uti
3298 493 3533 564 injuriis,
3550 491 3704 561 quod

2121 592 2541 665 Apollinarium,
2595 599 2651 645 et
2696 589 2789 660 qui
2836 605 2921 652 ea,
2955 604 3075 658 quae.
3105 596 3233 642 sunt
3264 584 3430 647 illius,
3457 583 3705 652 sapiunt,

2122 683 2580 740 sceleratissimos
2609 680 2843 734 vocavit.
2880 678 2937 734 Si
2959 679 3064 732 hoc
3095 684 3329 739 nonest,
3364 690 3462 729 cur
3490 672 3707 727 absono

2122 776 2290 840 dicto,
2344 776 2488 830 sicut
2516 773 2825 843 crapulam,
2888 780 3066 826 tantas
3096 766 3406 839 hujusmodi
3434 765 3709 819 adversus

2121 884 2246 924 eum
2272 867 2645 936 blasphemias
2664 863 2909 920 etl‘udisti
2931 862 3015 914 θη
3041 880 3058 912 ι

2191 962 2256 1019 ν.
2295 962 2372 1017 En
2399 960 2707 1023 occasione,
2741 959 2954 1029 opinor,
2982 955 3237 1027 Cyrillus,
3266 953 3406 1006 datis
3435 952 3500 1006 ad
3530 951 3707 1007 Joan-

2120 1069 2246 1109 nem
2269 1053 2670 1107 Antiochenum
2699 1048 2920 1113 litteris,
2945 1055 3173 1116 questus
3196 1055 3278 1098 est
3299 1045 3364 1097 de
3385 1041 3711 1098 Theodore-

2120 1151 2179 1197 ιο
2229 1150 2485 1211 tanquam
2515 1140 2582 1193 de
2609 1138 2831 1194 homine
2860 1136 3116 1200 factioso,
3170 1133 3263 1203 qui
3295 1148 3403 1186 non
3431 1132 3711 1201 ejurasset

2120 1233 2357 1289 Nestorii
2401 1233 2734 1294 societatem,
2786 1228 2881 1283 sed
2923 1242 3063 1280 vana
3088 1226 3270 1295 potius
3293 1224 3472 1293 specie
3506 1222 3709 1277 defen-

2122 1325 2288 1380 dendi
2315 1324 2623 1394 magistros,
2660 1318 2911 1389 discipuli
2935 1316 3237 1372 doctrinam
3275 1313 3555 1368 vindicare
3583 1313 3708 1366 vel-

2120 1418 2195 1471 let
2242 1416 2503 1470 adversus
2542 1413 2695 1483 171
2732 1410 2988 1465 Ecclesiae
3023 1407 3367 1462 sententiam.
3425 1403 3714 1459 Litterm“

2122 1510 2200 1565 sic
2256 1523 2315 1563 se
2365 1507 2569 1561 habent
2618 1523 2631 1558 :
2681 1501 3028 1557 «Arbitratus
3055 1514 3174 1555 sum
3238 1498 3292 1552 in
3347 1497 3496 1550 hunc
3528 1512 3713 1566 usque

2122 1600 2267 1655 diem
2303 1595 2824 1653 reverendissimum
2849 1590 3277 1651 Theodoretum,
3308 1585 3571 1655 depositis
3598 1585 3717 1640 Ne-

2127 1688 2281 1745 storii
2307 1687 2462 1741 vanis
2482 1681 2853 1755 Opinionibus,
2881 1677 3151 1733 maculam
3175 1674 3327 1731 exiis
3348 1680 3711 1735 contractam,

2127 1779 2377 1848 exemplo
2398 1775 2867 1831 sanctissimorum
2891 1770 3119 1827 aliorum
3144 1768 3459 1839 praesulum,
3480 1765 3710 1820 eluisse.

2125 1874 2285 1927 Hunc
2322 1871 2471 1925 enim
2518 1867 2862 1924 credideram
2909 1864 3070 1933 longe
3103 1877 3131 1915 a
3153 1877 3210 1916 se
3231 1859 3550 1922 removisse,
3583 1873 3719 1927 qua

2126 1962 2247 2034 paci
2291 1960 2617 2022 obstabant,
2659 1953 3069 2012 conditionibus
3114 1951 3588 2020 mutuisqueame
3615 1949 3714 2002 lit-

2126 2051 2257 2106 teris
2292 2049 2548 2118 receptis.
2584 2048 2806 2111 Verum,
2842 2043 3115 2098 referente
3144 2042 3231 2111 pio
3252 2039 3573 2111 presbytero
3601 2038 3714 2092 Da-

2126 2142 2291 2206 niele,
2319 2140 2485 2195 didici
2521 2140 2700 2209 ipsum
2725 2154 2754 2192 a
2778 2134 3028 2206 pristinis
3049 2132 3241 2203 agendi
3267 2130 3571 2185 rationibus
3596 2144 3715 2183 non

2127 2229 2440 2293 recessisse,
2477 2227 2759 2281 adhaerere
2784 2223 3011 2295 perinde
3039 2238 3102 2277 ac
3124 2221 3275 2291 prius
3308 2219 3542 2274 Nestorii
3591 2217 3720 2272 bla-

2128 2320 2411 2389 sphemiis,
2437 2327 2495 2374 et
2538 2325 2724 2388 aperte
2755 2314 3070 2377 ostendere,
3116 2329 3172 2367 se
3209 2327 3385 2380 neque
3419 2310 3717 2364 anathema

2128 2411 2228 2481 ipsi
2252 2410 2471 2475 dixisse,
2499 2424 2681 2479 neque
2702 2406 3032 2476 depositioni
3057 2404 3372 2458 assensisse.
3403 2403 3553 2455 Hanc
3574 2401 3717 2454 mihi

2128 2511 2221 2557 tua
2244 2502 2502 2557 sanctitas
2530 2499 2678 2554 fandi
2707 2507 3037 2569 potestatem
3062 2495 3245 2556 faciat,
3284 2492 3555 2563 siquidem
3583 2493 3721 2546 cha-

2131 2594 2265 2648 ritas
2284 2602 2444 2663 urget
2466 2591 2532 2646 ad
2555 2588 2891 2660 loquendum
2920 2605 2933 2641 :
2960 2602 3121 2656 quam
3143 2585 3212 2639 ob
3231 2599 3448 2638 causam
3472 2582 3719 2636 nonnul-

2130 2683 2167 2738 li
2202 2684 2345 2738 elata
2372 2681 2584 2736 cervice
2615 2679 2890 2734 laudabile
2921 2688 3075 2732 tuum
3107 2675 3418 2738 consilium,
3455 2674 3511 2727 in
3540 2673 3715 2727 rebus

2131 2773 2199 2828 ad
2229 2784 2377 2827 tuam
2399 2771 2749 2843 prudentiam
2780 2766 3205 2839 pertinentibus,
3239 2781 3349 2819 non
3371 2765 3721 2833 sequuntur?

2131 2864 2262 2929 Cur,
2294 2864 2464 2918 instar
2504 2860 2776 2932 pecudum
2822 2876 2853 2915 a
2885 2874 3048 2930 grege
3082 2873 3138 2913 se
3179 2856 3594 2917 abducentium,
3635 2854 3717 2907 nil

2132 2955 2241 3010 nisi
2269 2954 2415 3025 quod
2435 2954 2572 3008 libet
2595 2951 3010 3023 exsequuntur?
3066 2949 3122 3004 Si
3157 2966 3289 3003 vera
3313 2955 3442 3002 sunt
3480 2962 3602 3017 qua:
3628 2943 3718 2999 di-

454 3041 706 3114 pluribus
732 3049 1028 3111 utrumque
1058 3041 1354 3112 impietatis
1379 3042 1759 3113 arguentibus.
1810 3041 2033 3097 Exstitit
2060 3082 2102 3138 ο
2134 3045 2263 3110 dici,
2312 3060 2396 3099 me
2426 3042 2915 3099 reverendissimus
2943 3040 3033 3094 ille
3081 3039 3247 3093 debet
3275 3037 3581 3092 sanctitatis
3607 3044 3725 3090 tute

453 3133 620 3189 etiam
644 3134 994 3203 querelarum
1022 3134 1197 3205 origo,
1237 3150 1375 3204 quas
1393 3134 1745 3204 gravissimas
1775 3133 2033 3188 monachi

455 3223 576 3280 zelo
615 3223 923 3294 praefervidi
965 3223 1349 3279 Alexandriam
1391 3225 1460 3279 ad
1503 3223 1788 3295 Cyrillum,
1846 3224 2035 3279 Antio-

458 3312 636 3369 chiam
670 3312 738 3367 ad
763 3313 1049 3379 Joannem,
1080 3322 1137 3369 et
1162 3314 1219 3370 in
1242 3316 1433 3370 urbem
1457 3316 1660 3386 regiam
1684 3315 1752 3370 ad
1781 3315 2036 3371 Proclum

459 3401 769 3457 Maximiani
798 3417 1173 3458 successorem
1196 3403 1468 3459 tulerunt.

527 3492 618 3548 ll].
650 3491 889 3565 Cyrillus
933 3493 1200 3550 adversus
1236 3496 1538 3551 Diodorum
1587 3504 1644 3551 et
1683 3496 2035 3551 Theodorum

457 3584 772 3655 composuit
797 3585 1001 3641 librum
1019 3627 1035 3653 ,
1092 3588 1251 3658 cujus
1269 3586 1406 3642 nihil
1429 3595 1678 3642 remanet
1701 3595 1903 3657 praeter
1924 3586 2038 3641 fra-

459 3682 681 3747 gmenta
710 3676 767 3732 in
790 3677 942 3733 Actis
970 3678 1177 3748 quintae
1203 3677 1420 3750 synodi.
1469 3678 1708 3734 Joannes
1747 3676 2040 3732 Theodoro

467 3765 618 3823 visus
650 3775 737 3823 est
776 3768 942 3839 paulo
963 3761 1192 3840 aequior.
1223 3770 1456 3825 Proclus
1474 3769 1651 3825 edidit
1678 3769 1746 3824 ad
1771 3769 2041 3825 Armenos

460 3855 696 3912 Tomum
725 3857 795 3914 de
826 3857 954 3924 ﬁde,
984 3859 1072 3915 cui
1101 3860 1386 3930 subjunxit
1408 3868 1667 3931 excerpta
1697 3859 1946 3930 quaedam
1972 3874 2040 3913 ex

463 3947 785 4014 Theodoro,
821 3949 993 4006 tacito
1014 3957 1196 4006 tamen
1223 3952 1528 4022 prudenter
1553 3952 1776 4011 nomine
1818 3968 1831 4004 :
1877 3951 2040 4022 hujus

461 4037 613 4093 enim
641 4046 794 4094 tanta
826 4039 933 4096 fuit
965 4040 1022 4095 in
1044 4040 1270 4098 Oriente
1294 4043 1603 4098 reverentia
1649 4053 1706 4097 et
1729 4043 1883 4113 quasi
1911 4057 2039 4098 san-

463 4126 646 4194 ctitas,
706 4138 787 4195 ut,
827 4146 954 4187 cum
996 4133 1278 4203 religionis
1307 4133 1710 4189 incrementum
1733 4142 2036 4203 optaretur,

463 4222 855 4277 reclamaretur
882 4224 938 4280 in
965 4225 1199 4280 ecclesia
1223 4242 1237 4279 :
1280 4225 1430 4280 Vivat
1456 4224 1712 4280 Theodori
1733 4225 1886 4295 ﬁdes.

536 4313 622 4368 IV.
662 4312 812 4384 Opus
832 4315 1015 4370 Procli
1040 4316 1277 4372 Joannes
1318 4316 1374 4370 in
1401 4331 1500 4371 sua
1523 4315 1732 4387 synodo
1762 4315 2038 4385 probavit.

2136 3134 2417 3191 stimulum
2449 3143 2506 3189 et
2539 3134 2634 3188 irae
2652 3134 2873 3187 aculeos
2893 3130 3190 3201 experiri.)

2205 3221 2293 3278 Vl.
2330 3222 2501 3276 Porro
2527 3229 2708 3274 autem
2737 3236 2860 3275 cum
2881 3226 3129 3275 cerneret
3156 3216 3554 3279 Theodoretus,
3581 3215 3724 3271 scri-

2135 3312 2244 3382 ptis
2288 3326 2410 3381 qute
2451 3311 2692 3367 diximus
2741 3312 3030 3382 evulgatis,
3082 3327 3192 3366 non
3219 3309 3477 3365 effectum
3508 3324 3630 3365 esse
3664 3309 3725 3364 id

2136 3402 2522 3459 eommotionis
2553 3402 2699 3472 quod
2721 3411 2986 3473 speraret,
3035 3402 3127 3457 sed
3153 3411 3343 3457 contra
3378 3417 3466 3457 res
3490 3410 3726 3455 cunctas

2137 3496 2217 3550 ire
2238 3494 2504 3565 pacatius,
2529 3494 2792 3564 pertaesis,
2819 3500 2879 3547 ut
2903 3493 2981 3556 ﬁt,
3010 3493 3397 3548 diuturnarum
3420 3492 3713 3547 turbarum

2137 3588 2422 3658 plurimis,
2481 3602 2585 3643 nec
2623 3588 2729 3657 jam
2784 3588 2973 3642 faciles
3009 3589 3131 3659 ejus
3169 3588 3515 3642 sermonibus
3557 3602 3728 3642 aures

2138 3679 2533 3749 praebentibus,
2570 3688 2745 3735 totum
2774 3695 2833 3734 se
2858 3681 3011 3736 dedit
3037 3679 3432 3750 componendis
3457 3679 3638 3745 libris,
3670 3690 3731 3735 et

2140 3772 2313 3827 sacris
2355 3772 2653 3842 Scripturis
2690 3771 3119 3842 interpretandis
3145 3790 3159 3825 :
3186 3788 3296 3842 quo
3325 3771 3378 3825 in
3401 3787 3601 3843 genere
3631 3773 3730 3826 vix

2140 3863 2312 3918 ullum
2339 3863 2533 3918 habuit
2559 3864 2926 3935 superiorem,
2978 3864 3092 3918 sive
3122 3881 3317 3920 sensus
3343 3863 3599 3919 litteralis
3621 3878 3726 3917 ex—

2139 3953 2381 4024 planatio
2404 3962 2684 4023 spectetur
2704 3995 2718 4019 ,
2778 3955 2892 4009 sive
2920 3953 3165 4008 brevitas
3185 3994 3199 4018 ,
3256 3955 3373 4009 sive
3398 3953 3729 4008 elocutionis

2140 4045 2380 4101 claritas.
2406 4045 2633 4099 Interim
2653 4060 2762 4099 non
2781 4044 3070 4099 desinebat
3091 4043 3326 4115 synodos
3346 4044 3726 4115 frequentare,

2140 4152 2246 4207 qua
2267 4146 2420 4207 parte
2442 4145 2644 4205 posset,
2666 4144 2827 4205 atque
2850 4136 3012 4191 etiam
3040 4135 3269 4190 consilio
3286 4152 3466 4208 agere,
3492 4142 3552 4190 ut
3567 4151 3728 4190 suam

2142 4228 2198 4282 in
2222 4229 2550 4283 sententiam
2586 4226 2908 4290 adduceret,
2937 4242 3078 4296 quos
3105 4226 3346 4291 valeret;
3385 4226 3480 4281 sed
3512 4226 3580 4280 iis
3604 4241 3727 4280 ma-

2142 4317 2285 4371 xime
2330 4316 2690 4374 conciliandis
2737 4317 3014 4381 studebat,
3067 4317 3159 4387 qui
3187 4318 3392 4388 majore
3418 4318 3734 4373 sanctitatis

465 4403 724 4459 Probavit
750 4412 807 4459 et
830 4405 888 4459 in
908 4404 1159 4477 Egyptia
1180 4406 1435 4477 Cyrillus,
1486 4407 1689 4477 quippe
1717 4406 1833 4461 suis
1862 4407 2039 4462 tribus
2072 4417 2113 4470 ο
2142 4409 2286 4465 fama
2330 4410 2748 4465 celebrarentur
2797 4426 2810 4462 :
2856 4425 3026 4479 quare
3069 4416 3127 4463 et
3151 4409 3408 4478 frequens
3433 4417 3553 4464 erat
3580 4411 3728 4479 apud

465 4494 730 4554 adversus
775 4495 1129 4551 Theodorum
1166 4496 1324 4559 libris
1353 4512 1677 4552 consonum.
1716 4496 1823 4552 Sed
1856 4497 2037 4552 Theo-

466 4588 693 4645 doretus
727 4587 856 4644 inde
896 4589 1080 4643 animo
1110 4597 1397 4659 permotus
1423 4604 1523 4659 pro
1548 4588 1840 4644 Theodoro
1859 4630 1873 4654 ,
1930 4605 2041 4659 quo

467 4682 727 4752 magistro
773 4697 994 4752 semper
1038 4681 1305 4752 gloriatus
1346 4690 1451 4745 est,
1505 4688 1617 4735 tres
1644 4680 1850 4751 pariter
1872 4680 2043 4734 libros

466 4774 795 4841 composuit,
847 4782 903 4829 et
947 4765 1046 4831 eos
1080 4775 1305 4845 quidem
1350 4772 1742 4836 amarulentos,
1777 4771 2043 4842 quemad-

468 4862 692 4918 modum
740 4865 1047 4937 intelligere
1084 4867 1215 4922 licet
1262 4882 1330 4922 ex
1354 4864 1702 4936 fragmentis,
1752 4864 1953 4934 quibus
1987 4864 2043 4917 in

469 4953 662 5023 quinta
707 4955 916 5025 synodo
961 4973 1096 5013 usus
1132 4959 1258 5022 fuit,
1303 4959 1373 5013 ad
1407 4971 1627 5012 causam
1651 4956 1923 5012 Theodori
1951 4958 2044 5028 ju-

468 5040 780 5098 dicandam.
800 5043 934 5099 Nam
956 5046 1089 5114 quid
1113 5047 1363 5101 acerbius
1383 5060 1450 5100 eo
1478 5061 1588 5115 quo
1609 5045 1664 5099 in
1684 5044 1946 5116 Cyrillum
1966 5044 2049 5099 in-

469 5132 726 5188 vehitur?
764 5152 782 5184 ι
804 5133 946 5200 Quid
971 5135 1136 5207 igitur
1157 5153 1357 5191 novum
1377 5136 1515 5191 dixit
1536 5135 1876 5199 Theodorus,
1902 5135 2048 5205 quod

472 5225 641 5279 tantis
667 5241 794 5280 eum
820 5225 1180 5297 blasphemiis
1198 5227 1475 5298 lapidasti,
1517 5228 1718 5299 jubens
1743 5227 1823 5282 illi
1852 5236 1912 5281 ut
1937 5226 2046 5281 fre-

474 5324 631 5394 naret
675 5316 940 5389 linguam,
991 5316 1213 5387 quando
1257 5326 1406 5372 tuam
1444 5318 1560 5388 ipse
1607 5333 1832 5374 currere
1868 5317 1941 5371 ita
1965 5315 2046 5370 ef-

2145 4501 2323 4571 ipsos,
2373 4509 2430 4555 et
2474 4500 2767 4570 asperioris
2810 4501 2938 4555 vita:
2991 4500 3375 4555 communione
3418 4510 3732 4555 ascetarum

2149 4592 2381 4656 animos,
2412 4592 2778 4660 simpliciores
2801 4607 2964 4661 quam
2992 4591 3289 4654 doctiores,
3316 4593 3587 4662 captabat.

2221 4678 2363 4745 Quin
2403 4677 2568 4733 etiam
2619 4679 2763 4734 bona
2800 4680 3060 4735 Ecclesiae
3112 4680 3168 4735 in
3204 4694 3371 4750 Opera
3396 4680 3615 4750 publica
3647 4681 3733 4734 ci-

2151 4769 2304 4825 vitati
2328 4786 2441 4827 suae
2459 4772 2769 4827 necessaria
2791 4771 3023 4825 contulit
3049 4788 3062 4822 ς
3088 4785 3235 4835 nam,
3260 4785 3385 4825 cum
3406 4770 3580 4825 Nomo
3597 4786 3736 4825 con-

2151 4861 2256 4916 suli
2290 4860 2640 4926 scriberet“,
2696 4861 2973 4916 recensuit
2997 4862 3259 4931 porticus,
3315 4869 3512 4931 pontes
3561 4860 3728 4924 duos,

2151 4952 2422 5006 balnaeum
2475 4960 2532 5006 et
2572 4953 2956 5022 aquaeductum
3005 4970 3018 5004 :
3074 4967 3180 5022 qua
3231 4953 3285 5006 in
3328 4951 3735 5022 magniﬁcentia

2154 5040 2491 5096 desideraret
2512 5042 2779 5112 quispiam
2804 5042 3199 5097 xenodochium
3226 5042 3450 5112 aliquod
3473 5050 3568 5097 aut
3590 5042 3737 5097 basi-

2155 5132 2316 5187 licam
2351 5133 2435 5187 vel
2465 5134 2857 5187 monasterium
2877 5174 2890 5198 ,
2927 5142 2990 5188 ut
3011 5133 3334 5188 Christianae
3359 5134 3482 5204 plus
3510 5132 3735 5202 pietatis

2154 5225 2589 5294 epiSCOpalisque
2616 5226 2976 5295 providentia:
2998 5226 3244 5280 eluceret
3286 5243 3299 5276 :
3347 5224 3443 5280 sed
3473 5225 3561 5280 his
3588 5224 3731 5279 forte

2157 5324 2287 5369 tunc
2310 5317 2572 5385 temporis
2592 5332 2700 5371 non
2718 5325 2837 5370 erat
2851 5333 2988 5386 opus
3014 5314 3162 5371 illius
3182 5317 3407 5382 civitati,
3433 5315 3734 5387 provincia:

1817 5474 2135 5532 SCHULZII
2180 5474 2407 5531 ΝΟΤᾸΞ.

545 5635 780 5701 "Nam,
825 5648 929 5692 etc.
968 5637 1087 5691 Vid.
1144 5637 1408 5700 Liberat.,
1462 5651 1580 5705 cap.
1630 5633 1694 5687 10
1736 5633 1974 5688 Breviar.

545 5722 620 5772 π,
651 5716 755 5762 etc.
805 5708 922 5764 Vid.
980 5718 1017 5761 t.
1058 5708 1145 5772 IV,
1197 5707 1356 5775 epist.
1411 5706 1532 5761 179.
1643 5704 2027 5757 “Cum—scr

2156 5634 2312 5699 Quid.
2363 5638 2468 5687 etc.
2514 5633 2631 5686 νεά.
2670 5630 2800 5685 Acta
2838 5630 3028 5702 synodi
3065 5647 3116 5695 v,
3152 5629 3331 5685 collat.
3370 5628 3422 5683 4.

2137 5715 2209 5760 'et.
2250 5705 2410 5767 lbid.,
2442 5706 2603 5775 epist.
2638 5703 2725 5756 8L

475 5714 620 5772 term,
651 5716 755 5762 etc.
805 5708 922 5764 Vid.
980 5718 1017 5761 t.
1058 5708 1145 5772 ιν.
1197 5707 1356 5778 epist.
1411 5706 1532 5761 179.

3529 5628 3578 5661 ⁷ο
3628 5628 3732 5686 [λιι
