3950 6226
241 382 327 447 125
1412 382 1777 444 HISTORIA
1813 380 2326 443 THEODORETI.

3385 353 3487 428 tibi

237 492 403 564 capiti.
459 490 672 547 Deinde
726 491 1001 550 conduxit
1047 491 1320 548 medicum
1345 533 1361 559 ,
1420 484 1535 564 quo
1581 492 1807 548 carebat
1836 495 1881 549 Δ
1906 491 2133 549 Littera
2155 493 2304 548 enim
2326 489 2504 546 Procli
2553 487 2869 543 referuntur
2910 485 2966 540 in
2995 482 3231 539 concilio
3254 477 3488 535 Chalce-

237 584 473 657 Cyrillus,
504 591 563 639 et
594 583 893 639 basilicam
922 584 1183 655 apostolis
1208 584 1388 639 erexit
1409 594 1598 655 postea
1622 601 1636 636 :
1660 583 1807 653 quod

240 678 288 730 ia
308 674 480 745 elogia
500 674 760 730 Jacobi"
791 683 849 730 et
874 675 1122 746 epistolis
1134 676 1182 708 "
1218 676 1485 747 scriptum
1511 675 1756 746 reliquit.

299 765 403 820 VII.
439 765 692 820 Meminit
730 765 1004 821 Baronius
1046 766 1115 821 ad
1147 781 1351 822 annum
1382 768 1808 839 quadringente-

240 856 423 910 simum
454 855 804 910 tricesimum
833 870 1041 910 nonum
1070 856 1251 928 magni
1280 856 1565 928 cujusdam
1590 856 1807 911 concilii

241 961 272 1000 ει
313 946 505 1001 Proclo
559 947 617 999 in
672 946 819 1001 urbe
867 947 1017 1018 regia
1058 948 1257 1013 coacti,
1306 948 1374 1004 de
1402 965 1512 1019 quo
1535 949 1810 1018 inquirere

241 1052 407 1108 opera-
433 1037 675 1106 pretium
699 1046 808 1101 est,
835 1037 1090 1107 quoniam
1108 1041 1281 1093 sancti
1296 1038 1484 1111 Cyrilli
1506 1055 1594 1094 res
1610 1039 1808 1109 agitur,

241 1136 287 1181 et
330 1126 434 1182 odi
486 1144 518 1181 a
551 1126 819 1181 Dioscoro
850 1128 1007 1197 172
1042 1126 1099 1181 in
1128 1128 1536 1183 Theodoretum
1561 1127 1809 1196 concepti

244 1217 353 1273 fons
394 1218 603 1287 aperiri
646 1218 871 1272 dicitur.
942 1217 1148 1291 Scribit
1192 1218 1358 1289 igitur
1411 1218 1813 1273 illustrissimus

242 1309 530 1365 cardiualis
566 1326 581 1362 :
624 1310 673 1363 l.
698 1309 959 1363 Proclum
1000 1308 1070 1363 ad
1091 1308 1386 1363 concilium
1411 1322 1668 1362 evocasse
1701 1322 1810 1359 non

242 1400 572 1457 mediocrem
596 1401 985 1472 episcoporum
1004 1400 1435 1463 multitudinem,
1460 1408 1521 1454 ut
1541 1415 1652 1453 suae
1668 1397 1814 1452 sedis

242 1494 480 1565 dignitati
509 1495 850 1549 consuleret.
906 1494 960 1547 ’2.
997 1494 1058 1547 In
1088 1509 1155 1548 eo
1186 1502 1369 1547 actum
1394 1492 1656 1546 adversus
1684 1490 1812 1544 Ale-

242 1584 519 1640 xandrinae
539 1583 801 1640 Ecclesiae.
824 1586 1154 1647 molitiones,
1185 1584 1341 1653 quasi
1373 1583 1542 1637 totius
1565 1580 1815 1635 Orienta-

241 1673 305 1731 lis
323 1676 583 1730 Ecclesiae
614 1677 910 1746 primatum
935 1674 1173 1747 Cyrillus
1195 1675 1451 1729 ambiret.
1510 1673 1565 1728 5.
1595 1674 1756 1727 Datas
1783 1688 1813 1726 a

242 1767 467 1823 concilio
485 1768 704 1823 litteras
724 1768 791 1821 ad
812 1767 1239 1823 Alexandrinum
1261 1767 1583 1829 antistitem,
1612 1765 1815 1833 quibus

1913 581 2146 637 donensi
2181 581 2288 636 hoc
2328 579 2489 633 titulo
2534 594 2548 631 :
2606 574 2965 646 ’Δντῑγραφον
2994 569 3279 625 συνοδικοῦ
3305 567 3489 638 γράμ-

1918 689 2106 741 ματος.
2161 671 2252 741 Τῷ
2293 669 2593 739 ὀσιωτάτῳ,
2645 665 2740 720 καὶ
2772 662 3194 732 θεοφιλεστάτῳ,
3242 660 3336 712 καὶ
3363 656 3490 709 συλ-

1913 762 2215 833 λειτουργῷ
2241 761 2430 831 Δόμνῳ
2454 758 2699 829 Πρόκλος
2725 757 2784 808 ὲν
2813 754 3008 824 Κυρίῳ
3028 752 3244 822 χαίρειν
3260 751 3330 802 ’⁵.

1986 856 2173 909 Potest
2202 862 2384 907 tamen
2428 849 2669 905 suboriri
2698 846 2962 903 nonnulla
2987 845 3240 915 quaestio.
3284 839 3489 907 Quam-

1916 947 2127 1008 obrem,
2154 943 2200 998 si
2222 958 2310 997 res
2332 943 2405 996 ita
2426 957 2485 996 se
2502 940 2719 1002 habuit,
2746 947 2808 992 ut
2830 936 3089 999 diximus,
3111 931 3494 987 Theodoretus

1916 1033 2202 1103 scripserit
2252 1030 2625 1086 Antiochenos
2677 1027 2832 1096 173
2880 1036 3163 1078 assensum
3191 1015 3492 1089 praebuisse

1917 1123 2095 1178 Procli
2127 1118 2440 1192 synodicis?
2484 1119 2597 1180 τοῖς
2624 1115 2732 1168 τῶν
2769 1114 2940 1181 ἁγίων
2970 1111 3233 1179 Πατέρων
3270 1105 3493 1159 κανόσιν

1918 1212 2408 1282 ἀκολουθήσαντας.
2434 1209 2546 1264 Cur
2565 1207 2788 1263 eosdem
2812 1203 3185 1259 Antiochenos
3198 1198 3495 1253 Dioscorus

1919 1306 2149 1377 proditae
2172 1319 2284 1358 suae
2326 1317 2390 1356 ac
2415 1299 2797 1354 Alexandrinae
2821 1295 3077 1350 Ecclesia
3109 1306 3235 1346 reos
3260 1288 3490 1344 fecerit:

1918 1406 1975 1451 et
2000 1412 2112 1467 quo
2142 1396 2197 1450 in
2223 1393 2396 1465 gradu
2434 1402 2562 1446 tunc
2590 1388 2857 1459 temporis
2899 1386 3196 1441 Dioscorus
3223 1379 3494 1434 constitu-

1921 1497 2010 1542 tus
2038 1486 2215 1541 esset?
2242 1486 2466 1547 Verum,
2498 1490 2558 1536 ut
2586 1497 2617 1535 a
2649 1488 2926 1550 postremo
2949 1475 3157 1537 ordiar,
3178 1473 3494 1533 Dioscorus,

1920 1595 2045 1636 cum
2083 1577 2441 1633 Antiochenis
2488 1574 2699 1628 crimen
2724 1569 3054 1641 proditionis
3076 1566 3368 1635 objiceret,
3407 1576 3496 1615 re-

1920 1688 2052 1728 cens
2080 1676 2424 1725 successerat
2465 1667 2520 1720 in
2549 1663 2741 1735 Cyrilli
2768 1663 2950 1717 locum
2979 1700 2993 1724 ,
3038 1659 3127 1713 die
3158 1656 3229 1710 28
3254 1651 3499 1711 Januarii

1921 1780 2067 1821 anno
2084 1763 2191 1818 444
2216 1760 2481 1815 defuncti.
2506 1758 2721 1827 Objecit
2740 1769 2895 1818 vero,
2917 1752 3046 1822 quia
3070 1747 3349 1821 synodicis
3368 1746 3502 1800 Pro-

247 1866 562 1914 moneretur
619 1873 892 1913 canonum
935 1858 1135 1929 prioris
1162 1859 1449 1927 utriusque
1474 1856 1693 1911 concilii
1721 1871 1815 1925 ge-
1852 1846 1891 1901 Β
1922 1855 1990 1911 cli
2023 1852 2225 1907 litteris
2267 1852 2511 1905 Domnus
2535 1845 2849 1901 admonitus
2878 1841 3232 1929 dijudicata‘m
3255 1836 3500 1929 Athana-

245 1950 440 2005 neralis
490 1949 699 2004 Niczeni
756 1957 814 2004 et
842 1948 1434 2018 Constantinopolitani
1478 1966 1491 2000 :
1533 1956 1589 2001 et
1614 1947 1819 2001 Nicaeni

246 2041 481 2112 quidem,
516 2041 635 2095 suis
667 2042 911 2111 singulas
939 2041 1206 2096 dimceses
1240 2041 1507 2094 limitibus
1535 2048 1821 2093 contentas

246 2131 780 2202 essepraecipientis;
836 2130 1423 2200 Constantinopolitaui
1472 2145 1624 2193 vero,
1682 2146 1822 2199 prm-

246 2222 408 2277 sulem
442 2238 602 2277 novae
627 2222 813 2275 Romae
842 2222 1144 2276 secundum
1172 2238 1202 2276 a
1222 2221 1427 2276 veteris
1447 2221 1690 2275 antistite
1720 2235 1820 2290 po-

247 2314 438 2367 nentis.
504 2313 558 2367 4.
603 2313 845 2367 Litteras
893 2313 962 2367 ab
990 2312 1348 2367 Antiochenis
1379 2321 1628 2382 receptas
1653 2312 1821 2365 fuisse

246 2414 295 2458 et
328 2404 651 2459 assensione
678 2403 1045 2458 confirmatas.
1108 2404 1160 2457 5.
1191 2403 1537 2465 Dioscorum,
1573 2402 1666 2471 qui
1692 2409 1823 2456 tunc

247 2497 619 2551 Alexandrina:
661 2496 999 2551 Ecelesiaein
1048 2496 1184 2550 urbe
1228 2496 1380 2565 regia
1420 2494 1822 2565 apocrisiarius

247 2597 400 2651 esset,
462 2588 681 2658 magnis
720 2587 936 2642 viribus
981 2586 1296 2651 obstitisse;
1355 2587 1473 2650 sed,
1522 2601 1649 2640 cum
1683 2586 1821 2639 nihil

246 2679 557 2749 proliceret,
627 2678 684 2732 in
738 2678 1143 2743 Antiochenos,
1198 2694 1434 2748 quorum
1485 2679 1821 2733 incentorem

248 2770 501 2826 credebat
521 2769 961 2834 Theodoretum,
987 2770 1236 2825 dolorem
1267 2770 1434 2824 animi
1460 2769 1821 2833 convertisse,

248 2877 439 2932 eosque
470 2861 811 2932 proditionis
840 2862 897 2916 in
924 2877 1079 2916 suam
1104 2877 1168 2917 ac
1191 2861 1613 2917 Alexandrinam
1639 2861 1825 2915 Eccle-

250 2954 372 3007 siam
404 2969 726 3009 accusasse.

307 3044 508 3099 Verum
541 3051 606 3098 ut
634 3044 931 3109 Baronius,
990 3044 1336 3100 auctoritatis
1372 3059 1485 3099 suae
1523 3050 1821 3104 momento,

250 3137 481 3207 potuerit
501 3136 722 3190 Binium
750 3145 1092 3206 czeterosque
1116 3135 1479 3191 conciliorum
1500 3136 1825 3190 collectores
1853 3181 1892 3207 ι,

250 3243 297 3283 ιι
317 3244 470 3284 suam
496 3228 828 3283 sententiam
865 3227 1170 3294 adducere;
1224 3243 1344 3282 eam
1377 3234 1556 3280 tamen
1591 3225 1825 3281 curiosis

248 3322 317 3375 rei
343 3319 783 3390 indagatoribus,
812 3319 906 3373 vix
931 3333 996 3374 ac
1021 3334 1089 3374 ne
1113 3319 1204 3373 vix
1218 3318 1442 3388 quidem
1466 3316 1819 3387 persuaserit.

243 3409 371 3466 Nam
397 3409 737 3465 Theodoreti
766 3409 1003 3480 epistola
1024 3408 1111 3473 86,
1156 3424 1264 3478 qua
1288 3423 1395 3462 una
1418 3408 1612 3471 utitur,
1651 3407 1704 3460 id
1734 3421 1824 3460 re-

244 3501 356 3574 ipsa
386 3517 499 3557 non
519 3500 792 3567 continet,
821 3500 970 3571 quod
998 3499 1265 3555 cardinali
1296 3499 1475 3552 visum
1502 3506 1614 3563 est;
1647 3513 1825 3567 neque

246 3594 385 3649 ullus
424 3594 667 3663 scriptor
706 3592 845 3647 tanti
874 3591 1081 3663 negotii
1110 3591 1364 3646 meminit
1390 3609 1403 3644 :
1428 3606 1608 3661 neque
1635 3590 1824 3661 Cyl-illi

245 3684 510 3740 modestia
566 3691 678 3739 tam
720 3683 1077 3738 ambitiosum
1107 3683 1400 3738 consilium
1433 3681 1578 3737 ferre
1609 3683 1822 3753 potuit;

245 3791 419 3846 neque
449 3775 769 3832 Christiana
798 3775 1041 3831 cbaritas
1073 3774 1422 3829 sanctissimo
1449 3774 1669 3828 vinculo
1698 3789 1826 3827 san-

246 3868 519 3923 ctissimos
542 3868 810 3938 praesules
838 3867 1095 3923 Proclum
1116 3876 1172 3923 et
1194 3867 1458 3938 Cyrillum
1484 3867 1823 3930 devinciens,

246 3969 349 4014 tam
392 3959 721 4030 injuriosam
763 3960 1094 4015 sententiam
1136 3959 1324 4014 dicere
1368 3959 1582 4024 valuit;
1647 3973 1827 4028 neque

245 4050 462 4106 tandem
493 4050 605 4106 ulla
629 4066 752 4106 sese
784 4066 848 4105 ea
875 4058 1195 4120 tempestate
1221 4050 1451 4105 dederat
1481 4049 1696 4104 occasio
1723 4049 1829 4103 hoc

146 4150 153 4159 ’
246 4141 311 4198 de
329 4143 456 4214 jure
486 4143 820 4215 praesidendi
843 4143 1095 4198 conciliis
1121 4142 1419 4199 Orientalis
1436 4143 1695 4198 Ecclesiae
1718 4142 1831 4197 dis-

247 4235 499 4304 ceptandi
529 4253 544 4289 :
576 4249 702 4307 quae
726 4234 833 4289 tria
860 4235 1169 4305 posteriora
1200 4250 1325 4290 cum
1352 4244 1500 4289 certa
1527 4234 1687 4298 sint,‘
1713 4234 1830 4303 pri-

247 4339 392 4379 mum
422 4342 537 4381 non
564 4342 767 4397 magno
787 4325 1011 4397 negotio
1043 4325 1100 4380 in
1127 4326 1451 4381 recensione
1478 4324 1723 4394 epistolae
1741 4324 1828 4389 86,

250 4417 587 4473 couﬂcietur.
622 4437 641 4470 ι
665 4418 835 4483 Scito,
861 4417 1102 4482 domine,
1127 4417 1270 4471 hanc
1288 4417 1441 4470 illum
1468 4415 1828 4486 (Dioscorum)

1922 1944 1988 1999 sii
2009 1940 2332 1998 Perrhensis
2354 1952 2573 1992 causam
2599 1929 2978 2003 recognoverit
3003 1947 3016 1981 :
3036 1942 3146 1997 quo
3165 1925 3309 1979 facto
3324 1922 3500 1977 videri

1921 2034 2102 2106 potuit
2140 2032 2437 2101 primatum
2488 2027 2686 2081 Proclo
2728 2022 3033 2079 concedere
3057 2060 3072 2084 ,
3132 2014 3405 2086 siquidem
3440 2023 3502 2069 ut

1922 2126 2154 2197 privatis
2177 2122 2380 2177 litteris
2400 2134 2627 2174 monere
2654 2117 2723 2172 de
2745 2115 2923 2171 oliicio
2946 2110 3109 2167 amici
3132 2118 3236 2172 est,
3272 2108 3347 2162 ita
3371 2122 3499 2177 syn-

1923 2218 2118 2281 odicis,
2139 2214 2461 2285 superioris.
2490 2212 2608 2267 Iam
2631 2225 2783 2273 vero,
2807 2222 2931 2263 cum
2954 2203 3325 2260 Alexandrina
3344 2200 3503 2256 sedes

1923 2306 2163 2363 secunda
2185 2304 2353 2358 fuerit
2374 2311 2501 2372 post
2521 2301 2843 2362 Romanam,
2869 2295 3213 2351 Antiochena
3240 2299 3362 2362 post
3380 2290 3504 2345 Ale-

1922 2396 2244 2451 xandrinam
2288 2393 2471 2455 tertia,
2524 2391 2690 2460 idque
2718 2397 2996 2445 servatum
3028 2385 3193 2440 fuerit
3231 2385 3342 2453 jam
3374 2380 3502 2436 inde

1924 2504 1954 2543 a
1983 2486 2178 2558 primis
2204 2484 2465 2539 Ecclesiae
2489 2481 2831 2552 temporibus
2856 2493 2872 2532 :
2896 2472 3501 2543 Constantinopolitana

1926 2593 2120 2633 recens
2160 2574 2489 2638 constituta,
2536 2573 2582 2627 si
2610 2570 2914 2627 secundum
2939 2569 3124 2623 locum
3151 2572 3355 2627 teneat,
3381 2564 3501 2633 jus-

1924 2683 2031 2738 que
2078 2666 2252 2736 ipsius
2301 2665 2405 2719 bac
2448 2664 2502 2718 in
2547 2671 2700 2732 parte
2743 2670 3107 2731 agnoscatur;
3164 2669 3389 2710 necesse
3420 2660 3506 2707 est

1928 2769 2220 2829 utramque
2249 2758 2410 2813 aliam
2435 2756 2622 2812 sedem
2648 2752 3072 2825 patriarcbalem
3106 2746 3363 2817 deprimi.

2516 2866 2740 2922 CAPUT
2770 2864 2911 2920 VIII.

1926 2963 1967 3019 1.
2019 2963 2218 3018 Joanni
2263 2960 2583 3016 Antiocheno
2631 2957 2857 3011 succedit
2900 2954 3154 3008 Domnus.
3215 2949 3280 3005 II.
3308 2945 3508 3019 Cyrillo

1997 3015 2360 3088 dleaandrino
2381 3030 2682 3083 Dioscorus.
2725 3027 2813 3080 III.
2837 3022 3040 3094 Cyrillo
3059 3030 3265 3094 mortug
3283 3015 3509 3072 insultat

1998 3104 2367 3164 Theodoretus,
2402 3116 2505 3153 non
2529 3107 2736 3151 tantum
2761 3088 2947 3164 littei'is
2969 3091 3200 3164 dutis‘ud
3222 3088 3506 3164 Domuum.

1998 3156 2089 3229 IV.
2112 3156 2234 3226 Sed
2261 3156 2419 3224 etiam
2445 3169 2690 3222 concione
2712 3165 2889 3218 habita
2912 3161 3219 3216 Antiochiae.
3277 3157 3342 3229 Υ.
3369 3156 3510 3229 Eam

2005 3226 2201 3298 obirem
2234 3239 2373 3293 male
2405 3238 2571 3292 audit.
2628 3236 2716 3289 Vl.
2766 3234 2835 3288 Et
2863 3233 2925 3286 ab
2956 3234 3276 3300 imperatore
3295 3226 3513 3300 jungatur

1999 3293 2055 3367 se
2083 3293 2350 3366 continere
2376 3308 2532 3379 Cyro.
2574 3304 2880 3379 VII.__Pa_ret
2911 3293 3079 3379 inulta
3105 3293 3333 3368 questus.
3372 3293 3507 3349 VIII.

2003 3381 2289 3437 Eranisten
2318 3371 2601 3446 com'ponit.
2654 3373 2746 3428 IX.
2775 3372 2930 3446 Apud
2958 3371 3262 3446 Qioscorum
3292 3380 3511 3446 accusa-

2004 3462 2111 3506 tur.
2172 3450 2240 3505 Χ.
2271 3438 2462 3504 Scribit
2514 3446 2792 3507 Flaviano,
2824 3438 2931 3512 'qui
2961 3438 3510 3512 Pr_q¢_:lo_su_cccsser_at,

2004 3504 2185 3594 petens
2206 3536 2355 3594 opem
2378 3518 2624 3594 adversus
2649 3504 2985 3594 Dioscorum.
3020 3509 3110 3563 XI.
3136 3505 3314 3594 Efﬁcit

1998 3573 2175 3646 initus
2203 3573 2439 3660 legatum,
2460 3588 2632 3641 mittat
2669 3585 2738 3637 ad
2758 3585 3153 3653 imperatorem.
3186 3573 3398 3646 "Legato
3422 3573 3516 3627 dat

2006 3662 2209 3716 litteras
2240 3658 2308 3713 ad
2335 3659 2631 3729 Optimates.
3004 3706 3017 3717 ι

2340 3761 2413 3810 Ab
2435 3774 2562 3810 anno
2583 3756 2762 3808 Christi
2785 3755 2872 3804 ΗΟ
2897 3756 2953 3804 ad
2978 3754 3085 3801 lii.

2003 3868 2045 3923 ι.
2086 3866 2386 3921 Inclinante
2414 3880 2559 3917 anno
2582 3860 2785 3917 Christi
2813 3853 3357 3929 quadringentesimo
3379 3866 3516 3920 qua-

1936 3959 2279 4028 dragesimo,
2335 3965 2431 4010 aut
2475 3955 2659 4025 potius
2688 3953 2911 4006 ineunte
2946 3948 3040 4018 qui
3067 3945 3337 4015 sequitur,
3371 3941 3517 3997 diem

1935 4059 2242 4105 extremum
2288 4047 2485 4101 clausit
2523 4046 2793 4109 Joannes,
2848 4053 3134 4112 postquam
3164 4034 3520 4092 Antiochense

1935 4140 2196 4197 Ecclesia:
2244 4153 2419 4193 annos
2465 4136 2730 4192 tredecim
2779 4144 2923 4189 totos
2950 4131 3019 4186 ab
3057 4130 3216 4184 obitu
3242 4124 3519 4181 Theodori

1938 4232 2269 4304 pnefuisset.
2332 4228 2600 4282 Defuncto
2643 4223 2911 4280 successit
2952 4222 3195 4275 Domuus
3240 4233 3307 4271 ex
3333 4228 3522 4270 sorore

1937 4339 2129 4393 nepos,
2171 4322 2257 4377 vir
2308 4328 2371 4374 ut
2392 4318 2576 4373 dubize
2604 4317 2751 4378 ﬁdei,
2786 4314 2863 4369 sic
2886 4309 3253 4381 imprudentis
3279 4304 3519 4368 consilii,

1937 4415 2215 4484 variatque
2231 4411 2487 4473 fortunae,
2505 4417 2563 4462 et
2581 4407 2814 4462 infelicis
2831 4404 3014 4458 sortis.
3033 4402 3168 4457 Nam
3189 4414 3311 4454 cum
3330 4411 3519 4467 pacem

253 4505 510 4564 adversus
543 4525 649 4565 nos
679 4509 1191 4580 pusillanimitatem
1226 4524 1438 4579 gerere,
1474 4523 1541 4561 ex
1569 4522 1678 4576 quo
1703 4521 1833 4577 syn-
1868 4528 1910 4584 ο
1940 4508 2009 4561 ab
2038 4504 2313 4560 avunculo
2335 4501 2696 4571 compositam
2740 4512 2851 4551 non
2886 4491 3229 4549 sanctissime
3251 4491 3525 4584 servasset

253 4597 422 4655 adicis
437 4600 643 4657 vestris
676 4600 781 4656 sub
805 4601 1277 4656 beataeememoriae
1300 4599 1495 4655 Proclo
1523 4598 1682 4652 factis
1708 4614 1836 4652 san-

254 4699 465 4747 ctorum
499 4692 731 4748 Palmm
766 4692 972 4763 regulis
1001 4691 1334 4747 inhaerentes
1359 4690 1695 4746 assensimus
1728 4707 1741 4743 :
1775 4704 1839 4744 ac

257 4783 322 4838 de
343 4784 452 4840 boc
474 4799 581 4840 nos
602 4784 775 4839 semel
807 4792 972 4854 atque
995 4784 1197 4839 iterum
1227 4784 1565 4853 increpasse,
1601 4783 1756 4851 quasi
1782 4788 1840 4835 et

258 4874 748 4939 Antiochenorum,
776 4882 838 4929 ut
862 4874 957 4940 ait,
982 4881 1038 4928 et
1056 4872 1552 4928 Alexandrinorum
1575 4872 1696 4942 jura
1715 4885 1842 4941 pro-

261 4964 576 5020 diderimus.
609 4983 627 5016 ι
1434 4958 1439 4959 “

329 5056 471 5124 Quas
490 5072 628 5112 vero
673 5054 1061 5110 Theodoretus
1085 5054 1375 5126 synodicas
1405 5054 1509 5109 sub
1532 5054 1729 5110 Proclo
1755 5053 1839 5107 fa-

268 5158 375 5203 ctas
398 5148 900 5218 Constantinopoli,
949 5156 1007 5203 et
1031 5147 1101 5203 ab
1124 5146 1486 5203 Antiochenis
1512 5147 1841 5217 approbatas

266 5248 560 5305 memorat,
618 5254 734 5295 non
775 5239 932 5303 alias,
973 5237 1190 5308 opinor,
1234 5253 1397 5307 quam
1444 5253 1566 5306 quae
1594 5236 1649 5290 in
1676 5251 1838 5291 causa

269 5330 538 5387 Athanasii
586 5332 1001 5388 Perrbenorum
1027 5329 1273 5400 episcopi
1322 5327 1586 5384 confectae
1614 5336 1743 5382 sunt
1785 5327 1840 5379 in

269 5423 510 5489 concilio,
540 5425 688 5480 unde
711 5424 947 5481 Proclus
969 5421 1036 5477 ad
1056 5420 1330 5475 Domuum
1350 5435 1414 5474 ea
1435 5419 1503 5475 de
1523 5434 1582 5474 re
1599 5418 1838 5488 scripsit.

1941 4601 2271 4671 (incertum,
2323 4612 2421 4650 sua
2460 4602 2676 4663 sponte,
2723 4607 2792 4645 an
2832 4584 3165 4643 Theodoreti
3197 4575 3521 4644 instinctu),

1939 4669 2204 4758 visusque
2229 4694 2380 4742 esset
2428 4683 2727 4740 amicitiam
2752 4678 2944 4751 Cyrilli
2969 4675 3277 4745 negligere,
3312 4670 3367 4724 in
3394 4669 3522 4724 Ale—

1939 4780 2336 4836 xandrinorum
2364 4777 2724 4831 oﬂ‘ensionem
2750 4768 3007 4832 incurrit,
3040 4780 3147 4835 qua
3175 4760 3522 4833 p0stmodum

1943 4873 2000 4927 in
2023 4886 2276 4942 apertum
2303 4869 2489 4923 odium
2518 4864 2928 4923 exardescente,
2956 4873 2986 4912 a
3009 4853 3319 4912 latrocinali
3340 4850 3525 4907 conci-

1946 4962 2022 5017 lio
2050 4959 2333 5031 Ephesino
2363 4973 2469 5011 una
2500 4971 2624 5009 cum
2656 4950 3005 5006 Theodoreto
3036 4947 3103 5001 de
3127 4944 3255 5000 sede
3281 4943 3527 5014 dejectus

1947 5062 2060 5118 est,
2096 5060 2153 5107 et
2178 5065 2416 5105 mmrore
2441 5046 2726 5101 confectus
2754 5042 2984 5098 interiit.

2018 5141 2243 5197 Occulta
2289 5136 2415 5192 facti
2459 5149 2625 5190 causa
2650 5141 2764 5198 est;
2807 5142 3056 5201 apertum
3088 5138 3265 5184 tamen
3293 5124 3437 5178 hanc
3470 5121 3524 5174 in

1948 5249 2064 5289 rem
2101 5231 2274 5287 sancti
2300 5227 2578 5298 Euthymii
2608 5223 2954 5281 vaticinium.
2991 5222 3202 5276 Domno
3229 5216 3340 5278 ille,
3375 5226 3524 5273 cum,

1948 5326 2166 5380 deserto
2191 5318 2518 5393 jampridem
2551 5312 2907 5374 monasterio,
2942 5307 3287 5363 Antiochiam
3315 5306 3528 5393 peteret

1949 5391 2266 5470 ambitionis
2285 5411 2473 5475 ductu,
2505 5405 2815 5479 praedixit"
2838 5402 2953 5459 lore
2986 5420 3002 5451 ι
3036 5408 3095 5454 ut
3117 5395 3372 5452 avunculi
3406 5391 3530 5463 qui—

1603 5571 1920 5629 SCHULZII
1962 5567 2192 5625 NOTAE.

339 5717 377 5792 ’ξ
398 5718 459 5775 In
478 5720 610 5792 eleg.
645 5718 777 5792 Jac.
812 5714 978 5792 Vid.,_
1003 5725 1042 5770 t.
1078 5715 1258 5792 [ει-ι).
1466 5730 1579 5792 seq.

1715 5713 1761 5744 ⁷³
1786 5709 2069 5780 Epistolis.
2096 5709 2218 5764 Vid.
2251 5716 2292 5763 t.
2320 5707 2410 5770 IV,
2451 5705 2612 5776 epist.
2645 5703 2733 5766 29,
2792 5699 2879 5764 49,
2918 5696 3003 5761 45,
3050 5696 3138 5760 79,
3186 5689 3283 5745 H5
3317 5704 3369 5745 et
3410 5683 3526 5745 U5.

281 5776 474 5847 "Coac.
513 5776 729 5856 Citam,
761 5794 877 5844 act.
918 5776 1006 5841 η.
1081 5787 1124 5820 ⁷⁵
1157 5776 1436 5841 Ρῖωιιίπὲι.
1476 5776 1557 5839 ῐη’
1583 5785 1684 5838 Vit.
1726 5784 1781 5837 S.

1946 5779 2118 5853 iymii.
