  <div class='ocr_page' id='page_1' title='image "/cluster/home/n/w/nwhite01/storage/ocr_20150623/84 pt.5/mdp.39015010572884/071.png"; bbox 0 0 3950 6226; ppageno 0'>
   <div class='ocr_carea' id='block_1_1' title="bbox 397 331 496 401">
    <p class='ocr_par' dir='ltr' id='par_1_1' title="bbox 397 331 496 401">
     <span class='ocr_line' id='line_1_1' title="bbox 397 331 496 401; baseline 0 0"><span class='ocrx_word' id='word_1_1' title='bbox 397 331 496 401; x_wconf 71' lang='lat'><strong>1‘27</strong></span> 
     </span>
    </p>
   </div>
   <div class='ocr_carea' id='block_1_2' title="bbox 1520 340 2520 404">
    <p class='ocr_par' dir='ltr' id='par_1_2' title="bbox 1520 340 2520 404">
     <span class='ocr_line' id='line_1_2' title="bbox 1520 340 2520 404; baseline 0 -3"><span class='ocrx_word' id='word_1_2' title='bbox 1520 340 1899 401; x_wconf 78' lang='lat' dir='ltr'><strong>GARNERII</strong></span> <span class='ocrx_word' id='word_1_3' title='bbox 1939 340 2436 404; x_wconf 73' lang='lat' dir='ltr'><strong>DiSSERTATIO</strong></span> <span class='ocrx_word' id='word_1_4' title='bbox 2475 343 2520 402; x_wconf 82' lang='grc' dir='ltr'><strong>Ι.</strong></span> 
     </span>
    </p>
   </div>
   <div class='ocr_carea' id='block_1_3' title="bbox 3544 343 3654 409">
    <p class='ocr_par' dir='ltr' id='par_1_3' title="bbox 3544 343 3654 409">
     <span class='ocr_line' id='line_1_3' title="bbox 3544 343 3654 409; baseline 0.018 -2"><span class='ocrx_word' id='word_1_5' title='bbox 3544 343 3654 409; x_wconf 78' lang='lat'><strong>128</strong></span> 
     </span>
    </p>
   </div>
   <div class='ocr_carea' id='block_1_4' title="bbox 395 453 3651 527">
    <p class='ocr_par' dir='ltr' id='par_1_4' title="bbox 395 453 3651 527">
     <span class='ocr_line' id='line_1_4' title="bbox 395 453 3651 527; baseline 0.001 -17"><span class='ocrx_word' id='word_1_6' title='bbox 395 455 523 510; x_wconf 87' lang='lat' dir='ltr'><strong>dem</strong></span> <span class='ocrx_word' id='word_1_7' title='bbox 542 454 827 510; x_wconf 81' lang='lat' dir='ltr'><strong>obtineret</strong></span> <span class='ocrx_word' id='word_1_8' title='bbox 849 454 1058 521; x_wconf 77' lang='lat' dir='ltr'><strong>sedem,</strong></span> <span class='ocrx_word' id='word_1_9' title='bbox 1085 456 1180 512; x_wconf 90' lang='lat' dir='ltr'><strong>sed</strong></span> <span class='ocrx_word' id='word_1_10' title='bbox 1206 472 1326 512; x_wconf 87' lang='lat' dir='ltr'><strong>eam</strong></span> <span class='ocrx_word' id='word_1_11' title='bbox 1350 455 1455 527; x_wconf 84' lang='lat' dir='ltr'><strong>ipsi</strong></span> <span class='ocrx_word' id='word_1_12' title='bbox 1478 468 1669 511; x_wconf 79' lang='lat' dir='ltr'><strong>rursus</strong></span> <span class='ocrx_word' id='word_1_13' title='bbox 1685 457 1971 512; x_wconf 77' lang='lat' dir='ltr'><strong>auferrent</strong></span> <span class='ocrx_word' id='word_1_14' title='bbox 1999 464 2043 521; x_wconf 72' lang='grc' dir='ltr'>Α</span> <span class='ocrx_word' id='word_1_15' title='bbox 2072 456 2327 526; x_wconf 76' lang='lat' dir='ltr'><strong>pluribus</strong></span> <span class='ocrx_word' id='word_1_16' title='bbox 2367 457 2516 512; x_wconf 84' lang='lat' dir='ltr'><strong>enim</strong></span> <span class='ocrx_word' id='word_1_17' title='bbox 2568 455 2694 512; x_wconf 85' lang='lat' dir='ltr'><strong>ﬁdei</strong></span> <span class='ocrx_word' id='word_1_18' title='bbox 2738 456 2999 526; x_wconf 78' lang='lat' dir='ltr'><strong>pacisque</strong></span> <span class='ocrx_word' id='word_1_19' title='bbox 3024 453 3339 511; x_wconf 71' lang='lat' dir='ltr'><strong>amantibus</strong></span> <span class='ocrx_word' id='word_1_20' title='bbox 3384 456 3527 512; x_wconf 88' lang='lat' dir='ltr'><strong>velle</strong></span> <span class='ocrx_word' id='word_1_21' title='bbox 3558 456 3651 512; x_wconf 64' lang='lat' dir='ltr'><strong>vi:-</strong></span> 
     </span>
    </p>
   </div>
   <div class='ocr_carea' id='block_1_5' title="bbox 401 544 1973 619">
    <p class='ocr_par' dir='ltr' id='par_1_5' title="bbox 401 544 1973 619">
     <span class='ocr_line' id='line_1_5' title="bbox 401 544 1973 619; baseline 0.003 -19"><span class='ocrx_word' id='word_1_22' title='bbox 401 545 561 617; x_wconf 63' lang='lat'><strong>175</strong></span> <span class='ocrx_word' id='word_1_23' title='bbox 589 547 717 601; x_wconf 89' lang='lat' dir='ltr'><strong>mali</strong></span> <span class='ocrx_word' id='word_1_24' title='bbox 743 546 997 602; x_wconf 77' lang='lat' dir='ltr'><strong>homines</strong></span> <span class='ocrx_word' id='word_1_25' title='bbox 1024 555 1188 619; x_wconf 81' lang='lat' dir='ltr'><strong>atque</strong></span> <span class='ocrx_word' id='word_1_26' title='bbox 1213 544 1973 619; x_wconf 78' lang='lat' dir='ltr'><strong>praestigiatores,.postquam</strong></span> 
     </span>
    </p>
   </div>
   <div class='ocr_carea' id='block_1_6' title="bbox 396 637 1790 710">
    <p class='ocr_par' dir='ltr' id='par_1_6' title="bbox 396 637 1790 710">
     <span class='ocr_line' id='line_1_6' title="bbox 396 637 1790 710; baseline -0.001 -16"><span class='ocrx_word' id='word_1_27' title='bbox 396 637 466 694; x_wconf 87' lang='lat' dir='ltr'><strong>ab</strong></span> <span class='ocrx_word' id='word_1_28' title='bbox 495 637 605 693; x_wconf 82' lang='lat' dir='ltr'><strong>illis</strong></span> <span class='ocrx_word' id='word_1_29' title='bbox 630 638 788 707; x_wconf 81' lang='lat' dir='ltr'><strong>prius</strong></span> <span class='ocrx_word' id='word_1_30' title='bbox 814 653 925 709; x_wconf 73' lang='lat' dir='ltr'><strong>pm</strong></span> <span class='ocrx_word' id='word_1_31' title='bbox 950 639 1261 710; x_wconf 78' lang='lat' dir='ltr'><strong>ignorantia</strong></span> <span class='ocrx_word' id='word_1_32' title='bbox 1289 640 1550 695; x_wconf 88' lang='lat' dir='ltr'><strong>seductus</strong></span> <span class='ocrx_word' id='word_1_33' title='bbox 1571 650 1740 696; x_wconf 83' lang='lat' dir='ltr'><strong>esset.</strong></span> <span class='ocrx_word' id='word_1_34' title='bbox 1772 660 1790 693; x_wconf 74' lang='grc' dir='ltr'><strong><em>ι</em></strong></span> 
     </span>
    </p>
   </div>
   <div class='ocr_carea' id='block_1_7' title="bbox 466 728 1970 800">
    <p class='ocr_par' dir='ltr' id='par_1_7' title="bbox 466 728 1970 800">
     <span class='ocr_line' id='line_1_7' title="bbox 466 728 1970 800; baseline 0.003 -17"><span class='ocrx_word' id='word_1_35' title='bbox 466 728 531 783; x_wconf 88' lang='lat' dir='ltr'><strong>ll.</strong></span> <span class='ocrx_word' id='word_1_36' title='bbox 556 729 850 786; x_wconf 74' lang='lat' dir='ltr'><strong>Efﬂuxerat</strong></span> <span class='ocrx_word' id='word_1_37' title='bbox 866 730 981 785; x_wconf 82' lang='lat' dir='ltr'><strong>fere</strong></span> <span class='ocrx_word' id='word_1_38' title='bbox 1003 731 1427 800; x_wconf 87' lang='lat' dir='ltr'><strong>quadriennium</strong></span> <span class='ocrx_word' id='word_1_39' title='bbox 1452 732 1521 787; x_wconf 92' lang='lat' dir='ltr'><strong>ab</strong></span> <span class='ocrx_word' id='word_1_40' title='bbox 1548 732 1702 789; x_wconf 89' lang='lat' dir='ltr'><strong>obitu</strong></span> <span class='ocrx_word' id='word_1_41' title='bbox 1723 733 1970 798; x_wconf 83' lang='lat' dir='ltr'><strong>Joannis,</strong></span> 
     </span>
    </p>
   </div>
   <div class='ocr_carea' id='block_1_8' title="bbox 397 819 1971 896">
    <p class='ocr_par' dir='ltr' id='par_1_8' title="bbox 397 819 1971 896">
     <span class='ocr_line' id='line_1_8' title="bbox 397 819 1971 896; baseline 0.003 -23"><span class='ocrx_word' id='word_1_42' title='bbox 397 834 524 874; x_wconf 92' lang='lat' dir='ltr'><strong>cum</strong></span> <span class='ocrx_word' id='word_1_43' title='bbox 563 819 655 875; x_wconf 89' lang='lat' dir='ltr'><strong>die</strong></span> <span class='ocrx_word' id='word_1_44' title='bbox 695 836 840 876; x_wconf 90' lang='lat' dir='ltr'><strong>nona</strong></span> <span class='ocrx_word' id='word_1_45' title='bbox 877 822 1028 878; x_wconf 86' lang='lat' dir='ltr'><strong>Junii</strong></span> <span class='ocrx_word' id='word_1_46' title='bbox 1077 823 1333 894; x_wconf 76' lang='lat' dir='ltr'><strong>migravit</strong></span> <span class='ocrx_word' id='word_1_47' title='bbox 1373 824 1443 878; x_wconf 88' lang='lat' dir='ltr'><strong>ad</strong></span> <span class='ocrx_word' id='word_1_48' title='bbox 1463 839 1695 894; x_wconf 88' lang='lat' dir='ltr'><strong>superos</strong></span> <span class='ocrx_word' id='word_1_49' title='bbox 1715 823 1971 896; x_wconf 85' lang='lat' dir='ltr'><strong>Cyrillus,</strong></span> 
     </span>
    </p>
   </div>
   <div class='ocr_carea' id='block_1_9' title="bbox 397 913 1976 988">
    <p class='ocr_par' dir='ltr' id='par_1_9' title="bbox 397 913 1976 988">
     <span class='ocr_line' id='line_1_9' title="bbox 397 913 1976 988; baseline 0.005 -23"><span class='ocrx_word' id='word_1_50' title='bbox 397 920 688 981; x_wconf 77' lang='lat' dir='ltr'><strong>postquam</strong></span> <span class='ocrx_word' id='word_1_51' title='bbox 742 913 1167 969; x_wconf 79' lang='lat' dir='ltr'><strong>Alexandrinam</strong></span> <span class='ocrx_word' id='word_1_52' title='bbox 1210 916 1516 972; x_wconf 88' lang='lat' dir='ltr'><strong>Ecclesiam</strong></span> <span class='ocrx_word' id='word_1_53' title='bbox 1570 917 1794 988; x_wconf 79' lang='lat' dir='ltr'><strong>triginta</strong></span> <span class='ocrx_word' id='word_1_54' title='bbox 1835 917 1976 973; x_wconf 86' lang='lat' dir='ltr'><strong>duos</strong></span> 
     </span>
    </p>
   </div>
   <div class='ocr_carea' id='block_1_10' title="bbox 399 1003 1975 1077">
    <p class='ocr_par' dir='ltr' id='par_1_10' title="bbox 399 1003 1975 1077">
     <span class='ocr_line' id='line_1_10' title="bbox 399 1003 1975 1077; baseline 0.004 -22"><span class='ocrx_word' id='word_1_55' title='bbox 399 1015 576 1057; x_wconf 84' lang='lat' dir='ltr'><strong>annos</strong></span> <span class='ocrx_word' id='word_1_56' title='bbox 605 1003 858 1058; x_wconf 87' lang='lat' dir='ltr'><strong>rexisset.</strong></span> <span class='ocrx_word' id='word_1_57' title='bbox 896 1004 1072 1059; x_wconf 81' lang='lat' dir='ltr'><strong>Flevit</strong></span> <span class='ocrx_word' id='word_1_58' title='bbox 1099 1004 1365 1077; x_wconf 55' lang='lat' dir='ltr'><strong>.lEgyptus</strong></span> <span class='ocrx_word' id='word_1_59' title='bbox 1389 1008 1703 1077; x_wconf 70' lang='lat' dir='ltr'><strong>praesulem,</strong></span> <span class='ocrx_word' id='word_1_60' title='bbox 1730 1007 1975 1063; x_wconf 84' lang='lat' dir='ltr'><strong>Ecclesia</strong></span> 
     </span>
    </p>
   </div>
   <div class='ocr_carea' id='block_1_11' title="bbox 400 1093 1965 1167">
    <p class='ocr_par' dir='ltr' id='par_1_11' title="bbox 400 1093 1965 1167">
     <span class='ocr_line' id='line_1_11' title="bbox 400 1093 1965 1167; baseline 0.001 -20"><span class='ocrx_word' id='word_1_61' title='bbox 400 1093 700 1158; x_wconf 88' lang='lat' dir='ltr'><strong>doctorem,</strong></span> <span class='ocrx_word' id='word_1_62' title='bbox 718 1094 869 1149; x_wconf 85' lang='lat' dir='ltr'><strong>orbis</strong></span> <span class='ocrx_word' id='word_1_63' title='bbox 883 1095 1064 1150; x_wconf 89' lang='lat' dir='ltr'><strong>virum</strong></span> <span class='ocrx_word' id='word_1_64' title='bbox 1081 1096 1387 1152; x_wconf 85' lang='lat' dir='ltr'><strong>constantis</strong></span> <span class='ocrx_word' id='word_1_65' title='bbox 1401 1096 1549 1161; x_wconf 86' lang='lat' dir='ltr'><strong>ﬁdei,</strong></span> <span class='ocrx_word' id='word_1_66' title='bbox 1570 1097 1753 1167; x_wconf 88' lang='lat' dir='ltr'><strong>magni</strong></span> <span class='ocrx_word' id='word_1_67' title='bbox 1773 1095 1965 1161; x_wconf 90' lang='lat' dir='ltr'><strong>animi,</strong></span> 
     </span>
    </p>
   </div>
   <div class='ocr_carea' id='block_1_12' title="bbox 400 1184 1974 1258">
    <p class='ocr_par' dir='ltr' id='par_1_12' title="bbox 400 1184 1974 1258">
     <span class='ocr_line' id='line_1_12' title="bbox 400 1184 1974 1258; baseline 0.002 -20"><span class='ocrx_word' id='word_1_68' title='bbox 400 1184 730 1240; x_wconf 83' lang='lat' dir='ltr'><strong>eruditionis</strong></span> <span class='ocrx_word' id='word_1_69' title='bbox 767 1186 1004 1253; x_wconf 62' lang='lat' dir='ltr'><strong>eximiae,</strong></span> <span class='ocrx_word' id='word_1_70' title='bbox 1055 1187 1274 1243; x_wconf 71' lang='lat' dir='ltr'><strong>invictae</strong></span> <span class='ocrx_word' id='word_1_71' title='bbox 1316 1188 1537 1258; x_wconf 91' lang='lat' dir='ltr'><strong>pietatis</strong></span> <span class='ocrx_word' id='word_1_72' title='bbox 1588 1188 1643 1242; x_wconf 90' lang='lat' dir='ltr'><strong>in</strong></span> <span class='ocrx_word' id='word_1_73' title='bbox 1670 1187 1974 1252; x_wconf 87' lang='lat' dir='ltr'><strong>Christum,</strong></span> 
     </span>
    </p>
   </div>
   <div class='ocr_carea' id='block_1_13' title="bbox 400 1275 1975 1350">
    <p class='ocr_par' dir='ltr' id='par_1_13' title="bbox 400 1275 1975 1350">
     <span class='ocr_line' id='line_1_13' title="bbox 400 1275 1975 1350; baseline 0.003 -22"><span class='ocrx_word' id='word_1_74' title='bbox 400 1275 693 1346; x_wconf 72' lang='lat' dir='ltr'><strong>singularis</strong></span> <span class='ocrx_word' id='word_1_75' title='bbox 732 1292 863 1349; x_wconf 90' lang='lat' dir='ltr'><strong>erga</strong></span> <span class='ocrx_word' id='word_1_76' title='bbox 892 1278 1180 1349; x_wconf 89' lang='lat' dir='ltr'><strong>Deiparam</strong></span> <span class='ocrx_word' id='word_1_77' title='bbox 1209 1279 1408 1345; x_wconf 87' lang='lat' dir='ltr'><strong>studii;</strong></span> <span class='ocrx_word' id='word_1_78' title='bbox 1462 1296 1587 1335; x_wconf 91' lang='lat' dir='ltr'><strong>eum</strong></span> <span class='ocrx_word' id='word_1_79' title='bbox 1611 1280 1848 1350; x_wconf 87' lang='lat' dir='ltr'><strong>denique</strong></span> <span class='ocrx_word' id='word_1_80' title='bbox 1881 1279 1975 1348; x_wconf 90' lang='lat' dir='ltr'><strong>qui</strong></span> 
     </span>
    </p>
   </div>
   <div class='ocr_carea' id='block_1_14' title="bbox 399 1367 1976 1440">
    <p class='ocr_par' dir='ltr' id='par_1_14' title="bbox 399 1367 1976 1440">
     <span class='ocr_line' id='line_1_14' title="bbox 399 1367 1976 1440; baseline 0.001 -17"><span class='ocrx_word' id='word_1_81' title='bbox 399 1375 585 1436; x_wconf 81' lang='lat' dir='ltr'><strong>posset</strong></span> <span class='ocrx_word' id='word_1_82' title='bbox 614 1367 960 1425; x_wconf 85' lang='lat' dir='ltr'><strong>conﬁdenter</strong></span> <span class='ocrx_word' id='word_1_83' title='bbox 992 1385 1251 1440; x_wconf 86' lang='lat' dir='ltr'><strong>vereque,</strong></span> <span class='ocrx_word' id='word_1_84' title='bbox 1283 1378 1421 1426; x_wconf 84' lang='lat' dir='ltr'><strong>teste</strong></span> <span class='ocrx_word' id='word_1_85' title='bbox 1447 1371 1608 1436; x_wconf 69' lang='lat' dir='ltr'><strong>caelo,</strong></span> <span class='ocrx_word' id='word_1_86' title='bbox 1642 1371 1828 1426; x_wconf 87' lang='lat' dir='ltr'><strong>dicere</strong></span> <span class='ocrx_word' id='word_1_87' title='bbox 1850 1386 1976 1425; x_wconf 88' lang='lat' dir='ltr'><strong>eum</strong></span> 
     </span>
    </p>
   </div>
   <div class='ocr_carea' id='block_1_15' title="bbox 399 1456 1975 1531">
    <p class='ocr_par' dir='ltr' id='par_1_15' title="bbox 399 1456 1975 1531">
     <span class='ocr_line' id='line_1_15' title="bbox 399 1456 1975 1531; baseline 0.002 -19"><span class='ocrx_word' id='word_1_88' title='bbox 399 1456 662 1526; x_wconf 85' lang='lat' dir='ltr'><strong>Apostolo</strong></span> <span class='ocrx_word' id='word_1_89' title='bbox 688 1474 703 1512; x_wconf 93' lang='lat'><strong>:</strong></span> <span class='ocrx_word' id='word_1_90' title='bbox 730 1457 918 1513; x_wconf 74' lang='lat' dir='ltr'><strong>Certus</strong></span> <span class='ocrx_word' id='word_1_91' title='bbox 943 1475 1082 1523; x_wconf 84' lang='lat' dir='ltr'><strong>sum,</strong></span> <span class='ocrx_word' id='word_1_92' title='bbox 1116 1460 1254 1530; x_wconf 83' lang='lat' dir='ltr'><strong>quod</strong></span> <span class='ocrx_word' id='word_1_93' title='bbox 1280 1475 1447 1530; x_wconf 80' lang='lat' dir='ltr'><strong>neque</strong></span> <span class='ocrx_word' id='word_1_94' title='bbox 1475 1477 1635 1524; x_wconf 82' lang='lat' dir='ltr'><strong>mors,</strong></span> <span class='ocrx_word' id='word_1_95' title='bbox 1660 1476 1827 1531; x_wconf 80' lang='lat' dir='ltr'><strong>neque</strong></span> <span class='ocrx_word' id='word_1_96' title='bbox 1847 1461 1975 1525; x_wconf 80' lang='lat' dir='ltr'><strong>vita,</strong></span> 
     </span>
    </p>
   </div>
   <div class='ocr_carea' id='block_1_16' title="bbox 401 1547 1979 1622">
    <p class='ocr_par' dir='ltr' id='par_1_16' title="bbox 401 1547 1979 1622">
     <span class='ocr_line' id='line_1_16' title="bbox 401 1547 1979 1622; baseline 0.003 -22"><span class='ocrx_word' id='word_1_97' title='bbox 401 1563 568 1617; x_wconf 77' lang='lat' dir='ltr'><strong>neque</strong></span> <span class='ocrx_word' id='word_1_98' title='bbox 591 1547 804 1619; x_wconf 80' lang='lat' dir='ltr'><strong>Angeti,</strong></span> <span class='ocrx_word' id='word_1_99' title='bbox 830 1566 996 1621; x_wconf 81' lang='lat' dir='ltr'><strong>neque</strong></span> <span class='ocrx_word' id='word_1_100' title='bbox 1021 1550 1385 1622; x_wconf 77' lang='lat' dir='ltr'><strong>Principatus,</strong></span> <span class='ocrx_word' id='word_1_101' title='bbox 1418 1567 1585 1622; x_wconf 86' lang='lat' dir='ltr'><strong>neque</strong></span> <span class='ocrx_word' id='word_1_102' title='bbox 1616 1552 1860 1616; x_wconf 79' lang='lat' dir='ltr'><strong>Virtutes,</strong></span> <span class='ocrx_word' id='word_1_103' title='bbox 1885 1567 1979 1605; x_wconf 85' lang='lat' dir='ltr'><strong>ne-</strong></span> 
     </span>
    </p>
   </div>
   <div class='ocr_carea' id='block_1_17' title="bbox 401 1639 1981 1714">
    <p class='ocr_par' dir='ltr' id='par_1_17' title="bbox 401 1639 1981 1714">
     <span class='ocr_line' id='line_1_17' title="bbox 401 1639 1981 1714; baseline 0.004 -24"><span class='ocrx_word' id='word_1_104' title='bbox 401 1652 503 1707; x_wconf 76' lang='lat' dir='ltr'><strong>que</strong></span> <span class='ocrx_word' id='word_1_105' title='bbox 540 1639 820 1705; x_wconf 77' lang='lat' dir='ltr'><strong>instantia,</strong></span> <span class='ocrx_word' id='word_1_106' title='bbox 870 1658 1038 1712; x_wconf 79' lang='lat' dir='ltr'><strong>neque</strong></span> <span class='ocrx_word' id='word_1_107' title='bbox 1076 1643 1280 1712; x_wconf 79' lang='lat' dir='ltr'><strong>futura,</strong></span> <span class='ocrx_word' id='word_1_108' title='bbox 1314 1659 1482 1714; x_wconf 83' lang='lat' dir='ltr'><strong>neque</strong></span> <span class='ocrx_word' id='word_1_109' title='bbox 1511 1643 1784 1713; x_wconf 80' lang='lat' dir='ltr'><strong>fortitudo,</strong></span> <span class='ocrx_word' id='word_1_110' title='bbox 1814 1659 1981 1714; x_wconf 80' lang='lat' dir='ltr'><strong>neque</strong></span> 
     </span>
    </p>
   </div>
   <div class='ocr_carea' id='block_1_18' title="bbox 403 1728 1980 1805">
    <p class='ocr_par' dir='ltr' id='par_1_18' title="bbox 403 1728 1980 1805">
     <span class='ocr_line' id='line_1_18' title="bbox 403 1728 1980 1805; baseline 0.002 -21"><span class='ocrx_word' id='word_1_111' title='bbox 403 1728 653 1797; x_wconf 77' lang='lat' dir='ltr'><strong>altitudo,</strong></span> <span class='ocrx_word' id='word_1_112' title='bbox 688 1749 854 1803; x_wconf 74' lang='lat' dir='ltr'><strong>neque</strong></span> <span class='ocrx_word' id='word_1_113' title='bbox 888 1735 1232 1804; x_wconf 70' lang='lat' dir='ltr'><strong>profundum,</strong></span> <span class='ocrx_word' id='word_1_114' title='bbox 1268 1751 1436 1805; x_wconf 84' lang='lat' dir='ltr'><strong>neque</strong></span> <span class='ocrx_word' id='word_1_115' title='bbox 1466 1743 1715 1788; x_wconf 88' lang='lat' dir='ltr'><strong>creatura</strong></span> <span class='ocrx_word' id='word_1_116' title='bbox 1742 1733 1854 1788; x_wconf 87' lang='lat' dir='ltr'><strong>alia</strong></span> <span class='ocrx_word' id='word_1_117' title='bbox 1882 1749 1980 1804; x_wconf 87' lang='lat' dir='ltr'><strong>po-</strong></span> 
     </span>
    </p>
   </div>
   <div class='ocr_carea' id='block_1_19' title="bbox 404 1820 1978 1893">
    <p class='ocr_par' dir='ltr' id='par_1_19' title="bbox 404 1820 1978 1893">
     <span class='ocr_line' id='line_1_19' title="bbox 404 1820 1978 1893; baseline 0.002 -21"><span class='ocrx_word' id='word_1_118' title='bbox 404 1820 526 1874; x_wconf 85' lang='lat' dir='ltr'><strong>terit</strong></span> <span class='ocrx_word' id='word_1_119' title='bbox 558 1836 653 1874; x_wconf 79' lang='lat' dir='ltr'><strong>nos</strong></span> <span class='ocrx_word' id='word_1_120' title='bbox 677 1838 930 1891; x_wconf 83' lang='lat' dir='ltr'><strong>separare</strong></span> <span class='ocrx_word' id='word_1_121' title='bbox 961 1841 993 1878; x_wconf 82' lang='grc' dir='ltr'><em>α</em></span> <span class='ocrx_word' id='word_1_122' title='bbox 1023 1825 1281 1879; x_wconf 69' lang='lat' dir='ltr'><strong>citat-itote</strong></span> <span class='ocrx_word' id='word_1_123' title='bbox 1303 1824 1420 1891; x_wconf 83' lang='lat' dir='ltr'><strong>Dei,</strong></span> <span class='ocrx_word' id='word_1_124' title='bbox 1451 1840 1567 1893; x_wconf 74' lang='lat' dir='ltr'><strong>qua:</strong></span> <span class='ocrx_word' id='word_1_125' title='bbox 1595 1833 1669 1878; x_wconf 80' lang='lat' dir='ltr'><strong>est</strong></span> <span class='ocrx_word' id='word_1_126' title='bbox 1694 1824 1751 1877; x_wconf 87' lang='lat' dir='ltr'><strong>in</strong></span> <span class='ocrx_word' id='word_1_127' title='bbox 1775 1821 1978 1879; x_wconf 81' lang='lat' dir='ltr'><strong>Christo</strong></span> 
     </span>
    </p>
   </div>
   <div class='ocr_carea' id='block_1_20' title="bbox 402 1909 1051 1968">
    <p class='ocr_par' dir='ltr' id='par_1_20' title="bbox 402 1909 1051 1968">
     <span class='ocr_line' id='line_1_20' title="bbox 402 1909 1051 1968; baseline 0.006 -4"><span class='ocrx_word' id='word_1_128' title='bbox 402 1909 529 1965; x_wconf 79' lang='lat' dir='ltr'><strong>Jestt</strong></span> <span class='ocrx_word' id='word_1_129' title='bbox 557 1911 782 1967; x_wconf 78' lang='lat' dir='ltr'><strong>Domino</strong></span> <span class='ocrx_word' id='word_1_130' title='bbox 809 1924 984 1968; x_wconf 84' lang='lat' dir='ltr'><strong>nostra</strong></span> <span class='ocrx_word' id='word_1_131' title='bbox 1011 1914 1051 1968; x_wconf 79' lang='lat'><strong>&#39;.</strong></span> 
     </span>
    </p>
   </div>
   <div class='ocr_carea' id='block_1_21' title="bbox 473 2000 1983 2072">
    <p class='ocr_par' dir='ltr' id='par_1_21' title="bbox 473 2000 1983 2072">
     <span class='ocr_line' id='line_1_21' title="bbox 473 2000 1983 2072; baseline 0.003 -18"><span class='ocrx_word' id='word_1_132' title='bbox 473 2000 564 2055; x_wconf 84' lang='lat' dir='ltr'><strong>III.</strong></span> <span class='ocrx_word' id='word_1_133' title='bbox 618 2000 722 2058; x_wconf 89' lang='lat' dir='ltr'><strong>Ubi</strong></span> <span class='ocrx_word' id='word_1_134' title='bbox 768 2002 1009 2072; x_wconf 86' lang='lat' dir='ltr'><strong>primum</strong></span> <span class='ocrx_word' id='word_1_135' title='bbox 1071 2005 1266 2059; x_wconf 88' lang='lat' dir='ltr'><strong>mortis</strong></span> <span class='ocrx_word' id='word_1_136' title='bbox 1308 2005 1539 2061; x_wconf 87' lang='lat' dir='ltr'><strong>nuntius</strong></span> <span class='ocrx_word' id='word_1_137' title='bbox 1599 2004 1655 2060; x_wconf 91' lang='lat' dir='ltr'><strong>in</strong></span> <span class='ocrx_word' id='word_1_138' title='bbox 1700 2002 1983 2060; x_wconf 86' lang='lat' dir='ltr'><strong>Orientem</strong></span> 
     </span>
    </p>
   </div>
   <div class='ocr_carea' id='block_1_22' title="bbox 404 2090 1984 2165">
    <p class='ocr_par' dir='ltr' id='par_1_22' title="bbox 404 2090 1984 2165">
     <span class='ocr_line' id='line_1_22' title="bbox 404 2090 1984 2165; baseline 0.003 -21"><span class='ocrx_word' id='word_1_139' title='bbox 404 2090 556 2145; x_wconf 89' lang='lat' dir='ltr'><strong>venit</strong></span> <span class='ocrx_word' id='word_1_140' title='bbox 575 2130 590 2151; x_wconf 88' lang='lat'><strong>.</strong></span> <span class='ocrx_word' id='word_1_141' title='bbox 648 2092 937 2148; x_wconf 81' lang='lat' dir='ltr'><strong>continere</strong></span> <span class='ocrx_word' id='word_1_142' title='bbox 962 2108 1022 2148; x_wconf 91' lang='lat' dir='ltr'><strong>se</strong></span> <span class='ocrx_word' id='word_1_143' title='bbox 1055 2108 1168 2149; x_wconf 89' lang='lat' dir='ltr'><strong>non</strong></span> <span class='ocrx_word' id='word_1_144' title='bbox 1194 2096 1376 2165; x_wconf 89' lang='lat' dir='ltr'><strong>potuit</strong></span> <span class='ocrx_word' id='word_1_145' title='bbox 1402 2095 1809 2161; x_wconf 89' lang='lat' dir='ltr'><strong>Theodoretus,</strong></span> <span class='ocrx_word' id='word_1_146' title='bbox 1847 2096 1984 2165; x_wconf 89' lang='lat' dir='ltr'><strong>quin</strong></span> 
     </span>
    </p>
   </div>
   <div class='ocr_carea' id='block_1_23' title="bbox 406 2184 1986 2253">
    <p class='ocr_par' dir='ltr' id='par_1_23' title="bbox 406 2184 1986 2253">
     <span class='ocr_line' id='line_1_23' title="bbox 406 2184 1986 2253; baseline 0.003 -15"><span class='ocrx_word' id='word_1_147' title='bbox 406 2184 609 2253; x_wconf 88' lang='lat' dir='ltr'><strong>scripto</strong></span> <span class='ocrx_word' id='word_1_148' title='bbox 643 2185 826 2239; x_wconf 84' lang='lat' dir='ltr'><strong>statim</strong></span> <span class='ocrx_word' id='word_1_149' title='bbox 859 2194 1158 2242; x_wconf 87' lang='lat' dir='ltr'><strong>testaretur</strong></span> <span class='ocrx_word' id='word_1_150' title='bbox 1204 2188 1373 2242; x_wconf 82' lang='lat' dir='ltr'><strong>animi</strong></span> <span class='ocrx_word' id='word_1_151' title='bbox 1404 2189 1489 2245; x_wconf 90' lang='lat' dir='ltr'><strong>sui</strong></span> <span class='ocrx_word' id='word_1_152' title='bbox 1519 2204 1760 2244; x_wconf 86' lang='lat' dir='ltr'><strong>sensum.</strong></span> <span class='ocrx_word' id='word_1_153' title='bbox 1824 2188 1986 2243; x_wconf 86' lang='lat' dir='ltr'><strong>Dedit</strong></span> 
     </span>
    </p>
   </div>
   <div class='ocr_carea' id='block_1_24' title="bbox 408 2273 1985 2350">
    <p class='ocr_par' dir='ltr' id='par_1_24' title="bbox 408 2273 1985 2350">
     <span class='ocr_line' id='line_1_24' title="bbox 408 2273 1985 2350; baseline 0.003 -23"><span class='ocrx_word' id='word_1_154' title='bbox 408 2273 576 2344; x_wconf 90' lang='lat' dir='ltr'><strong>igitur</strong></span> <span class='ocrx_word' id='word_1_155' title='bbox 596 2275 809 2331; x_wconf 85' lang='lat' dir='ltr'><strong>Domno</strong></span> <span class='ocrx_word' id='word_1_156' title='bbox 821 2277 869 2308; x_wconf 76' lang='lat'>&quot;</span> <span class='ocrx_word' id='word_1_157' title='bbox 891 2276 1199 2333; x_wconf 69' lang='lat' dir='ltr'><strong>Antiochiae</strong></span> <span class='ocrx_word' id='word_1_158' title='bbox 1217 2279 1477 2349; x_wconf 89' lang='lat' dir='ltr'><strong>episcopo</strong></span> <span class='ocrx_word' id='word_1_159' title='bbox 1492 2280 1801 2350; x_wconf 87' lang='lat' dir='ltr'><strong>epistolam,</strong></span> <span class='ocrx_word' id='word_1_160' title='bbox 1819 2293 1985 2348; x_wconf 89' lang='lat' dir='ltr'><strong>quam</strong></span> 
     </span>
    </p>
   </div>
   <div class='ocr_carea' id='block_1_25' title="bbox 407 2364 1985 2440">
    <p class='ocr_par' dir='ltr' id='par_1_25' title="bbox 407 2364 1985 2440">
     <span class='ocr_line' id='line_1_25' title="bbox 407 2364 1985 2440; baseline 0.004 -24"><span class='ocrx_word' id='word_1_161' title='bbox 407 2378 509 2434; x_wconf 87' lang='lat' dir='ltr'><strong>ego</strong></span> <span class='ocrx_word' id='word_1_162' title='bbox 529 2364 634 2433; x_wconf 91' lang='lat' dir='ltr'><strong>ipsi</strong></span> <span class='ocrx_word' id='word_1_163' title='bbox 657 2366 847 2421; x_wconf 87' lang='lat' dir='ltr'><strong>malim</strong></span> <span class='ocrx_word' id='word_1_164' title='bbox 865 2381 991 2423; x_wconf 88' lang='lat' dir='ltr'><strong>cum</strong></span> <span class='ocrx_word' id='word_1_165' title='bbox 1010 2368 1249 2424; x_wconf 87' lang='lat' dir='ltr'><strong>concilio</strong></span> <span class='ocrx_word' id='word_1_166' title='bbox 1268 2370 1508 2440; x_wconf 75' lang='lat' dir='ltr'><strong>generali</strong></span> <span class='ocrx_word' id='word_1_167' title='bbox 1537 2370 1802 2434; x_wconf 88' lang='lat' dir='ltr'><strong>tribuere,</strong></span> <span class='ocrx_word' id='word_1_168' title='bbox 1821 2385 1985 2440; x_wconf 87' lang='lat' dir='ltr'><strong>quam</strong></span> 
     </span>
    </p>
   </div>
   <div class='ocr_carea' id='block_1_26' title="bbox 408 2456 1988 2528">
    <p class='ocr_par' dir='ltr' id='par_1_26' title="bbox 408 2456 1988 2528">
     <span class='ocr_line' id='line_1_26' title="bbox 408 2456 1988 2528; baseline 0.004 -18"><span class='ocrx_word' id='word_1_169' title='bbox 408 2456 496 2510; x_wconf 85' lang='lat' dir='ltr'><strong>vel</strong></span> <span class='ocrx_word' id='word_1_170' title='bbox 541 2456 861 2528; x_wconf 88' lang='lat' dir='ltr'><strong>abjudicare</strong></span> <span class='ocrx_word' id='word_1_171' title='bbox 890 2473 1016 2514; x_wconf 89' lang='lat' dir='ltr'><strong>cum</strong></span> <span class='ocrx_word' id='word_1_172' title='bbox 1047 2457 1314 2526; x_wconf 86' lang='lat' dir='ltr'><strong>Baronio,</strong></span> <span class='ocrx_word' id='word_1_173' title='bbox 1358 2462 1445 2516; x_wconf 88' lang='lat' dir='ltr'><strong>vel</strong></span> <span class='ocrx_word' id='word_1_174' title='bbox 1472 2463 1487 2480; x_wconf 85' lang='lat'>&#39;</span> <span class='ocrx_word' id='word_1_175' title='bbox 1512 2476 1636 2515; x_wconf 90' lang='lat' dir='ltr'><strong>cum</strong></span> <span class='ocrx_word' id='word_1_176' title='bbox 1667 2461 1788 2516; x_wconf 88' lang='lat' dir='ltr'><strong>aliis</strong></span> <span class='ocrx_word' id='word_1_177' title='bbox 1817 2477 1988 2517; x_wconf 83' lang='lat' dir='ltr'><strong>vanas</strong></span> 
     </span>
    </p>
   </div>
   <div class='ocr_carea' id='block_1_27' title="bbox 411 2543 1987 2620">
    <p class='ocr_par' dir='ltr' id='par_1_27' title="bbox 411 2543 1987 2620">
     <span class='ocr_line' id='line_1_27' title="bbox 411 2543 1987 2620; baseline 0.003 -21"><span class='ocrx_word' id='word_1_178' title='bbox 411 2543 483 2599; x_wconf 92' lang='lat' dir='ltr'><strong>ob</strong></span> <span class='ocrx_word' id='word_1_179' title='bbox 507 2559 703 2600; x_wconf 88' lang='lat' dir='ltr'><strong>causas</strong></span> <span class='ocrx_word' id='word_1_180' title='bbox 723 2556 1035 2615; x_wconf 84' lang='lat' dir='ltr'><strong>suspectam</strong></span> <span class='ocrx_word' id='word_1_181' title='bbox 1060 2548 1285 2604; x_wconf 86' lang='lat' dir='ltr'><strong>habere.</strong></span> <span class='ocrx_word' id='word_1_182' title='bbox 1315 2550 1409 2604; x_wconf 82' lang='lat' dir='ltr'><strong>Illa</strong></span> <span class='ocrx_word' id='word_1_183' title='bbox 1430 2565 1560 2604; x_wconf 91' lang='lat' dir='ltr'><strong>vero</strong></span> <span class='ocrx_word' id='word_1_184' title='bbox 1584 2565 1708 2604; x_wconf 91' lang='lat' dir='ltr'><strong>cum</strong></span> <span class='ocrx_word' id='word_1_185' title='bbox 1734 2551 1893 2620; x_wconf 87' lang='lat' dir='ltr'><strong>plena</strong></span> <span class='ocrx_word' id='word_1_186' title='bbox 1915 2551 1987 2606; x_wconf 88' lang='lat' dir='ltr'><strong>sit</strong></span> 
     </span>
    </p>
   </div>
   <div class='ocr_carea' id='block_1_28' title="bbox 411 2633 1983 2709">
    <p class='ocr_par' dir='ltr' id='par_1_28' title="bbox 411 2633 1983 2709">
     <span class='ocr_line' id='line_1_28' title="bbox 411 2633 1983 2709; baseline 0.003 -19"><span class='ocrx_word' id='word_1_187' title='bbox 411 2633 655 2690; x_wconf 81' lang='lat' dir='ltr'><strong>collectae</strong></span> <span class='ocrx_word' id='word_1_188' title='bbox 700 2649 768 2689; x_wconf 80' lang='lat' dir='ltr'><strong>ex</strong></span> <span class='ocrx_word' id='word_1_189' title='bbox 811 2634 976 2706; x_wconf 87' lang='lat' dir='ltr'><strong>longo</strong></span> <span class='ocrx_word' id='word_1_190' title='bbox 1024 2644 1269 2707; x_wconf 89' lang='lat' dir='ltr'><strong>tempore</strong></span> <span class='ocrx_word' id='word_1_191' title='bbox 1308 2638 1456 2703; x_wconf 89' lang='lat' dir='ltr'><strong>bilis,</strong></span> <span class='ocrx_word' id='word_1_192' title='bbox 1510 2639 1751 2694; x_wconf 89' lang='lat' dir='ltr'><strong>ostendit</strong></span> <span class='ocrx_word' id='word_1_193' title='bbox 1775 2649 1983 2709; x_wconf 88' lang='lat' dir='ltr'><strong>aperte,</strong></span> 
     </span>
    </p>
   </div>
   <div class='ocr_carea' id='block_1_29' title="bbox 409 2724 1987 2799">
    <p class='ocr_par' dir='ltr' id='par_1_29' title="bbox 409 2724 1987 2799">
     <span class='ocr_line' id='line_1_29' title="bbox 409 2724 1987 2799; baseline 0.004 -20"><span class='ocrx_word' id='word_1_194' title='bbox 409 2739 699 2794; x_wconf 86' lang='lat' dir='ltr'><strong>quousque</strong></span> <span class='ocrx_word' id='word_1_195' title='bbox 730 2724 916 2780; x_wconf 77' lang='lat' dir='ltr'><strong>efferri</strong></span> <span class='ocrx_word' id='word_1_196' title='bbox 940 2728 1116 2796; x_wconf 84' lang='lat' dir='ltr'><strong>possit</strong></span> <span class='ocrx_word' id='word_1_197' title='bbox 1156 2737 1253 2783; x_wconf 90' lang='lat' dir='ltr'><strong>aut</strong></span> <span class='ocrx_word' id='word_1_198' title='bbox 1277 2728 1458 2783; x_wconf 85' lang='lat' dir='ltr'><strong>furere</strong></span> <span class='ocrx_word' id='word_1_199' title='bbox 1487 2730 1671 2799; x_wconf 83' lang='lat' dir='ltr'><strong>potius</strong></span> <span class='ocrx_word' id='word_1_200' title='bbox 1706 2730 1865 2785; x_wconf 92' lang='lat' dir='ltr'><strong>illusa</strong></span> <span class='ocrx_word' id='word_1_201' title='bbox 1898 2746 1987 2786; x_wconf 90' lang='lat' dir='ltr'><strong>re-</strong></span> 
     </span>
    </p>
   </div>
   <div class='ocr_carea' id='block_1_30' title="bbox 409 2811 1988 2883">
    <p class='ocr_par' dir='ltr' id='par_1_30' title="bbox 409 2811 1988 2883">
     <span class='ocr_line' id='line_1_30' title="bbox 409 2811 1988 2883; baseline 0.005 -17"><span class='ocrx_word' id='word_1_202' title='bbox 409 2811 542 2883; x_wconf 90' lang='lat' dir='ltr'><strong>ligio</strong></span> <span class='ocrx_word' id='word_1_203' title='bbox 569 2832 581 2867; x_wconf 91' lang='lat'><strong>:</strong></span> <span class='ocrx_word' id='word_1_204' title='bbox 612 2813 781 2868; x_wconf 87' lang='lat' dir='ltr'><strong>habet</strong></span> <span class='ocrx_word' id='word_1_205' title='bbox 802 2814 951 2868; x_wconf 87' lang='lat' dir='ltr'><strong>enim</strong></span> <span class='ocrx_word' id='word_1_206' title='bbox 984 2817 1131 2871; x_wconf 86' lang='lat' dir='ltr'><strong>unde</strong></span> <span class='ocrx_word' id='word_1_207' title='bbox 1157 2818 1337 2872; x_wconf 81' lang='lat' dir='ltr'><strong>valeat</strong></span> <span class='ocrx_word' id='word_1_208' title='bbox 1359 2834 1547 2872; x_wconf 87' lang='lat' dir='ltr'><strong>creare</strong></span> <span class='ocrx_word' id='word_1_209' title='bbox 1580 2819 1861 2874; x_wconf 89' lang='lat' dir='ltr'><strong>horrorem</strong></span> <span class='ocrx_word' id='word_1_210' title='bbox 1887 2820 1988 2874; x_wconf 89' lang='lat' dir='ltr'><strong>im-</strong></span> 
     </span>
    </p>
   </div>
   <div class='ocr_carea' id='block_1_31' title="bbox 409 2905 1995 2981">
    <p class='ocr_par' dir='ltr' id='par_1_31' title="bbox 409 2905 1995 2981">
     <span class='ocr_line' id='line_1_31' title="bbox 409 2905 1995 2981; baseline 0.004 -22"><span class='ocrx_word' id='word_1_211' title='bbox 409 2905 692 2977; x_wconf 75' lang='lat' dir='ltr'><strong>potentiae,</strong></span> <span class='ocrx_word' id='word_1_212' title='bbox 745 2922 855 2977; x_wconf 90' lang='lat' dir='ltr'><strong>qua</strong></span> <span class='ocrx_word' id='word_1_213' title='bbox 893 2923 1072 2963; x_wconf 64' lang='lat' dir='ltr'><strong>caecus</strong></span> <span class='ocrx_word' id='word_1_214' title='bbox 1106 2909 1258 2963; x_wconf 86' lang='lat' dir='ltr'><strong>zelus</strong></span> <span class='ocrx_word' id='word_1_215' title='bbox 1288 2910 1492 2979; x_wconf 90' lang='lat' dir='ltr'><strong>abripit</strong></span> <span class='ocrx_word' id='word_1_216' title='bbox 1517 2911 1808 2981; x_wconf 86' lang='lat' dir='ltr'><strong>aliquando</strong></span> <span class='ocrx_word' id='word_1_217' title='bbox 1838 2911 1995 2966; x_wconf 83' lang='lat' dir='ltr'><strong>viros‘</strong></span> 
     </span>
    </p>
   </div>
   <div class='ocr_carea' id='block_1_32' title="bbox 410 2996 1498 3067">
    <p class='ocr_par' dir='ltr' id='par_1_32' title="bbox 410 2996 1498 3067">
     <span class='ocr_line' id='line_1_32' title="bbox 410 2996 1498 3067; baseline 0.003 -17"><span class='ocrx_word' id='word_1_218' title='bbox 410 2996 592 3067; x_wconf 87' lang='lat' dir='ltr'><strong>magni</strong></span> <span class='ocrx_word' id='word_1_219' title='bbox 614 2996 839 3066; x_wconf 87' lang='lat' dir='ltr'><strong>quidem</strong></span> <span class='ocrx_word' id='word_1_220' title='bbox 865 2997 1057 3063; x_wconf 90' lang='lat' dir='ltr'><strong>animi,</strong></span> <span class='ocrx_word' id='word_1_221' title='bbox 1089 2998 1185 3053; x_wconf 87' lang='lat' dir='ltr'><strong>sed</strong></span> <span class='ocrx_word' id='word_1_222' title='bbox 1217 2999 1498 3054; x_wconf 86' lang='lat' dir='ltr'><strong>commoti.</strong></span> 
     </span>
    </p>
   </div>
   <div class='ocr_carea' id='block_1_33' title="bbox 482 3089 1984 3160">
    <p class='ocr_par' dir='ltr' id='par_1_33' title="bbox 482 3089 1984 3160">
     <span class='ocr_line' id='line_1_33' title="bbox 482 3089 1984 3160; baseline 0.001 -17"><span class='ocrx_word' id='word_1_223' title='bbox 482 3089 571 3143; x_wconf 91' lang='lat' dir='ltr'><strong>lV.</strong></span> <span class='ocrx_word' id='word_1_224' title='bbox 608 3089 798 3159; x_wconf 88' lang='lat' dir='ltr'><strong>Neque</strong></span> <span class='ocrx_word' id='word_1_225' title='bbox 826 3104 958 3145; x_wconf 87' lang='lat' dir='ltr'><strong>vero</strong></span> <span class='ocrx_word' id='word_1_226' title='bbox 987 3090 1274 3160; x_wconf 89' lang='lat' dir='ltr'><strong>scripsisse</strong></span> <span class='ocrx_word' id='word_1_227' title='bbox 1295 3097 1588 3145; x_wconf 89' lang='lat' dir='ltr'><strong>contentus</strong></span> <span class='ocrx_word' id='word_1_228' title='bbox 1613 3098 1722 3158; x_wconf 89' lang='lat' dir='ltr'><strong>est;</strong></span> <span class='ocrx_word' id='word_1_229' title='bbox 1759 3092 1853 3146; x_wconf 91' lang='lat' dir='ltr'><strong>sed</strong></span> <span class='ocrx_word' id='word_1_230' title='bbox 1881 3093 1984 3146; x_wconf 90' lang='lat' dir='ltr'><strong>im-</strong></span> 
     </span>
    </p>
   </div>
   <div class='ocr_carea' id='block_1_34' title="bbox 409 3180 1990 3249">
    <p class='ocr_par' dir='ltr' id='par_1_34' title="bbox 409 3180 1990 3249">
     <span class='ocr_line' id='line_1_34' title="bbox 409 3180 1990 3249; baseline 0.002 -15"><span class='ocrx_word' id='word_1_231' title='bbox 409 3188 607 3249; x_wconf 88' lang='lat' dir='ltr'><strong>potens</strong></span> <span class='ocrx_word' id='word_1_232' title='bbox 652 3180 823 3235; x_wconf 87' lang='lat' dir='ltr'><strong>animi</strong></span> <span class='ocrx_word' id='word_1_233' title='bbox 875 3180 1150 3236; x_wconf 85' lang='lat' dir='ltr'><strong>advolavit</strong></span> <span class='ocrx_word' id='word_1_234' title='bbox 1199 3181 1464 3237; x_wconf 88' lang='lat' dir='ltr'><strong>continuo</strong></span> <span class='ocrx_word' id='word_1_235' title='bbox 1514 3180 1879 3247; x_wconf 87' lang='lat' dir='ltr'><strong>Antiochiam,</strong></span> <span class='ocrx_word' id='word_1_236' title='bbox 1932 3191 1990 3237; x_wconf 87' lang='lat' dir='ltr'><strong>et</strong></span> 
     </span>
    </p>
   </div>
   <div class='ocr_carea' id='block_1_35' title="bbox 410 3270 1989 3340">
    <p class='ocr_par' dir='ltr' id='par_1_35' title="bbox 410 3270 1989 3340">
     <span class='ocr_line' id='line_1_35' title="bbox 410 3270 1989 3340; baseline 0.001 -16"><span class='ocrx_word' id='word_1_237' title='bbox 410 3270 740 3340; x_wconf 69' lang='lat' dir='ltr'><strong>presidente</strong></span> <span class='ocrx_word' id='word_1_238' title='bbox 787 3271 1017 3337; x_wconf 89' lang='lat' dir='ltr'><strong>Domno,</strong></span> <span class='ocrx_word' id='word_1_239' title='bbox 1067 3272 1390 3328; x_wconf 89' lang='lat' dir='ltr'><strong>concionem</strong></span> <span class='ocrx_word' id='word_1_240' title='bbox 1428 3271 1622 3327; x_wconf 88' lang='lat' dir='ltr'><strong>habuit</strong></span> <span class='ocrx_word' id='word_1_241' title='bbox 1670 3271 1726 3326; x_wconf 91' lang='lat' dir='ltr'><strong>in</strong></span> <span class='ocrx_word' id='word_1_242' title='bbox 1757 3272 1989 3328; x_wconf 89' lang='lat' dir='ltr'><strong>ecclesia</strong></span> 
     </span>
    </p>
   </div>
   <div class='ocr_carea' id='block_1_36' title="bbox 411 3361 1986 3435">
    <p class='ocr_par' dir='ltr' id='par_1_36' title="bbox 411 3361 1986 3435">
     <span class='ocr_line' id='line_1_36' title="bbox 411 3361 1986 3435; baseline 0.001 -20"><span class='ocrx_word' id='word_1_243' title='bbox 411 3361 657 3432; x_wconf 72' lang='lat' dir='ltr'><strong>epistola:</strong></span> <span class='ocrx_word' id='word_1_244' title='bbox 699 3363 972 3435; x_wconf 83' lang='lat' dir='ltr'><strong>parem&quot;.</strong></span> <span class='ocrx_word' id='word_1_245' title='bbox 1036 3364 1250 3418; x_wconf 65' lang='lat' dir='ltr'><strong>«Nemo</strong></span> <span class='ocrx_word' id='word_1_246' title='bbox 1281 3364 1393 3433; x_wconf 85' lang='lat' dir='ltr'><strong>jam</strong></span> <span class='ocrx_word' id='word_1_247' title='bbox 1436 3363 1736 3424; x_wconf 83' lang='lat' dir='ltr'><strong>neminem.</strong></span> <span class='ocrx_word' id='word_1_248' title='bbox 1787 3362 1986 3433; x_wconf 86' lang='lat' dir='ltr'><strong>inquit,</strong></span> 
     </span>
    </p>
   </div>
   <div class='ocr_carea' id='block_1_37' title="bbox 415 3452 1989 3524">
    <p class='ocr_par' dir='ltr' id='par_1_37' title="bbox 415 3452 1989 3524">
     <span class='ocr_line' id='line_1_37' title="bbox 415 3452 1989 3524; baseline -0.001 -15"><span class='ocrx_word' id='word_1_249' title='bbox 415 3453 797 3523; x_wconf 84' lang='lat' dir='ltr'><strong>blasphemare</strong></span> <span class='ocrx_word' id='word_1_250' title='bbox 825 3454 1107 3524; x_wconf 85' lang='lat' dir='ltr'><strong>compellit</strong></span> <span class='ocrx_word' id='word_1_251' title='bbox 1141 3471 1153 3507; x_wconf 93' lang='lat'><strong>:</strong></span> <span class='ocrx_word' id='word_1_252' title='bbox 1191 3453 1284 3509; x_wconf 92' lang='lat' dir='ltr'><strong>ubi</strong></span> <span class='ocrx_word' id='word_1_253' title='bbox 1314 3461 1462 3519; x_wconf 87' lang='lat' dir='ltr'><strong>sunt,</strong></span> <span class='ocrx_word' id='word_1_254' title='bbox 1495 3454 1590 3524; x_wconf 88' lang='lat' dir='ltr'><strong>qui</strong></span> <span class='ocrx_word' id='word_1_255' title='bbox 1615 3452 1825 3517; x_wconf 89' lang='lat' dir='ltr'><strong>dicunt,</strong></span> <span class='ocrx_word' id='word_1_256' title='bbox 1859 3453 1989 3522; x_wconf 92' lang='lat' dir='ltr'><strong>quia</strong></span> 
     </span>
    </p>
   </div>
   <div class='ocr_carea' id='block_1_38' title="bbox 414 3542 1991 3613">
    <p class='ocr_par' dir='ltr' id='par_1_38' title="bbox 414 3542 1991 3613">
     <span class='ocr_line' id='line_1_38' title="bbox 414 3542 1991 3613; baseline 0 -16"><span class='ocrx_word' id='word_1_257' title='bbox 414 3543 560 3597; x_wconf 81' lang='lat' dir='ltr'><strong>Deus</strong></span> <span class='ocrx_word' id='word_1_258' title='bbox 603 3550 707 3610; x_wconf 90' lang='lat' dir='ltr'><strong>est,</strong></span> <span class='ocrx_word' id='word_1_259' title='bbox 770 3542 866 3613; x_wconf 90' lang='lat' dir='ltr'><strong>qui</strong></span> <span class='ocrx_word' id='word_1_260' title='bbox 920 3542 1217 3598; x_wconf 87' lang='lat' dir='ltr'><strong>cruciﬁxus</strong></span> <span class='ocrx_word' id='word_1_261' title='bbox 1242 3550 1368 3608; x_wconf 90' lang='lat' dir='ltr'><strong>est;</strong></span> <span class='ocrx_word' id='word_1_262' title='bbox 1418 3557 1528 3598; x_wconf 92' lang='lat' dir='ltr'><strong>non</strong></span> <span class='ocrx_word' id='word_1_263' title='bbox 1557 3551 1643 3597; x_wconf 91' lang='lat' dir='ltr'><strong>est</strong></span> <span class='ocrx_word' id='word_1_264' title='bbox 1696 3542 1991 3597; x_wconf 89' lang='lat' dir='ltr'><strong>cruciﬁxus</strong></span> 
     </span>
    </p>
   </div>
   <div class='ocr_carea' id='block_1_39' title="bbox 416 3631 1987 3695">
    <p class='ocr_par' dir='ltr' id='par_1_39' title="bbox 416 3631 1987 3695">
     <span class='ocr_line' id='line_1_39' title="bbox 416 3631 1987 3695; baseline 0 -10"><span class='ocrx_word' id='word_1_265' title='bbox 416 3631 582 3695; x_wconf 88' lang='lat' dir='ltr'><strong>Deus,</strong></span> <span class='ocrx_word' id='word_1_266' title='bbox 624 3631 721 3692; x_wconf 82' lang='lat' dir='ltr'><strong>sed</strong></span> <span class='ocrx_word' id='word_1_267' title='bbox 762 3632 928 3687; x_wconf 88' lang='lat' dir='ltr'><strong>homo</strong></span> <span class='ocrx_word' id='word_1_268' title='bbox 978 3631 1337 3688; x_wconf 74' lang='lat' dir='ltr'><strong>cruciﬁxus&quot;</strong></span> <span class='ocrx_word' id='word_1_269' title='bbox 1389 3641 1475 3688; x_wconf 89' lang='lat' dir='ltr'><strong>est</strong></span> <span class='ocrx_word' id='word_1_270' title='bbox 1517 3633 1677 3689; x_wconf 77' lang='lat' dir='ltr'><strong>Jesus</strong></span> <span class='ocrx_word' id='word_1_271' title='bbox 1717 3632 1987 3688; x_wconf 86' lang='lat' dir='ltr'><strong>Christus.</strong></span> 
     </span>
    </p>
   </div>
   <div class='ocr_carea' id='block_1_40' title="bbox 416 3722 1989 3793">
    <p class='ocr_par' dir='ltr' id='par_1_40' title="bbox 416 3722 1989 3793">
     <span class='ocr_line' id='line_1_40' title="bbox 416 3722 1989 3793; baseline 0.001 -17"><span class='ocrx_word' id='word_1_272' title='bbox 416 3722 563 3777; x_wconf 85' lang='lat' dir='ltr'><strong>Deus</strong></span> <span class='ocrx_word' id='word_1_273' title='bbox 592 3731 777 3778; x_wconf 90' lang='lat' dir='ltr'><strong>autem</strong></span> <span class='ocrx_word' id='word_1_274' title='bbox 834 3723 1103 3793; x_wconf 89' lang='lat' dir='ltr'><strong>templum</strong></span> <span class='ocrx_word' id='word_1_275' title='bbox 1131 3739 1293 3778; x_wconf 87' lang='lat' dir='ltr'><strong>suum</strong></span> <span class='ocrx_word' id='word_1_276' title='bbox 1345 3740 1414 3779; x_wconf 82' lang='lat' dir='ltr'><strong>ex</strong></span> <span class='ocrx_word' id='word_1_277' title='bbox 1454 3723 1659 3779; x_wconf 91' lang='lat' dir='ltr'><strong>Davide</strong></span> <span class='ocrx_word' id='word_1_278' title='bbox 1683 3722 1989 3787; x_wconf 83' lang='lat' dir='ltr'><strong>suscitavit,</strong></span> 
     </span>
    </p>
   </div>
   <div class='ocr_carea' id='block_1_41' title="bbox 415 3814 1994 3886">
    <p class='ocr_par' dir='ltr' id='par_1_41' title="bbox 415 3814 1994 3886">
     <span class='ocr_line' id='line_1_41' title="bbox 415 3814 1994 3886; baseline -0.001 -17"><span class='ocrx_word' id='word_1_279' title='bbox 415 3814 559 3871; x_wconf 88' lang='lat' dir='ltr'><strong>sicut</strong></span> <span class='ocrx_word' id='word_1_280' title='bbox 582 3814 728 3870; x_wconf 91' lang='lat' dir='ltr'><strong>idem</strong></span> <span class='ocrx_word' id='word_1_281' title='bbox 753 3815 925 3870; x_wconf 88' lang='lat' dir='ltr'><strong>David</strong></span> <span class='ocrx_word' id='word_1_282' title='bbox 954 3823 1082 3870; x_wconf 88' lang='lat' dir='ltr'><strong>ante</strong></span> <span class='ocrx_word' id='word_1_283' title='bbox 1110 3815 1395 3886; x_wconf 71' lang='lat' dir='ltr'><strong>praedixit;</strong></span> <span class='ocrx_word' id='word_1_284' title='bbox 1434 3815 1599 3870; x_wconf 91' lang='lat' dir='ltr'><strong>homo</strong></span> <span class='ocrx_word' id='word_1_285' title='bbox 1636 3823 1861 3886; x_wconf 81' lang='lat' dir='ltr'><strong>generat</strong></span> <span class='ocrx_word' id='word_1_286' title='bbox 1893 3815 1994 3869; x_wconf 83' lang='lat' dir='ltr'><strong>ho-</strong></span> 
     </span>
    </p>
   </div>
   <div class='ocr_carea' id='block_1_42' title="bbox 416 3904 1991 3978">
    <p class='ocr_par' dir='ltr' id='par_1_42' title="bbox 416 3904 1991 3978">
     <span class='ocr_line' id='line_1_42' title="bbox 416 3904 1991 3978; baseline 0 -19"><span class='ocrx_word' id='word_1_287' title='bbox 416 3904 654 3971; x_wconf 87' lang='lat' dir='ltr'><strong>minem;</strong></span> <span class='ocrx_word' id='word_1_288' title='bbox 690 3913 888 3959; x_wconf 89' lang='lat' dir='ltr'><strong>natnra</strong></span> <span class='ocrx_word' id='word_1_289' title='bbox 918 3904 1199 3978; x_wconf 79' lang='lat' dir='ltr'><strong>quidem&quot;</strong></span> <span class='ocrx_word' id='word_1_290' title='bbox 1233 3906 1408 3961; x_wconf 88' lang='lat' dir='ltr'><strong>Filius</strong></span> <span class='ocrx_word' id='word_1_291' title='bbox 1433 3906 1528 3960; x_wconf 89' lang='lat' dir='ltr'><strong>Dei</strong></span> <span class='ocrx_word' id='word_1_292' title='bbox 1556 3913 1642 3960; x_wconf 90' lang='lat' dir='ltr'><strong>est</strong></span> <span class='ocrx_word' id='word_1_293' title='bbox 1681 3904 1825 3960; x_wconf 89' lang='lat' dir='ltr'><strong>Deus</strong></span> <span class='ocrx_word' id='word_1_294' title='bbox 1854 3906 1991 3959; x_wconf 83' lang='lat' dir='ltr'><strong>Ver-</strong></span> 
     </span>
    </p>
   </div>
   <div class='ocr_carea' id='block_1_43' title="bbox 417 3992 1995 4061">
    <p class='ocr_par' dir='ltr' id='par_1_43' title="bbox 417 3992 1995 4061">
     <span class='ocr_line' id='line_1_43' title="bbox 417 3992 1995 4061; baseline 0.001 -13"><span class='ocrx_word' id='word_1_295' title='bbox 417 3993 548 4048; x_wconf 88' lang='lat' dir='ltr'><strong>bum</strong></span> <span class='ocrx_word' id='word_1_296' title='bbox 575 4033 591 4059; x_wconf 90' lang='lat'><strong>,</strong></span> <span class='ocrx_word' id='word_1_297' title='bbox 645 3992 902 4050; x_wconf 88' lang='lat' dir='ltr'><strong>Christus</strong></span> <span class='ocrx_word' id='word_1_298' title='bbox 930 4008 1062 4048; x_wconf 89' lang='lat' dir='ltr'><strong>vero</strong></span> <span class='ocrx_word' id='word_1_299' title='bbox 1116 4003 1203 4049; x_wconf 90' lang='lat' dir='ltr'><strong>est</strong></span> <span class='ocrx_word' id='word_1_300' title='bbox 1236 3994 1383 4049; x_wconf 89' lang='lat' dir='ltr'><strong>ﬁlius</strong></span> <span class='ocrx_word' id='word_1_301' title='bbox 1407 3995 1656 4061; x_wconf 88' lang='lat' dir='ltr'><strong>Davidis;</strong></span> <span class='ocrx_word' id='word_1_302' title='bbox 1693 3995 1791 4050; x_wconf 87' lang='lat' dir='ltr'><strong>sed</strong></span> <span class='ocrx_word' id='word_1_303' title='bbox 1822 3995 1995 4050; x_wconf 87' lang='lat' dir='ltr'><strong>Filius</strong></span> 
     </span>
    </p>
   </div>
   <div class='ocr_carea' id='block_1_44' title="bbox 418 4084 1991 4158">
    <p class='ocr_par' dir='ltr' id='par_1_44' title="bbox 418 4084 1991 4158">
     <span class='ocr_line' id='line_1_44' title="bbox 418 4084 1991 4158; baseline 0 -18"><span class='ocrx_word' id='word_1_304' title='bbox 418 4084 515 4140; x_wconf 90' lang='lat' dir='ltr'><strong>Dei</strong></span> <span class='ocrx_word' id='word_1_305' title='bbox 548 4085 815 4156; x_wconf 88' lang='lat' dir='ltr'><strong>templum</strong></span> <span class='ocrx_word' id='word_1_306' title='bbox 850 4101 961 4140; x_wconf 90' lang='lat' dir='ltr'><strong>non</strong></span> <span class='ocrx_word' id='word_1_307' title='bbox 984 4093 1090 4140; x_wconf 92' lang='lat' dir='ltr'><strong>est.</strong></span> <span class='ocrx_word' id='word_1_308' title='bbox 1125 4085 1419 4142; x_wconf 89' lang='lat' dir='ltr'><strong>Contentio</strong></span> <span class='ocrx_word' id='word_1_309' title='bbox 1445 4088 1585 4142; x_wconf 87' lang='lat' dir='ltr'><strong>ultra</strong></span> <span class='ocrx_word' id='word_1_310' title='bbox 1609 4088 1715 4158; x_wconf 76' lang='lat' dir='ltr'><strong>iam</strong></span> <span class='ocrx_word' id='word_1_311' title='bbox 1743 4102 1851 4141; x_wconf 89' lang='lat' dir='ltr'><strong>non</strong></span> <span class='ocrx_word' id='word_1_312' title='bbox 1874 4094 1991 4141; x_wconf 86' lang='lat' dir='ltr'><strong>est:</strong></span> 
     </span>
    </p>
   </div>
   <div class='ocr_carea' id='block_1_45' title="bbox 417 4174 1997 4248">
    <p class='ocr_par' dir='ltr' id='par_1_45' title="bbox 417 4174 1997 4248">
     <span class='ocr_line' id='line_1_45' title="bbox 417 4174 1997 4248; baseline 0 -18"><span class='ocrx_word' id='word_1_313' title='bbox 417 4176 522 4230; x_wconf 90' lang='lat' dir='ltr'><strong>sub</strong></span> <span class='ocrx_word' id='word_1_314' title='bbox 550 4191 661 4231; x_wconf 92' lang='lat' dir='ltr'><strong>uno</strong></span> <span class='ocrx_word' id='word_1_315' title='bbox 688 4177 820 4246; x_wconf 88' lang='lat' dir='ltr'><strong>jugo</strong></span> <span class='ocrx_word' id='word_1_316' title='bbox 843 4174 1040 4231; x_wconf 91' lang='lat' dir='ltr'><strong>Oriens</strong></span> <span class='ocrx_word' id='word_1_317' title='bbox 1063 4184 1121 4232; x_wconf 90' lang='lat' dir='ltr'><strong>et</strong></span> <span class='ocrx_word' id='word_1_318' title='bbox 1143 4176 1410 4248; x_wconf 67' lang='lat' dir='ltr'><strong>Egyptus</strong></span> <span class='ocrx_word' id='word_1_319' title='bbox 1430 4186 1828 4241; x_wconf 90' lang='lat' dir='ltr'><strong>convenerunt,</strong></span> <span class='ocrx_word' id='word_1_320' title='bbox 1851 4192 1997 4231; x_wconf 86' lang='lat' dir='ltr'><strong>mor-</strong></span> 
     </span>
    </p>
   </div>
   <div class='ocr_carea' id='block_1_46' title="bbox 419 4267 1996 4341">
    <p class='ocr_par' dir='ltr' id='par_1_46' title="bbox 419 4267 1996 4341">
     <span class='ocr_line' id='line_1_46' title="bbox 419 4267 1996 4341; baseline 0.003 -19"><span class='ocrx_word' id='word_1_321' title='bbox 419 4276 514 4323; x_wconf 88' lang='lat' dir='ltr'><strong>tua</strong></span> <span class='ocrx_word' id='word_1_322' title='bbox 537 4277 622 4323; x_wconf 90' lang='lat' dir='ltr'><strong>est</strong></span> <span class='ocrx_word' id='word_1_323' title='bbox 644 4267 871 4333; x_wconf 87' lang='lat' dir='ltr'><strong>invidia,</strong></span> <span class='ocrx_word' id='word_1_324' title='bbox 901 4276 957 4324; x_wconf 91' lang='lat' dir='ltr'><strong>et</strong></span> <span class='ocrx_word' id='word_1_325' title='bbox 981 4269 1303 4339; x_wconf 90' lang='lat' dir='ltr'><strong>consepulta</strong></span> <span class='ocrx_word' id='word_1_326' title='bbox 1324 4270 1402 4323; x_wconf 91' lang='lat' dir='ltr'><strong>illi</strong></span> <span class='ocrx_word' id='word_1_327' title='bbox 1426 4269 1688 4325; x_wconf 83' lang='lat' dir='ltr'><strong>haeresis:</strong></span> <span class='ocrx_word' id='word_1_328' title='bbox 1706 4270 1817 4340; x_wconf 88' lang='lat' dir='ltr'><strong>jam</strong></span> <span class='ocrx_word' id='word_1_329' title='bbox 1839 4270 1996 4341; x_wconf 90' lang='lat' dir='ltr'><strong>quie-</strong></span> 
     </span>
    </p>
   </div>
   <div class='ocr_carea' id='block_1_47' title="bbox 417 4357 1709 4428">
    <p class='ocr_par' dir='ltr' id='par_1_47' title="bbox 417 4357 1709 4428">
     <span class='ocr_line' id='line_1_47' title="bbox 417 4357 1709 4428; baseline 0 -15"><span class='ocrx_word' id='word_1_330' title='bbox 417 4366 601 4421; x_wconf 89' lang='lat' dir='ltr'><strong>scunt,</strong></span> <span class='ocrx_word' id='word_1_331' title='bbox 633 4357 729 4427; x_wconf 89' lang='lat' dir='ltr'><strong>qui</strong></span> <span class='ocrx_word' id='word_1_332' title='bbox 752 4372 975 4427; x_wconf 88' lang='lat' dir='ltr'><strong>passum</strong></span> <span class='ocrx_word' id='word_1_333' title='bbox 996 4358 1169 4414; x_wconf 90' lang='lat' dir='ltr'><strong>Deum</strong></span> <span class='ocrx_word' id='word_1_334' title='bbox 1195 4358 1514 4428; x_wconf 66' lang='lat' dir='ltr'><strong>praedicant,</strong></span> <span class='ocrx_word' id='word_1_335' title='bbox 1544 4377 1563 4411; x_wconf 71' lang='grc' dir='ltr'><strong>ι</strong></span> <span class='ocrx_word' id='word_1_336' title='bbox 1600 4366 1709 4413; x_wconf 88' lang='lat' dir='ltr'><strong>etc.</strong></span> 
     </span>
    </p>
   </div>
   <div class='ocr_carea' id='block_1_48' title="bbox 2075 546 3651 621">
    <p class='ocr_par' dir='ltr' id='par_1_48' title="bbox 2075 546 3651 621">
     <span class='ocr_line' id='line_1_48' title="bbox 2075 546 3651 621; baseline -0.005 -13"><span class='ocrx_word' id='word_1_337' title='bbox 2075 552 2331 617; x_wconf 86' lang='lat' dir='ltr'><strong>debatur,</strong></span> <span class='ocrx_word' id='word_1_338' title='bbox 2366 553 2452 607; x_wconf 90' lang='lat' dir='ltr'><strong>vel</strong></span> <span class='ocrx_word' id='word_1_339' title='bbox 2483 551 2536 605; x_wconf 93' lang='lat' dir='ltr'><strong>in</strong></span> <span class='ocrx_word' id='word_1_340' title='bbox 2569 549 2812 621; x_wconf 77' lang='lat' dir='ltr'><strong>synodis,</strong></span> <span class='ocrx_word' id='word_1_341' title='bbox 2850 563 2988 618; x_wconf 88' lang='lat' dir='ltr'><strong>quas</strong></span> <span class='ocrx_word' id='word_1_342' title='bbox 3010 546 3269 616; x_wconf 78' lang='lat' dir='ltr'><strong>frequens</strong></span> <span class='ocrx_word' id='word_1_343' title='bbox 3292 562 3393 603; x_wconf 85' lang='lat' dir='ltr'><strong>suo</strong></span> <span class='ocrx_word' id='word_1_344' title='bbox 3412 547 3651 603; x_wconf 76' lang='lat' dir='ltr'><strong>consilio</strong></span> 
     </span>
    </p>
   </div>
   <div class='ocr_carea' id='block_1_49' title="bbox 2075 639 3653 713">
    <p class='ocr_par' dir='ltr' id='par_1_49' title="bbox 2075 639 3653 713">
     <span class='ocr_line' id='line_1_49' title="bbox 2075 639 3653 713; baseline -0.002 -17"><span class='ocrx_word' id='word_1_345' title='bbox 2075 643 2332 713; x_wconf 87' lang='lat' dir='ltr'><strong>cogebat,</strong></span> <span class='ocrx_word' id='word_1_346' title='bbox 2386 642 2646 712; x_wconf 89' lang='lat' dir='ltr'><strong>pristinas</strong></span> <span class='ocrx_word' id='word_1_347' title='bbox 2675 640 2865 695; x_wconf 89' lang='lat' dir='ltr'><strong>turbas</strong></span> <span class='ocrx_word' id='word_1_348' title='bbox 2886 639 3158 705; x_wconf 82' lang='lat' dir='ltr'><strong>excitare;</strong></span> <span class='ocrx_word' id='word_1_349' title='bbox 3219 639 3307 693; x_wconf 84' lang='lat' dir='ltr'><strong>vel</strong></span> <span class='ocrx_word' id='word_1_350' title='bbox 3331 640 3498 693; x_wconf 88' lang='lat' dir='ltr'><strong>etiam</strong></span> <span class='ocrx_word' id='word_1_351' title='bbox 3526 640 3653 694; x_wconf 77' lang='lat' dir='ltr'><strong>elo-</strong></span> 
     </span>
    </p>
   </div>
   <div class='ocr_carea' id='block_1_50' title="bbox 2074 730 3645 805">
    <p class='ocr_par' dir='ltr' id='par_1_50' title="bbox 2074 730 3645 805">
     <span class='ocr_line' id='line_1_50' title="bbox 2074 730 3645 805; baseline -0.003 -16"><span class='ocrx_word' id='word_1_352' title='bbox 2074 735 2299 805; x_wconf 88' lang='lat' dir='ltr'><strong>quentia</strong></span> <span class='ocrx_word' id='word_1_353' title='bbox 2333 744 2390 789; x_wconf 89' lang='lat' dir='ltr'><strong>et</strong></span> <span class='ocrx_word' id='word_1_354' title='bbox 2426 734 2754 789; x_wconf 85' lang='lat' dir='ltr'><strong>auctoritate</strong></span> <span class='ocrx_word' id='word_1_355' title='bbox 2785 739 3114 800; x_wconf 84' lang='lat' dir='ltr'><strong>prostratam</strong></span> <span class='ocrx_word' id='word_1_356' title='bbox 3141 730 3376 784; x_wconf 80' lang='lat' dir='ltr'><strong>haeresin</strong></span> <span class='ocrx_word' id='word_1_357' title='bbox 3407 730 3645 801; x_wconf 77' lang='lat' dir='ltr'><strong>erigere.</strong></span> 
     </span>
    </p>
   </div>
   <div class='ocr_carea' id='block_1_51' title="bbox 2146 817 3654 892">
    <p class='ocr_par' dir='ltr' id='par_1_51' title="bbox 2146 817 3654 892">
     <span class='ocr_line' id='line_1_51' title="bbox 2146 817 3654 892; baseline -0.004 -13"><span class='ocrx_word' id='word_1_358' title='bbox 2146 822 2446 890; x_wconf 81' lang='lat' dir='ltr'><strong>VLQuare,</strong></span> <span class='ocrx_word' id='word_1_359' title='bbox 2469 831 2590 892; x_wconf 90' lang='lat' dir='ltr'><strong>post</strong></span> <span class='ocrx_word' id='word_1_360' title='bbox 2612 822 2740 876; x_wconf 83' lang='lat' dir='ltr'><strong>anni</strong></span> <span class='ocrx_word' id='word_1_361' title='bbox 2765 819 2964 888; x_wconf 79' lang='lat' dir='ltr'><strong>integri</strong></span> <span class='ocrx_word' id='word_1_362' title='bbox 2982 818 3327 888; x_wconf 83' lang='lat' dir='ltr'><strong>patientiam,</strong></span> <span class='ocrx_word' id='word_1_363' title='bbox 3348 817 3654 888; x_wconf 86' lang='lat' dir='ltr'><strong>imperator</strong></span> 
     </span>
    </p>
   </div>
   <div class='ocr_carea' id='block_1_52' title="bbox 2076 909 3650 980">
    <p class='ocr_par' dir='ltr' id='par_1_52' title="bbox 2076 909 3650 980">
     <span class='ocr_line' id='line_1_52' title="bbox 2076 909 3650 980; baseline -0.005 -11"><span class='ocrx_word' id='word_1_364' title='bbox 2076 914 2371 969; x_wconf 87' lang='lat' dir='ltr'><strong>Antiochia</strong></span> <span class='ocrx_word' id='word_1_365' title='bbox 2404 915 2683 969; x_wconf 86' lang='lat' dir='ltr'><strong>abstinere</strong></span> <span class='ocrx_word' id='word_1_366' title='bbox 2720 911 3099 966; x_wconf 88' lang='lat' dir='ltr'><strong>turbulentum</strong></span> <span class='ocrx_word' id='word_1_367' title='bbox 3148 909 3427 964; x_wconf 86' lang='lat' dir='ltr'><strong>hominem</strong></span> <span class='ocrx_word' id='word_1_368' title='bbox 3458 909 3650 980; x_wconf 86' lang='lat' dir='ltr'><strong>jussit,</strong></span> 
     </span>
    </p>
   </div>
   <div class='ocr_carea' id='block_1_53' title="bbox 2077 1000 3653 1075">
    <p class='ocr_par' dir='ltr' id='par_1_53' title="bbox 2077 1000 3653 1075">
     <span class='ocr_line' id='line_1_53' title="bbox 2077 1000 3653 1075; baseline -0.003 -16"><span class='ocrx_word' id='word_1_369' title='bbox 2077 1006 2301 1074; x_wconf 90' lang='lat' dir='ltr'><strong>suisque</strong></span> <span class='ocrx_word' id='word_1_370' title='bbox 2335 1005 2610 1075; x_wconf 89' lang='lat' dir='ltr'><strong>parochiis</strong></span> <span class='ocrx_word' id='word_1_371' title='bbox 2635 1004 2716 1059; x_wconf 91' lang='lat' dir='ltr'><strong>sic</strong></span> <span class='ocrx_word' id='word_1_372' title='bbox 2760 1010 3017 1070; x_wconf 87' lang='lat' dir='ltr'><strong>tanquam</strong></span> <span class='ocrx_word' id='word_1_373' title='bbox 3060 1000 3295 1054; x_wconf 87' lang='lat' dir='ltr'><strong>honesto</strong></span> <span class='ocrx_word' id='word_1_374' title='bbox 3336 1014 3554 1055; x_wconf 87' lang='lat' dir='ltr'><strong>carcere</strong></span> <span class='ocrx_word' id='word_1_375' title='bbox 3588 1014 3653 1055; x_wconf 86' lang='lat' dir='ltr'><strong>se</strong></span> 
     </span>
    </p>
   </div>
   <div class='ocr_carea' id='block_1_54' title="bbox 2077 1087 3655 1157">
    <p class='ocr_par' dir='ltr' id='par_1_54' title="bbox 2077 1087 3655 1157">
     <span class='ocr_line' id='line_1_54' title="bbox 2077 1087 3655 1157; baseline -0.004 -9"><span class='ocrx_word' id='word_1_376' title='bbox 2077 1094 2382 1148; x_wconf 87' lang='lat' dir='ltr'><strong>continere.</strong></span> <span class='ocrx_word' id='word_1_377' title='bbox 2417 1092 2554 1146; x_wconf 84' lang='lat' dir='ltr'><strong>Rem</strong></span> <span class='ocrx_word' id='word_1_378' title='bbox 2588 1101 2777 1145; x_wconf 88' lang='lat' dir='ltr'><strong>narrat</strong></span> <span class='ocrx_word' id='word_1_379' title='bbox 2808 1089 2849 1143; x_wconf 87' lang='grc' dir='ltr'>Τ</span> <span class='ocrx_word' id='word_1_380' title='bbox 2857 1089 3190 1143; x_wconf 88' lang='lat' dir='ltr'><strong>heodorctus</strong></span> <span class='ocrx_word' id='word_1_381' title='bbox 3215 1087 3331 1157; x_wconf 85' lang='lat' dir='ltr'><strong>ipse</strong></span> <span class='ocrx_word' id='word_1_382' title='bbox 3359 1088 3415 1141; x_wconf 89' lang='lat' dir='ltr'><strong>in</strong></span> <span class='ocrx_word' id='word_1_383' title='bbox 3448 1088 3655 1142; x_wconf 80' lang='lat' dir='ltr'><strong>litteris</strong></span> 
     </span>
    </p>
   </div>
   <div class='ocr_carea' id='block_1_55' title="bbox 2077 1179 3652 1253">
    <p class='ocr_par' dir='ltr' id='par_1_55' title="bbox 2077 1179 3652 1253">
     <span class='ocr_line' id='line_1_55' title="bbox 2077 1179 3652 1253; baseline -0.004 -12"><span class='ocrx_word' id='word_1_384' title='bbox 2077 1185 2143 1240; x_wconf 89' lang='lat' dir='ltr'><strong>ad</strong></span> <span class='ocrx_word' id='word_1_385' title='bbox 2170 1184 2472 1240; x_wconf 88' lang='lat' dir='ltr'><strong>Eusebium</strong></span> <span class='ocrx_word' id='word_1_386' title='bbox 2515 1182 2741 1253; x_wconf 72' lang='lat' dir='ltr'><strong>Ancyra:</strong></span> <span class='ocrx_word' id='word_1_387' title='bbox 2766 1182 3104 1251; x_wconf 86' lang='lat' dir='ltr'><strong>episcopum.</strong></span> <span class='ocrx_word' id='word_1_388' title='bbox 3152 1198 3170 1231; x_wconf 87' lang='grc'><strong>‹</strong></span> <span class='ocrx_word' id='word_1_389' title='bbox 3196 1179 3298 1245; x_wconf 80' lang='lat' dir='ltr'><strong>Qui</strong></span> <span class='ocrx_word' id='word_1_390' title='bbox 3337 1179 3652 1244; x_wconf 76' lang='lat' dir='ltr'><strong>Marcionis,</strong></span> 
     </span>
    </p>
   </div>
   <div class='ocr_carea' id='block_1_56' title="bbox 2078 1271 3656 1348">
    <p class='ocr_par' dir='ltr' id='par_1_56' title="bbox 2078 1271 3656 1348">
     <span class='ocr_line' id='line_1_56' title="bbox 2078 1271 3656 1348; baseline -0.004 -16"><span class='ocrx_word' id='word_1_391' title='bbox 2078 1277 2258 1348; x_wconf 86' lang='lat' dir='ltr'><strong>inquit</strong></span> <span class='ocrx_word' id='word_1_392' title='bbox 2277 1275 2345 1341; x_wconf 79' lang='lat'><strong>&#39;°,</strong></span> <span class='ocrx_word' id='word_1_393' title='bbox 2366 1285 2424 1332; x_wconf 92' lang='lat' dir='ltr'><strong>et</strong></span> <span class='ocrx_word' id='word_1_394' title='bbox 2446 1274 2721 1330; x_wconf 78' lang='lat' dir='ltr'><strong>Valentini</strong></span> <span class='ocrx_word' id='word_1_395' title='bbox 2752 1283 2810 1329; x_wconf 90' lang='lat' dir='ltr'><strong>et</strong></span> <span class='ocrx_word' id='word_1_396' title='bbox 2832 1273 3081 1336; x_wconf 84' lang='lat' dir='ltr'><strong>Manetis,</strong></span> <span class='ocrx_word' id='word_1_397' title='bbox 3114 1272 3456 1340; x_wconf 88' lang='lat' dir='ltr'><strong>aliorumque</strong></span> <span class='ocrx_word' id='word_1_398' title='bbox 3489 1271 3656 1326; x_wconf 78' lang='lat' dir='ltr'><strong>Doci—</strong></span> 
     </span>
    </p>
   </div>
   <div class='ocr_carea' id='block_1_57' title="bbox 2081 1365 3655 1433">
    <p class='ocr_par' dir='ltr' id='par_1_57' title="bbox 2081 1365 3655 1433">
     <span class='ocr_line' id='line_1_57' title="bbox 2081 1365 3655 1433; baseline -0.006 -9"><span class='ocrx_word' id='word_1_399' title='bbox 2081 1378 2257 1424; x_wconf 74' lang='lat' dir='ltr'><strong>tarum</strong></span> <span class='ocrx_word' id='word_1_400' title='bbox 2280 1365 2514 1421; x_wconf 69' lang='lat' dir='ltr'><strong>hmresin</strong></span> <span class='ocrx_word' id='word_1_401' title='bbox 2541 1365 2644 1422; x_wconf 88' lang='lat' dir='ltr'><strong>hac</strong></span> <span class='ocrx_word' id='word_1_402' title='bbox 2665 1372 2850 1420; x_wconf 85' lang='lat' dir='ltr'><strong>nostra</strong></span> <span class='ocrx_word' id='word_1_403' title='bbox 2867 1370 3190 1433; x_wconf 84' lang='lat' dir='ltr'><strong>tempestate</strong></span> <span class='ocrx_word' id='word_1_404' title='bbox 3204 1368 3488 1427; x_wconf 84' lang='lat' dir='ltr'><strong>renovant,</strong></span> <span class='ocrx_word' id='word_1_405' title='bbox 3505 1375 3655 1431; x_wconf 65' lang='lat' dir='ltr'><strong>agre</strong></span> 
     </span>
    </p>
   </div>
   <div class='ocr_carea' id='block_1_58' title="bbox 2078 1452 3656 1525">
    <p class='ocr_par' dir='ltr' id='par_1_58' title="bbox 2078 1452 3656 1525">
     <span class='ocr_line' id='line_1_58' title="bbox 2078 1452 3656 1525; baseline -0.004 -12"><span class='ocrx_word' id='word_1_406' title='bbox 2078 1459 2315 1515; x_wconf 87' lang='lat' dir='ltr'><strong>ferentes</strong></span> <span class='ocrx_word' id='word_1_407' title='bbox 2344 1457 2576 1514; x_wconf 78' lang='lat' dir='ltr'><strong>haeresin</strong></span> <span class='ocrx_word' id='word_1_408' title='bbox 2598 1472 2630 1511; x_wconf 91' lang='lat' dir='ltr'><strong>a</strong></span> <span class='ocrx_word' id='word_1_409' title='bbox 2657 1471 2745 1512; x_wconf 90' lang='lat' dir='ltr'><strong>me</strong></span> <span class='ocrx_word' id='word_1_410' title='bbox 2779 1470 2932 1510; x_wconf 88' lang='lat' dir='ltr'><strong>suam</strong></span> <span class='ocrx_word' id='word_1_411' title='bbox 2978 1461 3167 1525; x_wconf 89' lang='lat' dir='ltr'><strong>aperte</strong></span> <span class='ocrx_word' id='word_1_412' title='bbox 3206 1452 3498 1517; x_wconf 75' lang='lat' dir='ltr'><strong>confutari,</strong></span> <span class='ocrx_word' id='word_1_413' title='bbox 3552 1453 3656 1508; x_wconf 87' lang='lat' dir='ltr'><strong>im-</strong></span> 
     </span>
    </p>
   </div>
   <div class='ocr_carea' id='block_1_59' title="bbox 2078 1532 3660 1621">
    <p class='ocr_par' dir='ltr' id='par_1_59' title="bbox 2078 1532 3660 1621">
     <span class='ocr_line' id='line_1_59' title="bbox 2078 1532 3660 1621; baseline -0.005 -15"><span class='ocrx_word' id='word_1_414' title='bbox 2078 1550 2349 1621; x_wconf 89' lang='lat' dir='ltr'><strong>peratoris</strong></span> <span class='ocrx_word' id='word_1_415' title='bbox 2368 1564 2531 1604; x_wconf 87' lang='lat' dir='ltr'><strong>aures</strong></span> <span class='ocrx_word' id='word_1_416' title='bbox 2564 1546 2963 1604; x_wconf 89' lang='lat' dir='ltr'><strong>circumvenire</strong></span> <span class='ocrx_word' id='word_1_417' title='bbox 2990 1545 3173 1601; x_wconf 85' lang='lat' dir='ltr'><strong>conati</strong></span> <span class='ocrx_word' id='word_1_418' title='bbox 3200 1532 3349 1610; x_wconf 75' lang='lat' dir='ltr'><strong>sunt,</strong></span> <span class='ocrx_word' id='word_1_419' title='bbox 3363 1543 3660 1600; x_wconf 68' lang='lat' dir='ltr'><strong>haereticos</strong></span> 
     </span>
    </p>
   </div>
   <div class='ocr_carea' id='block_1_60' title="bbox 2079 1635 3659 1710">
    <p class='ocr_par' dir='ltr' id='par_1_60' title="bbox 2079 1635 3659 1710">
     <span class='ocr_line' id='line_1_60' title="bbox 2079 1635 3659 1710; baseline -0.004 -15"><span class='ocrx_word' id='word_1_420' title='bbox 2079 1656 2181 1695; x_wconf 90' lang='lat' dir='ltr'><strong>nos</strong></span> <span class='ocrx_word' id='word_1_421' title='bbox 2203 1640 2560 1710; x_wconf 85' lang='lat' dir='ltr'><strong>appellantes,</strong></span> <span class='ocrx_word' id='word_1_422' title='bbox 2590 1647 2645 1694; x_wconf 90' lang='lat' dir='ltr'><strong>et</strong></span> <span class='ocrx_word' id='word_1_423' title='bbox 2664 1652 2835 1693; x_wconf 89' lang='lat' dir='ltr'><strong>unum</strong></span> <span class='ocrx_word' id='word_1_424' title='bbox 2867 1635 3157 1691; x_wconf 88' lang='lat' dir='ltr'><strong>Dominum</strong></span> <span class='ocrx_word' id='word_1_425' title='bbox 3181 1643 3428 1690; x_wconf 88' lang='lat' dir='ltr'><strong>nostrum</strong></span> <span class='ocrx_word' id='word_1_426' title='bbox 3465 1635 3659 1691; x_wconf 71' lang='lat' dir='ltr'><strong>Iesum</strong></span> 
     </span>
    </p>
   </div>
   <div class='ocr_carea' id='block_1_61' title="bbox 2080 1722 3661 1794">
    <p class='ocr_par' dir='ltr' id='par_1_61' title="bbox 2080 1722 3661 1794">
     <span class='ocr_line' id='line_1_61' title="bbox 2080 1722 3661 1794; baseline -0.004 -11"><span class='ocrx_word' id='word_1_427' title='bbox 2080 1729 2384 1794; x_wconf 84' lang='lat' dir='ltr'><strong>Christum,</strong></span> <span class='ocrx_word' id='word_1_428' title='bbox 2411 1728 2762 1783; x_wconf 87' lang='lat' dir='ltr'><strong>incarnatum</strong></span> <span class='ocrx_word' id='word_1_429' title='bbox 2793 1727 2966 1782; x_wconf 88' lang='lat' dir='ltr'><strong>Deum</strong></span> <span class='ocrx_word' id='word_1_430' title='bbox 2997 1724 3240 1780; x_wconf 84' lang='lat' dir='ltr'><strong>Verbum</strong></span> <span class='ocrx_word' id='word_1_431' title='bbox 3267 1724 3322 1778; x_wconf 90' lang='lat' dir='ltr'><strong>in</strong></span> <span class='ocrx_word' id='word_1_432' title='bbox 3345 1722 3486 1778; x_wconf 89' lang='lat' dir='ltr'><strong>duos</strong></span> <span class='ocrx_word' id='word_1_433' title='bbox 3513 1723 3661 1779; x_wconf 74' lang='lat' dir='ltr'><strong>ﬁlios</strong></span> 
     </span>
    </p>
   </div>
   <div class='ocr_carea' id='block_1_62' title="bbox 2083 1813 3659 1882">
    <p class='ocr_par' dir='ltr' id='par_1_62' title="bbox 2083 1813 3659 1882">
     <span class='ocr_line' id='line_1_62' title="bbox 2083 1813 3659 1882; baseline -0.003 -9"><span class='ocrx_word' id='word_1_434' title='bbox 2083 1819 2329 1875; x_wconf 84' lang='lat' dir='ltr'><strong>dividere</strong></span> <span class='ocrx_word' id='word_1_435' title='bbox 2369 1819 2788 1874; x_wconf 90' lang='lat' dir='ltr'><strong>calumniantes.</strong></span> <span class='ocrx_word' id='word_1_436' title='bbox 2821 1815 2928 1871; x_wconf 91' lang='lat' dir='ltr'><strong>Sed</strong></span> <span class='ocrx_word' id='word_1_437' title='bbox 2970 1814 3157 1869; x_wconf 89' lang='lat' dir='ltr'><strong>verbis</strong></span> <span class='ocrx_word' id='word_1_438' title='bbox 3206 1813 3344 1878; x_wconf 88' lang='lat' dir='ltr'><strong>suis,</strong></span> <span class='ocrx_word' id='word_1_439' title='bbox 3377 1821 3439 1869; x_wconf 90' lang='lat' dir='ltr'><strong>ut</strong></span> <span class='ocrx_word' id='word_1_440' title='bbox 3466 1828 3659 1882; x_wconf 85' lang='lat' dir='ltr'><strong>spera-</strong></span> 
     </span>
    </p>
   </div>
   <div class='ocr_carea' id='block_1_63' title="bbox 2084 1903 3662 1977">
    <p class='ocr_par' dir='ltr' id='par_1_63' title="bbox 2084 1903 3662 1977">
     <span class='ocr_line' id='line_1_63' title="bbox 2084 1903 3662 1977; baseline -0.001 -17"><span class='ocrx_word' id='word_1_441' title='bbox 2084 1906 2235 1971; x_wconf 82' lang='lat' dir='ltr'><strong>bant,</strong></span> <span class='ocrx_word' id='word_1_442' title='bbox 2269 1922 2378 1961; x_wconf 91' lang='lat' dir='ltr'><strong>non</strong></span> <span class='ocrx_word' id='word_1_443' title='bbox 2404 1913 2801 1977; x_wconf 85' lang='lat' dir='ltr'><strong>persuaserunt</strong></span> <span class='ocrx_word' id='word_1_444' title='bbox 2827 1922 2839 1958; x_wconf 94' lang='lat'>:</span> <span class='ocrx_word' id='word_1_445' title='bbox 2867 1919 3038 1974; x_wconf 88' lang='lat' dir='ltr'><strong>quare</strong></span> <span class='ocrx_word' id='word_1_446' title='bbox 3082 1903 3347 1973; x_wconf 89' lang='lat' dir='ltr'><strong>scriptum</strong></span> <span class='ocrx_word' id='word_1_447' title='bbox 3385 1913 3471 1958; x_wconf 87' lang='lat' dir='ltr'><strong>est</strong></span> <span class='ocrx_word' id='word_1_448' title='bbox 3500 1918 3662 1958; x_wconf 85' lang='lat' dir='ltr'><strong>com-</strong></span> 
     </span>
    </p>
   </div>
   <div class='ocr_carea' id='block_1_64' title="bbox 2082 1992 3663 2065">
    <p class='ocr_par' dir='ltr' id='par_1_64' title="bbox 2082 1992 3663 2065">
     <span class='ocr_line' id='line_1_64' title="bbox 2082 1992 3663 2065; baseline -0.001 -16"><span class='ocrx_word' id='word_1_449' title='bbox 2082 1994 2440 2049; x_wconf 89' lang='lat' dir='ltr'><strong>monitorium</strong></span> <span class='ocrx_word' id='word_1_450' title='bbox 2506 1992 3048 2065; x_wconf 89' lang='lat' dir='ltr'><strong>magniﬁcentissimo</strong></span> <span class='ocrx_word' id='word_1_451' title='bbox 3132 2000 3192 2047; x_wconf 89' lang='lat' dir='ltr'><strong>et</strong></span> <span class='ocrx_word' id='word_1_452' title='bbox 3260 1992 3663 2063; x_wconf 82' lang='lat' dir='ltr'><strong>gloriosissimo</strong></span> 
     </span>
    </p>
   </div>
   <div class='ocr_carea' id='block_1_65' title="bbox 2083 2081 3662 2157">
    <p class='ocr_par' dir='ltr' id='par_1_65' title="bbox 2083 2081 3662 2157">
     <span class='ocr_line' id='line_1_65' title="bbox 2083 2081 3662 2157; baseline -0.004 -16"><span class='ocrx_word' id='word_1_453' title='bbox 2083 2086 2344 2157; x_wconf 89' lang='lat' dir='ltr'><strong>magistro</strong></span> <span class='ocrx_word' id='word_1_454' title='bbox 2397 2085 2631 2140; x_wconf 89' lang='lat' dir='ltr'><strong>militum</strong></span> <span class='ocrx_word' id='word_1_455' title='bbox 2681 2082 2916 2147; x_wconf 86' lang='lat' dir='ltr'><strong>consuli,</strong></span> <span class='ocrx_word' id='word_1_456' title='bbox 2972 2081 3198 2136; x_wconf 71' lang='lat' dir='ltr'><strong>haeresis</strong></span> <span class='ocrx_word' id='word_1_457' title='bbox 3247 2082 3662 2137; x_wconf 83' lang='lat' dir='ltr'><strong>accusationem</strong></span> 
     </span>
    </p>
   </div>
   <div class='ocr_carea' id='block_1_66' title="bbox 2083 2173 3662 2242">
    <p class='ocr_par' dir='ltr' id='par_1_66' title="bbox 2083 2173 3662 2242">
     <span class='ocr_line' id='line_1_66' title="bbox 2083 2173 3662 2242; baseline -0.005 -10"><span class='ocrx_word' id='word_1_458' title='bbox 2083 2178 2289 2233; x_wconf 88' lang='lat' dir='ltr'><strong>nullam</strong></span> <span class='ocrx_word' id='word_1_459' title='bbox 2315 2175 2624 2239; x_wconf 90' lang='lat' dir='ltr'><strong>continens,</strong></span> <span class='ocrx_word' id='word_1_460' title='bbox 2658 2174 2751 2229; x_wconf 89' lang='lat' dir='ltr'><strong>sed</strong></span> <span class='ocrx_word' id='word_1_461' title='bbox 2768 2174 2903 2228; x_wconf 87' lang='lat' dir='ltr'><strong>alias</strong></span> <span class='ocrx_word' id='word_1_462' title='bbox 2933 2173 3193 2242; x_wconf 88' lang='lat' dir='ltr'><strong>quasdam</strong></span> <span class='ocrx_word' id='word_1_463' title='bbox 3216 2187 3426 2236; x_wconf 87' lang='lat' dir='ltr'><strong>causas,</strong></span> <span class='ocrx_word' id='word_1_464' title='bbox 3453 2187 3662 2241; x_wconf 77' lang='lat' dir='ltr'><strong>easque</strong></span> 
     </span>
    </p>
   </div>
   <div class='ocr_carea' id='block_1_67' title="bbox 2084 2261 3652 2335">
    <p class='ocr_par' dir='ltr' id='par_1_67' title="bbox 2084 2261 3652 2335">
     <span class='ocr_line' id='line_1_67' title="bbox 2084 2261 3652 2335; baseline -0.006 -14"><span class='ocrx_word' id='word_1_465' title='bbox 2084 2266 2267 2321; x_wconf 83' lang='lat' dir='ltr'><strong>falsas.</strong></span> <span class='ocrx_word' id='word_1_466' title='bbox 2297 2264 2546 2335; x_wconf 85' lang='lat' dir='ltr'><strong>Synodos</strong></span> <span class='ocrx_word' id='word_1_467' title='bbox 2575 2264 2722 2319; x_wconf 90' lang='lat' dir='ltr'><strong>enim</strong></span> <span class='ocrx_word' id='word_1_468' title='bbox 2769 2263 2992 2318; x_wconf 88' lang='lat' dir='ltr'><strong>aiebant</strong></span> <span class='ocrx_word' id='word_1_469' title='bbox 3022 2279 3110 2319; x_wconf 91' lang='lat' dir='ltr'><strong>me</strong></span> <span class='ocrx_word' id='word_1_470' title='bbox 3160 2262 3476 2332; x_wconf 80' lang='lat' dir='ltr'><strong>frequentes</strong></span> <span class='ocrx_word' id='word_1_471' title='bbox 3510 2261 3652 2330; x_wconf 64' lang='lat' dir='ltr'><strong>apud</strong></span> 
     </span>
    </p>
   </div>
   <div class='ocr_carea' id='block_1_68' title="bbox 2084 2353 3659 2420">
    <p class='ocr_par' dir='ltr' id='par_1_68' title="bbox 2084 2353 3659 2420">
     <span class='ocr_line' id='line_1_68' title="bbox 2084 2353 3659 2420; baseline -0.003 -9"><span class='ocrx_word' id='word_1_472' title='bbox 2084 2355 2435 2412; x_wconf 78' lang='lat' dir='ltr'><strong>Antiochiam</strong></span> <span class='ocrx_word' id='word_1_473' title='bbox 2464 2371 2787 2420; x_wconf 87' lang='lat' dir='ltr'><strong>convocare,</strong></span> <span class='ocrx_word' id='word_1_474' title='bbox 2811 2363 2867 2409; x_wconf 88' lang='lat' dir='ltr'><strong>et</strong></span> <span class='ocrx_word' id='word_1_475' title='bbox 2888 2370 2953 2410; x_wconf 90' lang='lat' dir='ltr'><strong>ea</strong></span> <span class='ocrx_word' id='word_1_476' title='bbox 2988 2370 3047 2410; x_wconf 89' lang='lat' dir='ltr'><strong>re</strong></span> <span class='ocrx_word' id='word_1_477' title='bbox 3081 2354 3286 2409; x_wconf 77' lang='lat' dir='ltr'><strong>offendi</strong></span> <span class='ocrx_word' id='word_1_478' title='bbox 3323 2353 3659 2416; x_wconf 85' lang='lat' dir='ltr'><strong>nonnullos;</strong></span> 
     </span>
    </p>
   </div>
   <div class='ocr_carea' id='block_1_69' title="bbox 2087 2445 3663 2519">
    <p class='ocr_par' dir='ltr' id='par_1_69' title="bbox 2087 2445 3663 2519">
     <span class='ocr_line' id='line_1_69' title="bbox 2087 2445 3663 2519; baseline -0.001 -17"><span class='ocrx_word' id='word_1_479' title='bbox 2087 2448 2317 2516; x_wconf 86' lang='lat' dir='ltr'><strong>proinde</strong></span> <span class='ocrx_word' id='word_1_480' title='bbox 2349 2449 2632 2519; x_wconf 88' lang='lat' dir='ltr'><strong>quiescere</strong></span> <span class='ocrx_word' id='word_1_481' title='bbox 2658 2463 2745 2502; x_wconf 91' lang='lat' dir='ltr'><strong>me</strong></span> <span class='ocrx_word' id='word_1_482' title='bbox 2773 2456 3050 2518; x_wconf 88' lang='lat' dir='ltr'><strong>oportere,</strong></span> <span class='ocrx_word' id='word_1_483' title='bbox 3078 2455 3135 2502; x_wconf 92' lang='lat' dir='ltr'><strong>et</strong></span> <span class='ocrx_word' id='word_1_484' title='bbox 3160 2445 3480 2502; x_wconf 87' lang='lat' dir='ltr'><strong>commissas</strong></span> <span class='ocrx_word' id='word_1_485' title='bbox 3520 2445 3663 2506; x_wconf 85' lang='lat' dir='ltr'><strong>mihi</strong></span> 
     </span>
    </p>
   </div>
   <div class='ocr_carea' id='block_1_70' title="bbox 2088 2536 3662 2610">
    <p class='ocr_par' dir='ltr' id='par_1_70' title="bbox 2088 2536 3662 2610">
     <span class='ocr_line' id='line_1_70' title="bbox 2088 2536 3662 2610; baseline -0.002 -18"><span class='ocrx_word' id='word_1_486' title='bbox 2088 2539 2363 2594; x_wconf 86' lang='lat' dir='ltr'><strong>Ecclesias</strong></span> <span class='ocrx_word' id='word_1_487' title='bbox 2396 2540 2724 2610; x_wconf 85' lang='lat' dir='ltr'><strong>gubernare.</strong></span> <span class='ocrx_word' id='word_1_488' title='bbox 2747 2537 2863 2593; x_wconf 87' lang='lat' dir='ltr'><strong>Hoc</strong></span> <span class='ocrx_word' id='word_1_489' title='bbox 2888 2539 3052 2610; x_wconf 89' lang='lat' dir='ltr'><strong>igitur</strong></span> <span class='ocrx_word' id='word_1_490' title='bbox 3081 2545 3305 2593; x_wconf 89' lang='lat' dir='ltr'><strong>ostenso</strong></span> <span class='ocrx_word' id='word_1_491' title='bbox 3347 2536 3480 2590; x_wconf 90' lang='lat' dir='ltr'><strong>mihi</strong></span> <span class='ocrx_word' id='word_1_492' title='bbox 3505 2551 3662 2589; x_wconf 87' lang='lat' dir='ltr'><strong>com-</strong></span> 
     </span>
    </p>
   </div>
   <div class='ocr_carea' id='block_1_71' title="bbox 2086 2629 3655 2700">
    <p class='ocr_par' dir='ltr' id='par_1_71' title="bbox 2086 2629 3655 2700">
     <span class='ocr_line' id='line_1_71' title="bbox 2086 2629 3655 2700; baseline -0.005 -12"><span class='ocrx_word' id='word_1_493' title='bbox 2086 2634 2401 2700; x_wconf 91' lang='lat' dir='ltr'><strong>monitorio,</strong></span> <span class='ocrx_word' id='word_1_494' title='bbox 2421 2633 2709 2688; x_wconf 87' lang='lat' dir='ltr'><strong>decretum</strong></span> <span class='ocrx_word' id='word_1_495' title='bbox 2722 2633 2872 2688; x_wconf 91' lang='lat' dir='ltr'><strong>velut</strong></span> <span class='ocrx_word' id='word_1_496' title='bbox 2884 2633 3152 2688; x_wconf 89' lang='lat' dir='ltr'><strong>bonorum</strong></span> <span class='ocrx_word' id='word_1_497' title='bbox 3168 2630 3374 2685; x_wconf 89' lang='lat' dir='ltr'><strong>fontem</strong></span> <span class='ocrx_word' id='word_1_498' title='bbox 3389 2629 3620 2699; x_wconf 89' lang='lat' dir='ltr'><strong>arripui.</strong></span> <span class='ocrx_word' id='word_1_499' title='bbox 3636 2648 3655 2680; x_wconf 74' lang='grc' dir='ltr'>ι</span> 
     </span>
    </p>
   </div>
   <div class='ocr_carea' id='block_1_72' title="bbox 2121 2722 3667 2806">
    <p class='ocr_par' dir='ltr' id='par_1_72' title="bbox 2121 2722 3667 2806">
     <span class='ocr_line' id='line_1_72' title="bbox 2121 2722 3667 2806; baseline -0.004 -23"><span class='ocrx_word' id='word_1_500' title='bbox 2121 2789 2127 2806; x_wconf 42' lang='grc' dir='ltr'><strong>Ι</strong></span> <span class='ocrx_word' id='word_1_501' title='bbox 2155 2728 2646 2783; x_wconf 89' lang='lat' dir='ltr'><strong>Commonitorium</strong></span> <span class='ocrx_word' id='word_1_502' title='bbox 2671 2727 2786 2797; x_wconf 91' lang='lat' dir='ltr'><strong>ipsa</strong></span> <span class='ocrx_word' id='word_1_503' title='bbox 2809 2725 3156 2796; x_wconf 89' lang='lat' dir='ltr'><strong>imperatoris</strong></span> <span class='ocrx_word' id='word_1_504' title='bbox 3186 2739 3373 2789; x_wconf 89' lang='lat' dir='ltr'><strong>manu,</strong></span> <span class='ocrx_word' id='word_1_505' title='bbox 3399 2722 3535 2778; x_wconf 88' lang='lat' dir='ltr'><strong>tanti</strong></span> <span class='ocrx_word' id='word_1_506' title='bbox 3572 2738 3667 2777; x_wconf 90' lang='lat' dir='ltr'><strong>res</strong></span> 
     </span>
    </p>
   </div>
   <div class='ocr_carea' id='block_1_73' title="bbox 2086 2814 3665 2885">
    <p class='ocr_par' dir='ltr' id='par_1_73' title="bbox 2086 2814 3665 2885">
     <span class='ocr_line' id='line_1_73' title="bbox 2086 2814 3665 2885; baseline -0.006 -9"><span class='ocrx_word' id='word_1_507' title='bbox 2086 2827 2225 2883; x_wconf 80' lang='lat' dir='ltr'><strong>erat,</strong></span> <span class='ocrx_word' id='word_1_508' title='bbox 2262 2827 2545 2875; x_wconf 89' lang='lat' dir='ltr'><strong>exaratum</strong></span> <span class='ocrx_word' id='word_1_509' title='bbox 2595 2818 2767 2872; x_wconf 87' lang='lat' dir='ltr'><strong>fuisse</strong></span> <span class='ocrx_word' id='word_1_510' title='bbox 2812 2824 3271 2885; x_wconf 83' lang='lat' dir='ltr'><strong>testaturzquare</strong></span> <span class='ocrx_word' id='word_1_511' title='bbox 3310 2814 3389 2869; x_wconf 90' lang='lat' dir='ltr'><strong>rei</strong></span> <span class='ocrx_word' id='word_1_512' title='bbox 3415 2814 3665 2868; x_wconf 84' lang='lat' dir='ltr'><strong>insolen-</strong></span> 
     </span>
    </p>
   </div>
   <div class='ocr_carea' id='block_1_74' title="bbox 2091 2904 3665 2977">
    <p class='ocr_par' dir='ltr' id='par_1_74' title="bbox 2091 2904 3665 2977">
     <span class='ocr_line' id='line_1_74' title="bbox 2091 2904 3665 2977; baseline -0.003 -15"><span class='ocrx_word' id='word_1_513' title='bbox 2091 2910 2218 2964; x_wconf 88' lang='lat' dir='ltr'><strong>tiam</strong></span> <span class='ocrx_word' id='word_1_514' title='bbox 2259 2910 2513 2976; x_wconf 85' lang='lat' dir='ltr'><strong>miratus,</strong></span> <span class='ocrx_word' id='word_1_515' title='bbox 2540 2925 2607 2964; x_wconf 86' lang='lat' dir='ltr'><strong>ex</strong></span> <span class='ocrx_word' id='word_1_516' title='bbox 2628 2909 2881 2963; x_wconf 80' lang='lat' dir='ltr'><strong>Anatolio</strong></span> <span class='ocrx_word' id='word_1_517' title='bbox 2914 2907 3144 2977; x_wconf 88' lang='lat' dir='ltr'><strong>patricio</strong></span> <span class='ocrx_word' id='word_1_518' title='bbox 3175 2905 3376 2961; x_wconf 89' lang='lat' dir='ltr'><strong>litteris</strong></span> <span class='ocrx_word' id='word_1_519' title='bbox 3408 2904 3665 2961; x_wconf 85' lang='lat' dir='ltr'><strong>sciscita-</strong></span> 
     </span>
    </p>
   </div>
   <div class='ocr_carea' id='block_1_75' title="bbox 2090 2997 3666 3067">
    <p class='ocr_par' dir='ltr' id='par_1_75' title="bbox 2090 2997 3666 3067">
     <span class='ocr_line' id='line_1_75' title="bbox 2090 2997 3666 3067; baseline -0.003 -11"><span class='ocrx_word' id='word_1_520' title='bbox 2090 3011 2179 3056; x_wconf 90' lang='lat' dir='ltr'><strong>tus</strong></span> <span class='ocrx_word' id='word_1_521' title='bbox 2203 3009 2310 3066; x_wconf 90' lang='lat' dir='ltr'><strong>est,</strong></span> <span class='ocrx_word' id='word_1_522' title='bbox 2346 3016 2477 3054; x_wconf 88' lang='lat' dir='ltr'><strong>num</strong></span> <span class='ocrx_word' id='word_1_523' title='bbox 2508 3015 2648 3054; x_wconf 87' lang='lat' dir='ltr'><strong>vana</strong></span> <span class='ocrx_word' id='word_1_524' title='bbox 2670 2999 2814 3054; x_wconf 90' lang='lat' dir='ltr'><strong>foret</strong></span> <span class='ocrx_word' id='word_1_525' title='bbox 2841 3014 2939 3053; x_wconf 88' lang='lat' dir='ltr'><strong>sua</strong></span> <span class='ocrx_word' id='word_1_526' title='bbox 2972 2997 3180 3053; x_wconf 86' lang='lat' dir='ltr'><strong>fraudis</strong></span> <span class='ocrx_word' id='word_1_527' title='bbox 3200 2997 3462 3067; x_wconf 89' lang='lat' dir='ltr'><strong>suspicio.</strong></span> <span class='ocrx_word' id='word_1_528' title='bbox 3503 3016 3522 3048; x_wconf 75' lang='grc' dir='ltr'>ι</span> <span class='ocrx_word' id='word_1_529' title='bbox 3553 2997 3666 3051; x_wconf 85' lang='lat' dir='ltr'><strong>Ve-</strong></span> 
     </span>
    </p>
   </div>
   <div class='ocr_carea' id='block_1_76' title="bbox 2090 3087 3667 3160">
    <p class='ocr_par' dir='ltr' id='par_1_76' title="bbox 2090 3087 3667 3160">
     <span class='ocr_line' id='line_1_76' title="bbox 2090 3087 3667 3160; baseline -0.003 -15"><span class='ocrx_word' id='word_1_530' title='bbox 2090 3099 2248 3153; x_wconf 82' lang='lat' dir='ltr'><strong>strae,</strong></span> <span class='ocrx_word' id='word_1_531' title='bbox 2274 3090 2495 3160; x_wconf 91' lang='lat' dir='ltr'><strong>inquit,</strong></span> <span class='ocrx_word' id='word_1_532' title='bbox 2523 3088 2863 3144; x_wconf 66' lang='lat' dir='ltr'><strong>excellentia:</strong></span> <span class='ocrx_word' id='word_1_533' title='bbox 2894 3087 3258 3143; x_wconf 89' lang='lat' dir='ltr'><strong>indicavimus</strong></span> <span class='ocrx_word' id='word_1_534' title='bbox 3293 3087 3667 3142; x_wconf 90' lang='lat' dir='ltr'><strong>commonito-</strong></span> 
     </span>
    </p>
   </div>
   <div class='ocr_carea' id='block_1_77' title="bbox 2093 3178 3669 3250">
    <p class='ocr_par' dir='ltr' id='par_1_77' title="bbox 2093 3178 3669 3250">
     <span class='ocr_line' id='line_1_77' title="bbox 2093 3178 3669 3250; baseline -0.003 -13"><span class='ocrx_word' id='word_1_535' title='bbox 2093 3183 2233 3237; x_wconf 88' lang='lat' dir='ltr'><strong>rium</strong></span> <span class='ocrx_word' id='word_1_536' title='bbox 2263 3183 2425 3244; x_wconf 86' lang='lat' dir='ltr'><strong>nobis</strong></span> <span class='ocrx_word' id='word_1_537' title='bbox 2449 3181 2753 3237; x_wconf 88' lang='lat' dir='ltr'><strong>ostendisse</strong></span> <span class='ocrx_word' id='word_1_538' title='bbox 2782 3180 2986 3236; x_wconf 83' lang='lat' dir='ltr'><strong>Rufum</strong></span> <span class='ocrx_word' id='word_1_539' title='bbox 3021 3181 3279 3237; x_wconf 82' lang='lat' dir='ltr'><strong>comitem</strong></span> <span class='ocrx_word' id='word_1_540' title='bbox 3306 3178 3669 3250; x_wconf 84' lang='lat' dir='ltr'><strong>magniﬁcen-</strong></span> 
     </span>
    </p>
   </div>
   <div class='ocr_carea' id='block_1_78' title="bbox 2090 3271 3673 3344">
    <p class='ocr_par' dir='ltr' id='par_1_78' title="bbox 2090 3271 3673 3344">
     <span class='ocr_line' id='line_1_78' title="bbox 2090 3271 3673 3344; baseline -0.001 -16"><span class='ocrx_word' id='word_1_541' title='bbox 2090 3275 2384 3339; x_wconf 88' lang='lat' dir='ltr'><strong>tissimum,</strong></span> <span class='ocrx_word' id='word_1_542' title='bbox 2409 3273 2766 3344; x_wconf 89' lang='lat' dir='ltr'><strong>imperatoria</strong></span> <span class='ocrx_word' id='word_1_543' title='bbox 2801 3288 2966 3327; x_wconf 86' lang='lat' dir='ltr'><strong>manu</strong></span> <span class='ocrx_word' id='word_1_544' title='bbox 2992 3280 3298 3337; x_wconf 83' lang='lat' dir='ltr'><strong>exaratum,</strong></span> <span class='ocrx_word' id='word_1_545' title='bbox 3335 3288 3443 3341; x_wconf 90' lang='lat' dir='ltr'><strong>quo</strong></span> <span class='ocrx_word' id='word_1_546' title='bbox 3473 3271 3673 3327; x_wconf 83' lang='lat' dir='ltr'><strong>fortis-</strong></span> 
     </span>
    </p>
   </div>
   <div class='ocr_carea' id='block_1_79' title="bbox 2088 3361 3673 3436">
    <p class='ocr_par' dir='ltr' id='par_1_79' title="bbox 2088 3361 3673 3436">
     <span class='ocr_line' id='line_1_79' title="bbox 2088 3361 3673 3436; baseline -0.004 -16"><span class='ocrx_word' id='word_1_547' title='bbox 2088 3367 2227 3420; x_wconf 80' lang='lat' dir='ltr'><strong>sime</strong></span> <span class='ocrx_word' id='word_1_548' title='bbox 2263 3365 2523 3436; x_wconf 87' lang='lat' dir='ltr'><strong>magistro</strong></span> <span class='ocrx_word' id='word_1_549' title='bbox 2570 3364 2807 3419; x_wconf 90' lang='lat' dir='ltr'><strong>militum</strong></span> <span class='ocrx_word' id='word_1_550' title='bbox 2853 3362 3227 3433; x_wconf 69' lang='lat' dir='ltr'><strong>prazcipiebat,</strong></span> <span class='ocrx_word' id='word_1_551' title='bbox 3255 3370 3316 3416; x_wconf 92' lang='lat' dir='ltr'><strong>ut</strong></span> <span class='ocrx_word' id='word_1_552' title='bbox 3360 3361 3673 3430; x_wconf 89' lang='lat' dir='ltr'><strong>prudenter</strong></span> 
     </span>
    </p>
   </div>
   <div class='ocr_carea' id='block_1_80' title="bbox 2089 3452 3672 3526">
    <p class='ocr_par' dir='ltr' id='par_1_80' title="bbox 2089 3452 3672 3526">
     <span class='ocr_line' id='line_1_80' title="bbox 2089 3452 3672 3526; baseline -0.001 -15"><span class='ocrx_word' id='word_1_553' title='bbox 2089 3456 2336 3526; x_wconf 89' lang='lat' dir='ltr'><strong>sciteque</strong></span> <span class='ocrx_word' id='word_1_554' title='bbox 2370 3461 2591 3510; x_wconf 89' lang='lat' dir='ltr'><strong>curaret</strong></span> <span class='ocrx_word' id='word_1_555' title='bbox 2632 3469 2734 3509; x_wconf 90' lang='lat' dir='ltr'><strong>nos</strong></span> <span class='ocrx_word' id='word_1_556' title='bbox 2777 3453 2904 3525; x_wconf 85' lang='lat' dir='ltr'><strong>Cyri</strong></span> <span class='ocrx_word' id='word_1_557' title='bbox 2946 3454 3271 3518; x_wconf 89' lang='lat' dir='ltr'><strong>consistere,</strong></span> <span class='ocrx_word' id='word_1_558' title='bbox 3302 3468 3406 3508; x_wconf 90' lang='lat' dir='ltr'><strong>nec</strong></span> <span class='ocrx_word' id='word_1_559' title='bbox 3434 3452 3503 3506; x_wconf 90' lang='lat' dir='ltr'><strong>ad</strong></span> <span class='ocrx_word' id='word_1_560' title='bbox 3528 3452 3672 3509; x_wconf 83' lang='lat' dir='ltr'><strong>alias</strong></span> 
     </span>
    </p>
   </div>
   <div class='ocr_carea' id='block_1_81' title="bbox 2090 3537 3669 3614">
    <p class='ocr_par' dir='ltr' id='par_1_81' title="bbox 2090 3537 3669 3614">
     <span class='ocr_line' id='line_1_81' title="bbox 2090 3537 3669 3614; baseline -0.004 -15"><span class='ocrx_word' id='word_1_561' title='bbox 2090 3545 2344 3600; x_wconf 88' lang='lat' dir='ltr'><strong>civitates</strong></span> <span class='ocrx_word' id='word_1_562' title='bbox 2378 3543 2687 3614; x_wconf 88' lang='lat' dir='ltr'><strong>proﬁcisci,</strong></span> <span class='ocrx_word' id='word_1_563' title='bbox 2724 3541 2900 3611; x_wconf 90' lang='lat' dir='ltr'><strong>utqui</strong></span> <span class='ocrx_word' id='word_1_564' title='bbox 2957 3542 3197 3613; x_wconf 80' lang='lat' dir='ltr'><strong>synodos</strong></span> <span class='ocrx_word' id='word_1_565' title='bbox 3250 3539 3470 3596; x_wconf 88' lang='lat' dir='ltr'><strong>assidue</strong></span> <span class='ocrx_word' id='word_1_566' title='bbox 3517 3537 3669 3608; x_wconf 87' lang='lat' dir='ltr'><strong>apud</strong></span> 
     </span>
    </p>
   </div>
   <div class='ocr_carea' id='block_1_82' title="bbox 2093 3630 3668 3704">
    <p class='ocr_par' dir='ltr' id='par_1_82' title="bbox 2093 3630 3668 3704">
     <span class='ocr_line' id='line_1_82' title="bbox 2093 3630 3668 3704; baseline -0.003 -17"><span class='ocrx_word' id='word_1_567' title='bbox 2093 3632 2436 3690; x_wconf 82' lang='lat' dir='ltr'><strong>Antiochiam</strong></span> <span class='ocrx_word' id='word_1_568' title='bbox 2472 3648 2811 3704; x_wconf 89' lang='lat' dir='ltr'><strong>cogeremus,</strong></span> <span class='ocrx_word' id='word_1_569' title='bbox 2842 3640 2897 3686; x_wconf 91' lang='lat' dir='ltr'><strong>et</strong></span> <span class='ocrx_word' id='word_1_570' title='bbox 2925 3631 3262 3687; x_wconf 83' lang='lat' dir='ltr'><strong>orthodoxos</strong></span> <span class='ocrx_word' id='word_1_571' title='bbox 3293 3630 3668 3684; x_wconf 86' lang='lat' dir='ltr'><strong>turbaremus.</strong></span> 
     </span>
    </p>
   </div>
   <div class='ocr_carea' id='block_1_83' title="bbox 2090 3718 3676 3792">
    <p class='ocr_par' dir='ltr' id='par_1_83' title="bbox 2090 3718 3676 3792">
     <span class='ocr_line' id='line_1_83' title="bbox 2090 3718 3676 3792; baseline -0.004 -14"><span class='ocrx_word' id='word_1_572' title='bbox 2090 3722 2248 3778; x_wconf 91' lang='lat' dir='ltr'><strong>Nunc</strong></span> <span class='ocrx_word' id='word_1_573' title='bbox 2295 3722 2480 3777; x_wconf 91' lang='lat' dir='ltr'><strong>indico</strong></span> <span class='ocrx_word' id='word_1_574' title='bbox 2525 3737 2611 3777; x_wconf 89' lang='lat' dir='ltr'><strong>me</strong></span> <span class='ocrx_word' id='word_1_575' title='bbox 2658 3721 2824 3792; x_wconf 87' lang='lat' dir='ltr'><strong>regiis</strong></span> <span class='ocrx_word' id='word_1_576' title='bbox 2861 3720 3187 3776; x_wconf 87' lang='lat' dir='ltr'><strong>obsecutum</strong></span> <span class='ocrx_word' id='word_1_577' title='bbox 3230 3719 3429 3775; x_wconf 89' lang='lat' dir='ltr'><strong>litteris</strong></span> <span class='ocrx_word' id='word_1_578' title='bbox 3462 3718 3676 3788; x_wconf 81' lang='lat' dir='ltr'><strong>Cyrum</strong></span> 
     </span>
    </p>
   </div>
   <div class='ocr_carea' id='block_1_84' title="bbox 2093 3811 3672 3883">
    <p class='ocr_par' dir='ltr' id='par_1_84' title="bbox 2093 3811 3672 3883">
     <span class='ocr_line' id='line_1_84' title="bbox 2093 3811 3672 3883; baseline -0.003 -15"><span class='ocrx_word' id='word_1_579' title='bbox 2093 3815 2328 3879; x_wconf 87' lang='lat' dir='ltr'><strong>venisse,</strong></span> <span class='ocrx_word' id='word_1_580' title='bbox 2350 3830 2414 3868; x_wconf 84' lang='lat' dir='ltr'><strong>ac</strong></span> <span class='ocrx_word' id='word_1_581' title='bbox 2437 3814 2634 3869; x_wconf 91' lang='lat' dir='ltr'><strong>diebus</strong></span> <span class='ocrx_word' id='word_1_582' title='bbox 2666 3830 2761 3868; x_wconf 73' lang='lat' dir='ltr'><strong>sex</strong></span> <span class='ocrx_word' id='word_1_583' title='bbox 2778 3823 3063 3883; x_wconf 86' lang='lat' dir='ltr'><strong>septemve</strong></span> <span class='ocrx_word' id='word_1_584' title='bbox 3084 3811 3395 3876; x_wconf 87' lang='lat' dir='ltr'><strong>transactis,</strong></span> <span class='ocrx_word' id='word_1_585' title='bbox 3415 3811 3584 3869; x_wconf 88' lang='lat' dir='ltr'><strong>misso</strong></span> <span class='ocrx_word' id='word_1_586' title='bbox 3600 3811 3672 3864; x_wconf 89' lang='lat' dir='ltr'><strong>ad</strong></span> 
     </span>
    </p>
   </div>
   <div class='ocr_carea' id='block_1_85' title="bbox 2094 3901 3673 3973">
    <p class='ocr_par' dir='ltr' id='par_1_85' title="bbox 2094 3901 3673 3973">
     <span class='ocr_line' id='line_1_85' title="bbox 2094 3901 3673 3973; baseline -0.002 -15"><span class='ocrx_word' id='word_1_587' title='bbox 2094 3919 2179 3960; x_wconf 92' lang='lat' dir='ltr'><strong>me</strong></span> <span class='ocrx_word' id='word_1_588' title='bbox 2223 3904 2578 3959; x_wconf 89' lang='lat' dir='ltr'><strong>devotissimo</strong></span> <span class='ocrx_word' id='word_1_589' title='bbox 2612 3904 2934 3973; x_wconf 87' lang='lat' dir='ltr'><strong>Euphronio</strong></span> <span class='ocrx_word' id='word_1_590' title='bbox 2967 3903 3341 3973; x_wconf 90' lang='lat' dir='ltr'><strong>magistriano,</strong></span> <span class='ocrx_word' id='word_1_591' title='bbox 3372 3901 3673 3972; x_wconf 83' lang='lat' dir='ltr'><strong>ﬂagitasse,</strong></span> 
     </span>
    </p>
   </div>
   <div class='ocr_carea' id='block_1_86' title="bbox 2095 3993 3677 4065">
    <p class='ocr_par' dir='ltr' id='par_1_86' title="bbox 2095 3993 3677 4065">
     <span class='ocr_line' id='line_1_86' title="bbox 2095 3993 3677 4065; baseline -0.004 -13"><span class='ocrx_word' id='word_1_592' title='bbox 2095 4004 2157 4052; x_wconf 90' lang='lat' dir='ltr'><strong>ut</strong></span> <span class='ocrx_word' id='word_1_593' title='bbox 2198 3996 2407 4065; x_wconf 89' lang='lat' dir='ltr'><strong>scripto</strong></span> <span class='ocrx_word' id='word_1_594' title='bbox 2434 3995 2749 4059; x_wconf 87' lang='lat' dir='ltr'><strong>conﬁterer,</strong></span> <span class='ocrx_word' id='word_1_595' title='bbox 2782 3995 3058 4051; x_wconf 79' lang='lat' dir='ltr'><strong>exhibitas</strong></span> <span class='ocrx_word' id='word_1_596' title='bbox 3076 3995 3213 4049; x_wconf 90' lang='lat' dir='ltr'><strong>mihi</strong></span> <span class='ocrx_word' id='word_1_597' title='bbox 3238 3993 3418 4065; x_wconf 87' lang='lat' dir='ltr'><strong>regias</strong></span> <span class='ocrx_word' id='word_1_598' title='bbox 3455 3994 3677 4048; x_wconf 73' lang='lat' dir='ltr'><strong>litteras</strong></span> 
     </span>
    </p>
   </div>
   <div class='ocr_carea' id='block_1_87' title="bbox 2093 4085 3676 4159">
    <p class='ocr_par' dir='ltr' id='par_1_87' title="bbox 2093 4085 3676 4159">
     <span class='ocr_line' id='line_1_87' title="bbox 2093 4085 3676 4159; baseline -0.003 -16"><span class='ocrx_word' id='word_1_599' title='bbox 2093 4087 2284 4143; x_wconf 85' lang='lat' dir='ltr'><strong>fuisse.</strong></span> <span class='ocrx_word' id='word_1_600' title='bbox 2312 4088 2426 4159; x_wconf 86' lang='lat' dir='ltr'><strong>Ego</strong></span> <span class='ocrx_word' id='word_1_601' title='bbox 2472 4104 2605 4142; x_wconf 86' lang='lat' dir='ltr'><strong>vero</strong></span> <span class='ocrx_word' id='word_1_602' title='bbox 2663 4089 2768 4144; x_wconf 88' lang='lat' dir='ltr'><strong>hoc</strong></span> <span class='ocrx_word' id='word_1_603' title='bbox 2813 4088 2979 4143; x_wconf 88' lang='lat' dir='ltr'><strong>etiam</strong></span> <span class='ocrx_word' id='word_1_604' title='bbox 3039 4087 3173 4151; x_wconf 86' lang='lat' dir='ltr'><strong>feci,</strong></span> <span class='ocrx_word' id='word_1_605' title='bbox 3204 4094 3260 4141; x_wconf 90' lang='lat' dir='ltr'><strong>et</strong></span> <span class='ocrx_word' id='word_1_606' title='bbox 3302 4085 3531 4156; x_wconf 90' lang='lat' dir='ltr'><strong>promisi</strong></span> <span class='ocrx_word' id='word_1_607' title='bbox 3583 4100 3676 4139; x_wconf 89' lang='lat' dir='ltr'><strong>me</strong></span> 
     </span>
    </p>
   </div>
   <div class='ocr_carea' id='block_1_88' title="bbox 2094 4178 3677 4250">
    <p class='ocr_par' dir='ltr' id='par_1_88' title="bbox 2094 4178 3677 4250">
     <span class='ocr_line' id='line_1_88' title="bbox 2094 4178 3677 4250; baseline -0.003 -16"><span class='ocrx_word' id='word_1_608' title='bbox 2094 4180 2239 4249; x_wconf 87' lang='lat' dir='ltr'><strong>apud</strong></span> <span class='ocrx_word' id='word_1_609' title='bbox 2285 4178 2488 4250; x_wconf 83' lang='lat' dir='ltr'><strong>Cyrum</strong></span> <span class='ocrx_word' id='word_1_610' title='bbox 2529 4187 2586 4233; x_wconf 90' lang='lat' dir='ltr'><strong>et</strong></span> <span class='ocrx_word' id='word_1_611' title='bbox 2626 4180 2683 4233; x_wconf 89' lang='lat' dir='ltr'><strong>in</strong></span> <span class='ocrx_word' id='word_1_612' title='bbox 2728 4179 2832 4233; x_wconf 89' lang='lat' dir='ltr'><strong>hac</strong></span> <span class='ocrx_word' id='word_1_613' title='bbox 2863 4179 3084 4248; x_wconf 82' lang='lat' dir='ltr'><strong>regione</strong></span> <span class='ocrx_word' id='word_1_614' title='bbox 3137 4190 3582 4248; x_wconf 88' lang='lat' dir='ltr'><strong>permansurum,</strong></span> <span class='ocrx_word' id='word_1_615' title='bbox 3615 4186 3677 4230; x_wconf 89' lang='lat' dir='ltr'><strong>et</strong></span> 
     </span>
    </p>
   </div>
   <div class='ocr_carea' id='block_1_89' title="bbox 2095 4267 3678 4342">
    <p class='ocr_par' dir='ltr' id='par_1_89' title="bbox 2095 4267 3678 4342">
     <span class='ocr_line' id='line_1_89' title="bbox 2095 4267 3678 4342; baseline -0.004 -17"><span class='ocrx_word' id='word_1_616' title='bbox 2095 4270 2370 4341; x_wconf 89' lang='lat' dir='ltr'><strong>pascendo</strong></span> <span class='ocrx_word' id='word_1_617' title='bbox 2401 4270 2554 4342; x_wconf 87' lang='lat' dir='ltr'><strong>gregi</strong></span> <span class='ocrx_word' id='word_1_618' title='bbox 2605 4269 2743 4325; x_wconf 89' lang='lat' dir='ltr'><strong>mihi</strong></span> <span class='ocrx_word' id='word_1_619' title='bbox 2794 4270 3086 4325; x_wconf 85' lang='lat' dir='ltr'><strong>commisso</strong></span> <span class='ocrx_word' id='word_1_620' title='bbox 3128 4268 3485 4323; x_wconf 66' lang='lat' dir='ltr'><strong>inhaesurum.</strong></span> <span class='ocrx_word' id='word_1_621' title='bbox 3520 4267 3678 4336; x_wconf 80' lang='lat' dir='ltr'><strong>Rogo</strong></span> 
     </span>
    </p>
   </div>
   <div class='ocr_carea' id='block_1_90' title="bbox 2098 4358 3676 4433">
    <p class='ocr_par' dir='ltr' id='par_1_90' title="bbox 2098 4358 3676 4433">
     <span class='ocr_line' id='line_1_90' title="bbox 2098 4358 3676 4433; baseline -0.002 -18"><span class='ocrx_word' id='word_1_622' title='bbox 2098 4361 2285 4431; x_wconf 81' lang='lat' dir='ltr'><strong>itaque</strong></span> <span class='ocrx_word' id='word_1_623' title='bbox 2310 4360 2776 4433; x_wconf 88' lang='lat' dir='ltr'><strong>magniﬁcentiam</strong></span> <span class='ocrx_word' id='word_1_624' title='bbox 2805 4369 2974 4424; x_wconf 90' lang='lat' dir='ltr'><strong>tuam,</strong></span> <span class='ocrx_word' id='word_1_625' title='bbox 3019 4369 3274 4415; x_wconf 87' lang='lat' dir='ltr'><strong>accurate</strong></span> <span class='ocrx_word' id='word_1_626' title='bbox 3305 4367 3366 4411; x_wconf 89' lang='lat' dir='ltr'><strong>ut</strong></span> <span class='ocrx_word' id='word_1_627' title='bbox 3392 4358 3676 4428; x_wconf 84' lang='lat' dir='ltr'><strong>exquirat,</strong></span> 
     </span>
    </p>
   </div>
   <div class='ocr_carea' id='block_1_91' title="bbox 486 4448 3676 4525">
    <p class='ocr_par' dir='ltr' id='par_1_91' title="bbox 486 4448 3676 4525">
     <span class='ocr_line' id='line_1_91' title="bbox 486 4448 3676 4525; baseline 0 -21"><span class='ocrx_word' id='word_1_628' title='bbox 486 4448 552 4504; x_wconf 87' lang='lat' dir='ltr'><strong>V.</strong></span> <span class='ocrx_word' id='word_1_629' title='bbox 587 4448 738 4505; x_wconf 84' lang='lat' dir='ltr'><strong>Fecit</strong></span> <span class='ocrx_word' id='word_1_630' title='bbox 763 4449 855 4504; x_wconf 87' lang='lat' dir='ltr'><strong>illa</strong></span> <span class='ocrx_word' id='word_1_631' title='bbox 888 4457 1006 4504; x_wconf 89' lang='lat' dir='ltr'><strong>tum</strong></span> <span class='ocrx_word' id='word_1_632' title='bbox 1031 4449 1281 4519; x_wconf 86' lang='lat' dir='ltr'><strong>epistola,</strong></span> <span class='ocrx_word' id='word_1_633' title='bbox 1315 4465 1438 4520; x_wconf 81' lang='lat' dir='ltr'><strong>quae</strong></span> <span class='ocrx_word' id='word_1_634' title='bbox 1474 4448 1630 4520; x_wconf 79' lang='lat'><strong>175</strong></span> <span class='ocrx_word' id='word_1_635' title='bbox 1655 4450 1820 4520; x_wconf 87' lang='lat' dir='ltr'><strong>vulgo</strong></span> <span class='ocrx_word' id='word_1_636' title='bbox 1839 4449 1990 4506; x_wconf 90' lang='lat' dir='ltr'><strong>edita</strong></span> <span class='ocrx_word' id='word_1_637' title='bbox 2025 4471 2066 4525; x_wconf 80' lang='grc' dir='ltr'><strong>ι)</strong></span> <span class='ocrx_word' id='word_1_638' title='bbox 2094 4464 2163 4509; x_wconf 89' lang='lat' dir='ltr'><strong>et-</strong></span> <span class='ocrx_word' id='word_1_639' title='bbox 2181 4469 2249 4509; x_wconf 93' lang='lat' dir='ltr'><strong>an</strong></span> <span class='ocrx_word' id='word_1_640' title='bbox 2268 4470 2399 4510; x_wconf 91' lang='lat' dir='ltr'><strong>vere</strong></span> <span class='ocrx_word' id='word_1_641' title='bbox 2432 4454 2551 4510; x_wconf 71' lang='lat' dir='ltr'><strong>haec</strong></span> <span class='ocrx_word' id='word_1_642' title='bbox 2578 4454 2651 4509; x_wconf 89' lang='lat' dir='ltr'><strong>ita</strong></span> <span class='ocrx_word' id='word_1_643' title='bbox 2681 4453 2946 4523; x_wconf 90' lang='lat' dir='ltr'><strong>imperata</strong></span> <span class='ocrx_word' id='word_1_644' title='bbox 2983 4452 3126 4516; x_wconf 89' lang='lat' dir='ltr'><strong>sint,</strong></span> <span class='ocrx_word' id='word_1_645' title='bbox 3163 4457 3220 4507; x_wconf 90' lang='lat' dir='ltr'><strong>et</strong></span> <span class='ocrx_word' id='word_1_646' title='bbox 3242 4465 3404 4520; x_wconf 87' lang='lat' dir='ltr'><strong>quam</strong></span> <span class='ocrx_word' id='word_1_647' title='bbox 3438 4448 3511 4504; x_wconf 92' lang='lat' dir='ltr'><strong>ob</strong></span> <span class='ocrx_word' id='word_1_648' title='bbox 3539 4464 3676 4504; x_wconf 88' lang='lat' dir='ltr'><strong>cau-</strong></span> 
     </span>
    </p>
   </div>
   <div class='ocr_carea' id='block_1_92' title="bbox 413 4539 1994 4610">
    <p class='ocr_par' dir='ltr' id='par_1_92' title="bbox 413 4539 1994 4610">
     <span class='ocr_line' id='line_1_92' title="bbox 413 4539 1994 4610; baseline -0.001 -14"><span class='ocrx_word' id='word_1_649' title='bbox 413 4550 528 4607; x_wconf 78' lang='lat' dir='ltr'><strong>eat;</strong></span> <span class='ocrx_word' id='word_1_650' title='bbox 567 4550 682 4596; x_wconf 92' lang='lat' dir='ltr'><strong>tum</strong></span> <span class='ocrx_word' id='word_1_651' title='bbox 715 4542 932 4607; x_wconf 90' lang='lat' dir='ltr'><strong>concio,</strong></span> <span class='ocrx_word' id='word_1_652' title='bbox 968 4556 1092 4610; x_wconf 72' lang='lat' dir='ltr'><strong>quae</strong></span> <span class='ocrx_word' id='word_1_653' title='bbox 1127 4540 1196 4596; x_wconf 90' lang='lat' dir='ltr'><strong>ad</strong></span> <span class='ocrx_word' id='word_1_654' title='bbox 1227 4542 1553 4596; x_wconf 89' lang='lat' dir='ltr'><strong>immensam</strong></span> <span class='ocrx_word' id='word_1_655' title='bbox 1579 4539 1648 4595; x_wconf 90' lang='lat' dir='ltr'><strong>de</strong></span> <span class='ocrx_word' id='word_1_656' title='bbox 1671 4555 1823 4595; x_wconf 91' lang='lat' dir='ltr'><strong>more</strong></span> <span class='ocrx_word' id='word_1_657' title='bbox 1852 4540 1994 4595; x_wconf 92' lang='lat' dir='ltr'><strong>mul-</strong></span> 
     </span>
    </p>
   </div>
   <div class='ocr_carea' id='block_1_93' title="bbox 417 4631 1992 4701">
    <p class='ocr_par' dir='ltr' id='par_1_93' title="bbox 417 4631 1992 4701">
     <span class='ocr_line' id='line_1_93' title="bbox 417 4631 1992 4701; baseline 0.001 -16"><span class='ocrx_word' id='word_1_658' title='bbox 417 4631 708 4688; x_wconf 88' lang='lat' dir='ltr'><strong>titudinem</strong></span> <span class='ocrx_word' id='word_1_659' title='bbox 750 4633 969 4700; x_wconf 89' lang='lat' dir='ltr'><strong>habita,</strong></span> <span class='ocrx_word' id='word_1_660' title='bbox 1024 4641 1086 4689; x_wconf 91' lang='lat' dir='ltr'><strong>ut</strong></span> <span class='ocrx_word' id='word_1_661' title='bbox 1124 4631 1505 4689; x_wconf 87' lang='lat' dir='ltr'><strong>Theodoretus</strong></span> <span class='ocrx_word' id='word_1_662' title='bbox 1540 4631 1594 4686; x_wconf 90' lang='lat' dir='ltr'><strong>in</strong></span> <span class='ocrx_word' id='word_1_663' title='bbox 1626 4631 1992 4701; x_wconf 88' lang='lat' dir='ltr'><strong>suspicionem</strong></span> 
     </span>
    </p>
   </div>
   <div class='ocr_carea' id='block_1_94' title="bbox 419 4723 1995 4793">
    <p class='ocr_par' dir='ltr' id='par_1_94' title="bbox 419 4723 1995 4793">
     <span class='ocr_line' id='line_1_94' title="bbox 419 4723 1995 4793; baseline 0.003 -17"><span class='ocrx_word' id='word_1_664' title='bbox 419 4726 798 4782; x_wconf 88' lang='lat' dir='ltr'><strong>consensionis</strong></span> <span class='ocrx_word' id='word_1_665' title='bbox 825 4742 951 4782; x_wconf 92' lang='lat' dir='ltr'><strong>cum</strong></span> <span class='ocrx_word' id='word_1_666' title='bbox 982 4724 1240 4782; x_wconf 87' lang='lat' dir='ltr'><strong>Nestorio</strong></span> <span class='ocrx_word' id='word_1_667' title='bbox 1267 4725 1503 4788; x_wconf 90' lang='lat' dir='ltr'><strong>venerit,</strong></span> <span class='ocrx_word' id='word_1_668' title='bbox 1535 4724 1692 4793; x_wconf 88' lang='lat' dir='ltr'><strong>quasi</strong></span> <span class='ocrx_word' id='word_1_669' title='bbox 1723 4723 1995 4780; x_wconf 88' lang='lat' dir='ltr'><strong>divideret</strong></span> 
     </span>
    </p>
   </div>
   <div class='ocr_carea' id='block_1_95' title="bbox 416 4808 1993 4889">
    <p class='ocr_par' dir='ltr' id='par_1_95' title="bbox 416 4808 1993 4889">
     <span class='ocr_line' id='line_1_95' title="bbox 416 4808 1993 4889; baseline 0.003 -19"><span class='ocrx_word' id='word_1_670' title='bbox 416 4815 699 4870; x_wconf 86' lang='lat' dir='ltr'><strong>Christum</strong></span> <span class='ocrx_word' id='word_1_671' title='bbox 726 4808 792 4871; x_wconf 60' lang='lat' dir='ltr'><strong>in&#39;</strong></span> <span class='ocrx_word' id='word_1_672' title='bbox 805 4818 944 4874; x_wconf 89' lang='lat' dir='ltr'><strong>duos</strong></span> <span class='ocrx_word' id='word_1_673' title='bbox 970 4819 1135 4883; x_wconf 85' lang='lat' dir='ltr'><strong>ﬁlios,</strong></span> <span class='ocrx_word' id='word_1_674' title='bbox 1161 4832 1397 4889; x_wconf 90' lang='lat' dir='ltr'><strong>quorum</strong></span> <span class='ocrx_word' id='word_1_675' title='bbox 1424 4816 1563 4871; x_wconf 87' lang='lat' dir='ltr'><strong>alter</strong></span> <span class='ocrx_word' id='word_1_676' title='bbox 1586 4815 1658 4870; x_wconf 88' lang='lat' dir='ltr'><strong>sit</strong></span> <span class='ocrx_word' id='word_1_677' title='bbox 1675 4815 1993 4882; x_wconf 84' lang='lat' dir='ltr'><strong>cruciﬁxus,</strong></span> 
     </span>
    </p>
   </div>
   <div class='ocr_carea' id='block_1_96' title="bbox 417 4906 1993 4979">
    <p class='ocr_par' dir='ltr' id='par_1_96' title="bbox 417 4906 1993 4979">
     <span class='ocr_line' id='line_1_96' title="bbox 417 4906 1993 4979; baseline 0.002 -19"><span class='ocrx_word' id='word_1_678' title='bbox 417 4906 560 4961; x_wconf 83' lang='lat' dir='ltr'><strong>alter</strong></span> <span class='ocrx_word' id='word_1_679' title='bbox 609 4916 891 4965; x_wconf 89' lang='lat' dir='ltr'><strong>mortuum</strong></span> <span class='ocrx_word' id='word_1_680' title='bbox 930 4910 1295 4966; x_wconf 79' lang='lat' dir='ltr'><strong>Suscitaverit.</strong></span> <span class='ocrx_word' id='word_1_681' title='bbox 1326 4908 1487 4979; x_wconf 23' lang='lat' dir='ltr'><strong>[Fecit</strong></span> <span class='ocrx_word' id='word_1_682' title='bbox 1527 4907 1695 4964; x_wconf 84' lang='lat' dir='ltr'><strong>etiam</strong></span> <span class='ocrx_word' id='word_1_683' title='bbox 1738 4916 1802 4963; x_wconf 91' lang='lat' dir='ltr'><strong>ut</strong></span> <span class='ocrx_word' id='word_1_684' title='bbox 1846 4908 1993 4978; x_wconf 89' lang='lat' dir='ltr'><strong>apud</strong></span> 
     </span>
    </p>
   </div>
   <div class='ocr_carea' id='block_1_97' title="bbox 421 4996 1989 5070">
    <p class='ocr_par' dir='ltr' id='par_1_97' title="bbox 421 4996 1989 5070">
     <span class='ocr_line' id='line_1_97' title="bbox 421 4996 1989 5070; baseline 0.001 -19"><span class='ocrx_word' id='word_1_685' title='bbox 421 4996 808 5065; x_wconf 72' lang='lat' dir='ltr'><strong>imperatorem</strong></span> <span class='ocrx_word' id='word_1_686' title='bbox 832 4998 1130 5069; x_wconf 88' lang='lat' dir='ltr'><strong>impietatis</strong></span> <span class='ocrx_word' id='word_1_687' title='bbox 1156 5016 1220 5056; x_wconf 89' lang='lat' dir='ltr'><strong>ac</strong></span> <span class='ocrx_word' id='word_1_688' title='bbox 1241 4998 1530 5058; x_wconf 88' lang='lat' dir='ltr'><strong>seditionis</strong></span> <span class='ocrx_word' id='word_1_689' title='bbox 1557 5013 1687 5054; x_wconf 90' lang='lat' dir='ltr'><strong>reus</strong></span> <span class='ocrx_word' id='word_1_690' title='bbox 1706 5006 1989 5070; x_wconf 86' lang='lat' dir='ltr'><strong>ageretur:</strong></span> 
     </span>
    </p>
   </div>
   <div class='ocr_carea' id='block_1_98' title="bbox 502 5147 1092 5219">
    <p class='ocr_par' dir='ltr' id='par_1_98' title="bbox 502 5147 1092 5219">
     <span class='ocr_line' id='line_1_98' title="bbox 502 5147 1092 5219; baseline 0.005 -16"><span class='ocrx_word' id='word_1_691' title='bbox 502 5147 519 5189; x_wconf 80' lang='grc' dir='ltr'>ι</span> <span class='ocrx_word' id='word_1_692' title='bbox 562 5147 719 5206; x_wconf 79' lang='lat' dir='ltr'><strong>Rom.</strong></span> <span class='ocrx_word' id='word_1_693' title='bbox 745 5167 858 5218; x_wconf 86' lang='lat' dir='ltr'><strong>vm,</strong></span> <span class='ocrx_word' id='word_1_694' title='bbox 887 5151 977 5219; x_wconf 77' lang='lat'><strong>58,</strong></span> <span class='ocrx_word' id='word_1_695' title='bbox 1003 5150 1092 5207; x_wconf 76' lang='lat'><strong>39.</strong></span> 
     </span>
    </p>
   </div>
   <div class='ocr_carea' id='block_1_99' title="bbox 2097 4562 2290 4602">
    <p class='ocr_par' dir='ltr' id='par_1_99' title="bbox 2097 4562 2290 4602">
     <span class='ocr_line' id='line_1_99' title="bbox 2097 4562 2290 4602; baseline -0.016 0"><span class='ocrx_word' id='word_1_696' title='bbox 2097 4562 2233 4602; x_wconf 88' lang='lat' dir='ltr'><strong>sam.</strong></span> <span class='ocrx_word' id='word_1_697' title='bbox 2272 4565 2290 4599; x_wconf 69' lang='grc' dir='ltr'><strong>ι</strong></span> 
     </span>
    </p>
   </div>
   <div class='ocr_carea' id='block_1_100' title="bbox 2175 4630 3678 4707">
    <p class='ocr_par' dir='ltr' id='par_1_100' title="bbox 2175 4630 3678 4707">
     <span class='ocr_line' id='line_1_100' title="bbox 2175 4630 3678 4707; baseline -0.007 -12"><span class='ocrx_word' id='word_1_698' title='bbox 2175 4636 2335 4707; x_wconf 75' lang='grc'><strong>176</strong></span> <span class='ocrx_word' id='word_1_699' title='bbox 2356 4636 2528 4702; x_wconf 86' lang='lat' dir='ltr'><strong>Quale</strong></span> <span class='ocrx_word' id='word_1_700' title='bbox 2566 4650 2699 4691; x_wconf 88' lang='lat' dir='ltr'><strong>vero</strong></span> <span class='ocrx_word' id='word_1_701' title='bbox 2727 4632 3259 4704; x_wconf 85' lang='lat' dir='ltr'><strong>fuerit,quibusque</strong></span> <span class='ocrx_word' id='word_1_702' title='bbox 3302 4630 3487 4686; x_wconf 89' lang='lat' dir='ltr'><strong>verbis</strong></span> <span class='ocrx_word' id='word_1_703' title='bbox 3532 4632 3678 4686; x_wconf 88' lang='lat' dir='ltr'><strong>scri-</strong></span> 
     </span>
    </p>
   </div>
   <div class='ocr_carea' id='block_1_101' title="bbox 2100 4720 3681 4797">
    <p class='ocr_par' dir='ltr' id='par_1_101' title="bbox 2100 4720 3681 4797">
     <span class='ocr_line' id='line_1_101' title="bbox 2100 4720 3681 4797; baseline -0.004 -16"><span class='ocrx_word' id='word_1_704' title='bbox 2100 4734 2279 4797; x_wconf 90' lang='lat' dir='ltr'><strong>ptum,</strong></span> <span class='ocrx_word' id='word_1_705' title='bbox 2321 4726 2503 4796; x_wconf 89' lang='lat' dir='ltr'><strong>legere</strong></span> <span class='ocrx_word' id='word_1_706' title='bbox 2559 4725 2688 4780; x_wconf 88' lang='lat' dir='ltr'><strong>licet</strong></span> <span class='ocrx_word' id='word_1_707' title='bbox 2740 4724 2796 4779; x_wconf 89' lang='lat' dir='ltr'><strong>in</strong></span> <span class='ocrx_word' id='word_1_708' title='bbox 2850 4724 3084 4793; x_wconf 87' lang='lat' dir='ltr'><strong>epistola</strong></span> <span class='ocrx_word' id='word_1_709' title='bbox 3129 4722 3198 4777; x_wconf 87' lang='lat' dir='ltr'><strong>ad</strong></span> <span class='ocrx_word' id='word_1_710' title='bbox 3243 4720 3603 4776; x_wconf 88' lang='lat' dir='ltr'><strong>Eutrechinm</strong></span> <span class='ocrx_word' id='word_1_711' title='bbox 3630 4722 3681 4753; x_wconf 73' lang='grc'><strong>⁸⁸</strong></span> 
     </span>
    </p>
   </div>
   <div class='ocr_carea' id='block_1_102' title="bbox 2101 4810 3679 4887">
    <p class='ocr_par' dir='ltr' id='par_1_102' title="bbox 2101 4810 3679 4887">
     <span class='ocr_line' id='line_1_102' title="bbox 2101 4810 3679 4887; baseline -0.006 -15"><span class='ocrx_word' id='word_1_712' title='bbox 2101 4816 2438 4887; x_wconf 66' lang='lat' dir='ltr'><strong>pmfectum.</strong></span> <span class='ocrx_word' id='word_1_713' title='bbox 2473 4834 2491 4867; x_wconf 74' lang='grc' dir='ltr'>ι</span> <span class='ocrx_word' id='word_1_714' title='bbox 2520 4815 2766 4886; x_wconf 83' lang='lat' dir='ltr'><strong>Relegati</strong></span> <span class='ocrx_word' id='word_1_715' title='bbox 2792 4830 2856 4869; x_wconf 87' lang='lat' dir='ltr'><strong>ac</strong></span> <span class='ocrx_word' id='word_1_716' title='bbox 2878 4811 3279 4882; x_wconf 89' lang='lat' dir='ltr'><strong>circumscripti</strong></span> <span class='ocrx_word' id='word_1_717' title='bbox 3301 4810 3443 4883; x_wconf 81' lang='lat' dir='ltr'><strong>Cyro</strong></span> <span class='ocrx_word' id='word_1_718' title='bbox 3462 4826 3679 4870; x_wconf 85' lang='lat' dir='ltr'><strong>sumus.</strong></span> 
     </span>
    </p>
   </div>
   <div class='ocr_carea' id='block_1_103' title="bbox 2101 4901 3682 4972">
    <p class='ocr_par' dir='ltr' id='par_1_103' title="bbox 2101 4901 3682 4972">
     <span class='ocr_line' id='line_1_103' title="bbox 2101 4901 3682 4972; baseline -0.004 -11"><span class='ocrx_word' id='word_1_719' title='bbox 2101 4906 2146 4961; x_wconf 91' lang='lat' dir='ltr'><strong>si</strong></span> <span class='ocrx_word' id='word_1_720' title='bbox 2176 4922 2365 4962; x_wconf 90' lang='lat' dir='ltr'><strong>verum</strong></span> <span class='ocrx_word' id='word_1_721' title='bbox 2400 4914 2483 4961; x_wconf 90' lang='lat' dir='ltr'><strong>est</strong></span> <span class='ocrx_word' id='word_1_722' title='bbox 2518 4905 3018 4969; x_wconf 89' lang='lat' dir='ltr'><strong>commonitorium,</strong></span> <span class='ocrx_word' id='word_1_723' title='bbox 3045 4902 3192 4972; x_wconf 91' lang='lat' dir='ltr'><strong>quod</strong></span> <span class='ocrx_word' id='word_1_724' title='bbox 3232 4901 3460 4956; x_wconf 85' lang='lat' dir='ltr'><strong>victoris</strong></span> <span class='ocrx_word' id='word_1_725' title='bbox 3504 4901 3682 4970; x_wconf 85' lang='lat' dir='ltr'><strong>ipsius</strong></span> 
     </span>
    </p>
   </div>
   <div class='ocr_carea' id='block_1_104' title="bbox 2100 4991 3676 5069">
    <p class='ocr_par' dir='ltr' id='par_1_104' title="bbox 2100 4991 3676 5069">
     <span class='ocr_line' id='line_1_104' title="bbox 2100 4991 3676 5069; baseline -0.003 -16"><span class='ocrx_word' id='word_1_726' title='bbox 2100 4997 2332 5069; x_wconf 81' lang='lat' dir='ltr'><strong>Augusti</strong></span> <span class='ocrx_word' id='word_1_727' title='bbox 2373 5013 2538 5054; x_wconf 90' lang='lat' dir='ltr'><strong>manu</strong></span> <span class='ocrx_word' id='word_1_728' title='bbox 2580 4996 2845 5068; x_wconf 88' lang='lat' dir='ltr'><strong>scriptum</strong></span> <span class='ocrx_word' id='word_1_729' title='bbox 2898 4994 3100 5059; x_wconf 85' lang='lat' dir='ltr'><strong>ferunt,</strong></span> <span class='ocrx_word' id='word_1_730' title='bbox 3138 5002 3195 5051; x_wconf 90' lang='lat' dir='ltr'><strong>et</strong></span> <span class='ocrx_word' id='word_1_731' title='bbox 3238 4994 3313 5048; x_wconf 88' lang='lat' dir='ltr'><strong>ita</strong></span> <span class='ocrx_word' id='word_1_732' title='bbox 3360 5008 3419 5049; x_wconf 91' lang='lat' dir='ltr'><strong>se</strong></span> <span class='ocrx_word' id='word_1_733' title='bbox 3465 4991 3676 5048; x_wconf 89' lang='lat' dir='ltr'><strong>habet:</strong></span> 
     </span>
    </p>
   </div>
   <div class='ocr_carea' id='block_1_105' title="bbox 1767 5266 2348 5325">
    <p class='ocr_par' dir='ltr' id='par_1_105' title="bbox 1767 5266 2348 5325">
     <span class='ocr_line' id='line_1_105' title="bbox 1767 5266 2348 5325; baseline -0.007 0"><span class='ocrx_word' id='word_1_734' title='bbox 1767 5267 2082 5325; x_wconf 84' lang='lat' dir='ltr'><strong>SCHULle</strong></span> <span class='ocrx_word' id='word_1_735' title='bbox 2121 5266 2348 5323; x_wconf 65' lang='lat' dir='ltr'><strong>NOTxE.</strong></span> 
     </span>
    </p>
   </div>
   <div class='ocr_carea' id='block_1_106' title="bbox 496 5375 3681 5455">
    <p class='ocr_par' dir='ltr' id='par_1_106' title="bbox 496 5375 3681 5455">
     <span class='ocr_line' id='line_1_106' title="bbox 496 5375 3681 5455; baseline -0.003 -18"><span class='ocrx_word' id='word_1_736' title='bbox 496 5380 540 5413; x_wconf 82' lang='lat'>&quot;</span> <span class='ocrx_word' id='word_1_737' title='bbox 562 5380 782 5455; x_wconf 64' lang='lat' dir='ltr'><strong>Dorsuo.</strong></span> <span class='ocrx_word' id='word_1_738' title='bbox 818 5383 923 5455; x_wconf 18' lang='lat' dir='ltr'><strong>AAd</strong></span> <span class='ocrx_word' id='word_1_739' title='bbox 981 5382 1247 5455; x_wconf 84' lang='lat' dir='ltr'><strong>Joannem</strong></span> <span class='ocrx_word' id='word_1_740' title='bbox 1294 5384 1693 5455; x_wconf 79' lang='lat' dir='ltr'><strong>Antiochenum</strong></span> <span class='ocrx_word' id='word_1_741' title='bbox 1764 5388 1947 5455; x_wconf 85' lang='lat' dir='ltr'><strong>potius</strong></span> <span class='ocrx_word' id='word_1_742' title='bbox 2006 5386 2148 5439; x_wconf 87' lang='lat' dir='ltr'><strong>hanc</strong></span> <span class='ocrx_word' id='word_1_743' title='bbox 2206 5379 2813 5455; x_wconf 25' lang='lat' dir='ltr'><strong>epistolam‘scripsisse</strong></span> <span class='ocrx_word' id='word_1_744' title='bbox 2864 5377 3276 5455; x_wconf 45' lang='lat' dir='ltr'><strong>dicitupMCum</strong></span> <span class='ocrx_word' id='word_1_745' title='bbox 3328 5385 3514 5455; x_wconf 80' lang='lat' dir='ltr'><strong>autem</strong></span> 
     </span>
    </p>
   </div>
   <div class='ocr_carea' id='block_1_107' title="bbox 424 5445 3678 5524">
    <p class='ocr_par' dir='ltr' id='par_1_107' title="bbox 424 5445 3678 5524">
     <span class='ocr_line' id='line_1_107' title="bbox 424 5445 3678 5524; baseline -0.002 -19"><span class='ocrx_word' id='word_1_746' title='bbox 424 5451 706 5524; x_wconf 75' lang='lat' dir='ltr'><strong>inscriptio</strong></span> <span class='ocrx_word' id='word_1_747' title='bbox 730 5453 861 5524; x_wconf 67' lang='lat' dir='ltr'><strong>satis</strong></span> <span class='ocrx_word' id='word_1_748' title='bbox 880 5461 1067 5524; x_wconf 86' lang='lat' dir='ltr'><strong>aperte</strong></span> <span class='ocrx_word' id='word_1_749' title='bbox 1090 5454 1283 5523; x_wconf 80' lang='lat' dir='ltr'><strong>prodat</strong></span> <span class='ocrx_word' id='word_1_750' title='bbox 1307 5454 1513 5507; x_wconf 79' lang='grc' dir='ltr'><strong>νοθείαν</strong></span> <span class='ocrx_word' id='word_1_751' title='bbox 1536 5455 1697 5524; x_wconf 84' lang='lat' dir='ltr'><strong>hujus</strong></span> <span class='ocrx_word' id='word_1_752' title='bbox 1726 5445 1988 5524; x_wconf 74' lang='lat' dir='ltr'><strong>epistolae,</strong></span> <span class='ocrx_word' id='word_1_753' title='bbox 2012 5445 2307 5510; x_wconf 76' lang='lat' dir='ltr'><strong>Carnerius</strong></span> <span class='ocrx_word' id='word_1_754' title='bbox 2338 5451 2621 5506; x_wconf 88' lang='lat' dir='ltr'><strong>substituit</strong></span> <span class='ocrx_word' id='word_1_755' title='bbox 2642 5445 3074 5524; x_wconf 42' lang='lat' dir='ltr'><strong>nomenADomni.</strong></span> <span class='ocrx_word' id='word_1_756' title='bbox 3097 5447 3281 5500; x_wconf 79' lang='lat' dir='ltr'><strong>Exstat</strong></span> <span class='ocrx_word' id='word_1_757' title='bbox 3305 5446 3532 5521; x_wconf 72' lang='lat' dir='ltr'><strong>epistola</strong></span> <span class='ocrx_word' id='word_1_758' title='bbox 3564 5445 3678 5505; x_wconf 80' lang='lat' dir='ltr'><strong>illa,</strong></span> 
     </span>
    </p>
   </div>
   <div class='ocr_carea' id='block_1_108' title="bbox 428 5517 2960 5595">
    <p class='ocr_par' dir='ltr' id='par_1_108' title="bbox 428 5517 2960 5595">
     <span class='ocr_line' id='line_1_108' title="bbox 428 5517 2960 5595; baseline -0.001 -23"><span class='ocrx_word' id='word_1_759' title='bbox 428 5529 470 5573; x_wconf 86' lang='lat' dir='ltr'><strong>t.</strong></span> <span class='ocrx_word' id='word_1_760' title='bbox 503 5517 678 5595; x_wconf 47' lang='lat' dir='ltr'><strong>IV,_p.</strong></span> <span class='ocrx_word' id='word_1_761' title='bbox 721 5522 886 5595; x_wconf 62' lang='lat'><strong>1362.</strong></span> <span class='ocrx_word' id='word_1_762' title='bbox 914 5517 930 5523; x_wconf 72' lang='grc'><em>’</em></span> <span class='ocrx_word' id='word_1_763' title='bbox 952 5523 998 5555; x_wconf 86' lang='grc'><strong>⁷⁷</strong></span> <span class='ocrx_word' id='word_1_764' title='bbox 1037 5517 1301 5595; x_wconf 61' lang='lat' dir='ltr'><strong>Epistolis</strong></span> <span class='ocrx_word' id='word_1_765' title='bbox 1336 5539 1538 5595; x_wconf 71' lang='lat' dir='ltr'><strong>parem.</strong></span> <span class='ocrx_word' id='word_1_766' title='bbox 1575 5517 1830 5595; x_wconf 57' lang='lat' dir='ltr'><strong>omnino,</strong></span> <span class='ocrx_word' id='word_1_767' title='bbox 1856 5535 1973 5580; x_wconf 88' lang='lat' dir='ltr'><strong>tum</strong></span> <span class='ocrx_word' id='word_1_768' title='bbox 2006 5531 2360 5595; x_wconf 49' lang='lat' dir='ltr'><strong>argumento.</strong></span> <span class='ocrx_word' id='word_1_769' title='bbox 2408 5531 2525 5595; x_wconf 82' lang='lat' dir='ltr'><strong>tum</strong></span> <span class='ocrx_word' id='word_1_770' title='bbox 2576 5519 2774 5595; x_wconf 58' lang='lat' dir='ltr'><strong>voesigt.</strong></span> <span class='ocrx_word' id='word_1_771' title='bbox 2829 5517 2960 5595; x_wconf 63' lang='lat' dir='ltr'><strong>Qua;</strong></span> 
     </span>
    </p>
   </div>
   <div class='ocr_carea' id='block_1_109' title="bbox 3021 5525 3681 5584">
    <p class='ocr_par' dir='ltr' id='par_1_109' title="bbox 3021 5525 3681 5584">
     <span class='ocr_line' id='line_1_109' title="bbox 3021 5525 3681 5584; baseline -0.003 -14"><span class='ocrx_word' id='word_1_772' title='bbox 3021 5525 3327 5584; x_wconf 84' lang='lat' dir='ltr'><strong>sequuntur</strong></span> <span class='ocrx_word' id='word_1_773' title='bbox 3344 5555 3358 5577; x_wconf 90' lang='lat'><strong>,</strong></span> <span class='ocrx_word' id='word_1_774' title='bbox 3419 5530 3580 5583; x_wconf 69' lang='lat' dir='ltr'><strong>CXIH‘C</strong></span> <span class='ocrx_word' id='word_1_775' title='bbox 3590 5530 3681 5568; x_wconf 67' lang='lat'><strong>883</strong></span> 
     </span>
    </p>
   </div>
   <div class='ocr_carea' id='block_1_110' title="bbox 427 5584 3677 5664">
    <p class='ocr_par' dir='ltr' id='par_1_110' title="bbox 427 5584 3677 5664">
     <span class='ocr_line' id='line_1_110' title="bbox 427 5584 3677 5664; baseline -0.002 -21"><span class='ocrx_word' id='word_1_776' title='bbox 427 5584 728 5664; x_wconf 54' lang='lat' dir='ltr'><strong>suntju&#39;xta</strong></span> <span class='ocrx_word' id='word_1_777' title='bbox 748 5593 1053 5664; x_wconf 73' lang='lat' dir='ltr'><strong>versionem</strong></span> <span class='ocrx_word' id='word_1_778' title='bbox 1085 5584 1230 5648; x_wconf 81' lang='lat' dir='ltr'><strong>Marii</strong></span> <span class='ocrx_word' id='word_1_779' title='bbox 1256 5584 1593 5648; x_wconf 59' lang='lat' dir='ltr'><strong>Mc&#39;rcatoris.</strong></span> <span class='ocrx_word' id='word_1_780' title='bbox 1621 5594 1756 5648; x_wconf 88' lang='lat' dir='ltr'><strong>Vide</strong></span> <span class='ocrx_word' id='word_1_781' title='bbox 1785 5584 1971 5664; x_wconf 77' lang='lat' dir='ltr'><strong>supra,</strong></span> <span class='ocrx_word' id='word_1_782' title='bbox 1998 5610 2049 5664; x_wconf 87' lang='lat' dir='ltr'><strong>p.</strong></span> <span class='ocrx_word' id='word_1_783' title='bbox 2070 5584 2166 5648; x_wconf 52' lang='lat' dir='ltr'><strong>~in.</strong></span> <span class='ocrx_word' id='word_1_784' title='bbox 2245 5593 2289 5625; x_wconf 76' lang='grc'><strong>⁷⁸</strong></span> <span class='ocrx_word' id='word_1_785' title='bbox 2320 5590 2653 5664; x_wconf 78' lang='lat' dir='ltr'><strong>Crucif._est.</strong></span> <span class='ocrx_word' id='word_1_786' title='bbox 2691 5584 2813 5664; x_wconf 54' lang='lat' dir='ltr'><strong>Haec</strong></span> <span class='ocrx_word' id='word_1_787' title='bbox 2853 5585 3099 5664; x_wconf 60' lang='lat' dir='ltr'><strong>addenda</strong></span> <span class='ocrx_word' id='word_1_788' title='bbox 3155 5585 3395 5664; x_wconf 47' lang='lat' dir='ltr'><strong>fuerit-nt.</strong></span> <span class='ocrx_word' id='word_1_789' title='bbox 3437 5587 3520 5664; x_wconf 37' lang='grc'><strong>,⁷⁵</strong></span> <span class='ocrx_word' id='word_1_790' title='bbox 3553 5584 3677 5664; x_wconf 52' lang='lat' dir='ltr'><strong>yet.</strong></span> 
     </span>
    </p>
   </div>
   <div class='ocr_carea' id='block_1_111' title="bbox 428 5651 3678 5739">
    <p class='ocr_par' dir='ltr' id='par_1_111' title="bbox 428 5651 3678 5739">
     <span class='ocr_line' id='line_1_111' title="bbox 428 5651 3678 5739; baseline -0.003 -26"><span class='ocrx_word' id='word_1_791' title='bbox 428 5651 1007 5739; x_wconf 23' lang='lat' dir='ltr'><strong>quidemlﬂetcul’aulo</strong></span> <span class='ocrx_word' id='word_1_792' title='bbox 1034 5664 1322 5739; x_wconf 71' lang='lat' dir='ltr'><strong>aliterleg.</strong></span> <span class='ocrx_word' id='word_1_793' title='bbox 1360 5679 1545 5739; x_wconf 74' lang='lat' dir='ltr'><strong>supra,</strong></span> <span class='ocrx_word' id='word_1_794' title='bbox 1582 5665 1618 5719; x_wconf 92' lang='grc' dir='ltr'><strong>Ι.</strong></span> <span class='ocrx_word' id='word_1_795' title='bbox 1746 5734 1758 5739; x_wconf 88' lang='lat'><strong>_</strong></span> <span class='ocrx_word' id='word_1_796' title='bbox 1785 5651 2579 5739; x_wconf 42' lang='lat' dir='ltr'><strong>&quot;°lirqirit._Vid.__epist._32,</strong></span> <span class='ocrx_word' id='word_1_797' title='bbox 2643 5667 2684 5711; x_wconf 88' lang='lat' dir='ltr'><strong>t.</strong></span> <span class='ocrx_word' id='word_1_798' title='bbox 2732 5658 2818 5721; x_wconf 88' lang='lat' dir='ltr'><strong>lV,</strong></span> <span class='ocrx_word' id='word_1_799' title='bbox 2860 5672 2911 5728; x_wconf 87' lang='lat' dir='ltr'><strong>p.</strong></span> <span class='ocrx_word' id='word_1_800' title='bbox 2956 5656 3108 5711; x_wconf 65' lang='lat'><strong>“4‘2.</strong></span> <span class='ocrx_word' id='word_1_801' title='bbox 3185 5655 3229 5684; x_wconf 69' lang='grc' dir='ltr'><strong>ει</strong></span> <span class='ocrx_word' id='word_1_802' title='bbox 3293 5653 3492 5725; x_wconf 74' lang='lat' dir='ltr'><strong>lnquit.</strong></span> <span class='ocrx_word' id='word_1_803' title='bbox 3554 5651 3678 5710; x_wconf 83' lang='lat' dir='ltr'><strong>\‘id.</strong></span> 
     </span>
    </p>
   </div>
   <div class='ocr_carea' id='block_1_112' title="bbox 426 5731 2593 5806">
    <p class='ocr_par' dir='ltr' id='par_1_112' title="bbox 426 5731 2593 5806">
     <span class='ocr_line' id='line_1_112' title="bbox 426 5731 2593 5806; baseline 0.001 -24"><span class='ocrx_word' id='word_1_804' title='bbox 426 5731 590 5798; x_wconf 82' lang='lat' dir='ltr'><strong>epist.</strong></span> <span class='ocrx_word' id='word_1_805' title='bbox 632 5734 718 5797; x_wconf 83' lang='lat'><strong>79,</strong></span> <span class='ocrx_word' id='word_1_806' title='bbox 750 5741 787 5787; x_wconf 88' lang='lat' dir='ltr'><strong>t.</strong></span> <span class='ocrx_word' id='word_1_807' title='bbox 824 5732 911 5798; x_wconf 84' lang='lat' dir='ltr'><strong>IV,</strong></span> <span class='ocrx_word' id='word_1_808' title='bbox 950 5750 1002 5805; x_wconf 87' lang='lat' dir='ltr'><strong>p.</strong></span> <span class='ocrx_word' id='word_1_809' title='bbox 1038 5734 1191 5789; x_wconf 59' lang='lat' dir='ltr'><strong>H54.</strong></span> <span class='ocrx_word' id='word_1_810' title='bbox 1269 5736 1313 5767; x_wconf 69' lang='grc'><strong>⁸³</strong></span> <span class='ocrx_word' id='word_1_811' title='bbox 1345 5731 1443 5788; x_wconf 63' lang='lat' dir='ltr'><strong>Ad</strong></span> <span class='ocrx_word' id='word_1_812' title='bbox 1468 5734 1619 5788; x_wconf 78' lang='lat' dir='ltr'><strong>Eutr.</strong></span> <span class='ocrx_word' id='word_1_813' title='bbox 1661 5734 1780 5789; x_wconf 88' lang='lat' dir='ltr'><strong>Vid.</strong></span> <span class='ocrx_word' id='word_1_814' title='bbox 1833 5731 1992 5806; x_wconf 66' lang='lat' dir='ltr'><strong>epiSt.</strong></span> <span class='ocrx_word' id='word_1_815' title='bbox 2029 5735 2117 5798; x_wconf 79' lang='lat'><strong>80,</strong></span> <span class='ocrx_word' id='word_1_816' title='bbox 2150 5743 2187 5787; x_wconf 91' lang='lat' dir='ltr'><strong>t.</strong></span> <span class='ocrx_word' id='word_1_817' title='bbox 2228 5733 2313 5798; x_wconf 83' lang='lat' dir='ltr'><strong>IV,</strong></span> <span class='ocrx_word' id='word_1_818' title='bbox 2354 5749 2404 5800; x_wconf 89' lang='lat' dir='ltr'><strong>p.</strong></span> <span class='ocrx_word' id='word_1_819' title='bbox 2444 5731 2593 5785; x_wconf 73' lang='lat'><strong>“3&#39;5.</strong></span> 
     </span>
    </p>
   </div>
  </div>
