3950 6226
283 276 379 340 199
1429 276 1794 339 HISTORIA
1829 275 2339 343 THEODORE'I‘I.
3426 290 3530 353 130

276 390 534 458 Quoniam
558 390 649 444 ille
679 391 929 447 civitatis
960 393 1107 447 illius
1140 393 1432 463 episcopus
1470 391 1691 447 assidue
1715 404 1848 443 con—
1882 392 1923 443 Α
1954 396 2062 445 tam
2092 405 2423 462 posuerunt,
2450 398 2605 466 quasi
2640 399 2695 452 in
2728 398 2867 454 duos
2899 398 3041 455 ﬁlios
3076 400 3354 456 Christum
3385 403 3529 458 divi-

277 489 455 553 gregat
507 482 771 551 synodos,
810 483 1106 553 turbatque
1142 500 1207 538 ea
1256 501 1313 555 re
1361 484 1728 547 orthodoxos,
1780 483 1850 538 da
1951 486 2130 549 sisset,
2160 495 2215 542 et
2240 489 2545 545 latitantem
2576 491 2630 545 in
2654 490 2844 547 Cilicia
2864 492 3250 550 Nestorianum
3281 511 3527 553 errorem

277 587 487 642 operam
520 575 855 643 congruenti
876 575 1253 631 moderatione
1275 591 1339 630 ac
1366 576 1678 646 prudentia,
1711 584 1773 630 ut
1804 576 1850 629 is
1949 579 2308 647 propalassct.
2332 580 2390 635 Id
2413 583 2659 642 criminis
2679 593 2740 638 ut
2762 586 3127 656 propulsaret,
3146 587 3357 643 litteras
3378 589 3531 644 dedit

275 661 407 734 Cyro
435 679 494 719 se
529 664 842 730 contineat,
881 681 984 721 nec
1007 666 1075 721 ad
1114 667 1275 722 aliam
1307 668 1582 722 civitatem
1627 664 1848 736 proﬁci-

276 764 471 810 scatur.
505 775 523 806 ι

343 849 449 903 VII.
476 850 536 904 ln
568 849 941 907 domesticum
967 851 1101 906 illud
1122 851 1398 917 exsilium,
1433 851 1576 906 sicut
1610 850 1728 921 ipse
1763 850 1846 904 lo-

275 938 474 1007 quitur,
510 939 725 1009 ejectus
773 951 863 996 est
906 956 1051 995 anno
1102 941 1225 1004 445,
1256 956 1369 1010 quo
1426 956 1573 995 anno
1622 940 1849 1011 gerebat

275 1028 616 1082 consulatum
642 1029 875 1085 Nemus.
898 1030 1010 1085 Etsi
1055 1039 1238 1086 autem
1254 1026 1392 1101 ῥιπαὶ
1426 1047 1484 1086 se
1517 1030 1688 1086 ferret
1715 1045 1846 1085 con-

273 1118 523 1172 stantiam
556 1120 727 1174 animi
766 1121 822 1174 in
851 1121 954 1176 hac
980 1123 1324 1187 calamitate,
1357 1123 1632 1177 neminem
1661 1130 1845 1178 tamen

273 1222 379 1261 non
424 1207 723 1274 invocavit,
779 1210 929 1265 unde
964 1219 1215 1280 speraret
1261 1211 1571 1265 auxilium:
1620 1227 1744 1266 nam
1791 1220 1845 1265 et

270 1299 519 1353 Anatolio
543 1300 591 1331 ⁸⁸
610 1300 870 1369 patricio,
894 1310 952 1355 et
970 1302 1268 1356 Eutrechio
1293 1301 1571 1372 praefecto,
1593 1310 1651 1356 et
1673 1303 1847 1357 Nomo

270 1391 475 1445 consuli
495 1390 925 1447 lamentabiliter
939 1400 1168 1461 questus
1182 1401 1286 1455 est,
1311 1408 1369 1447 se
1408 1392 1654 1448 inaudita
1682 1408 1847 1449 causa

270 1482 609 1548 damnatum,
637 1499 764 1539 cum
786 1501 858 1539 ne
886 1484 1210 1539 incendiarii
1244 1484 1467 1554 quidem
1501 1493 1664 1556 atque
1678 1484 1845 1540 ell'os-

270 1589 418 1630 seres
460 1575 871 1645 sepulcrorum,
897 1577 1006 1629 imo
1055 1587 1112 1630 et
1160 1575 1447 1645 parricidae
1491 1576 1842 1640 damnentur,

268 1666 586 1736 priusquam
612 1667 680 1721 ad
713 1667 992 1737 objectum
1023 1667 1230 1722 crimen
1260 1667 1642 1737 responderint
1670 1686 1681 1720 :
1710 1667 1845 1738 quin

266 1767 321 1811 et
353 1757 625 1828 synodum
641 1759 1029 1828 episc0porum
1059 1758 1179 1828 cogi
1211 1757 1470 1826 postulat,
1497 1755 1591 1810 sed
1627 1772 1839 1821 eorum,

266 1848 357 1917 qui
383 1848 660 1917 judicium
695 1848 841 1903 ferre
875 1849 1088 1918 possint
1129 1849 1199 1904 de
1247 1849 1516 1913 doctrina,
1536 1857 1597 1903 et
1637 1850 1692 1904 in
1735 1864 1841 1919 qua

267 1941 635 2009 magistratus.
675 1941 1054 2011 pronuntient,
1107 1957 1231 2012 quae.
1282 1940 1686 2011 disputantium
1746 1941 1845 1997 do-

267 2033 440 2084 ctrina
473 2032 793 2100 apostolicae
814 2032 1148 2087 eonformior
1182 2033 1273 2087 sit.
1305 2031 1387 2087 Ad
1427 2031 1545 2087 haec
1582 2033 1843 2088 innocen-

267 2124 396 2177 tiam
433 2141 592 2179 suam
620 2124 975 2195 depraedicat,
993 2140 1229 2195 suosque
1258 2141 1361 2196 pro
1391 2124 1497 2180 ﬁde
1529 2125 1748 2180 labores
1780 2141 1843 2180 ac

265 2214 449 2270 eﬁicax
500 2216 556 2271 in
590 2217 868 2272 haereticis
910 2217 1300 2273 convertendis
1330 2217 1598 2285 studium,
1626 2233 1841 2273 necnon

266 2308 387 2363 vita:
406 2309 481 2363 ab
510 2309 674 2364 initio
693 2319 831 2365 acta:
854 2310 1259 2381 integritatem;
1302 2314 1321 2333 '
1345 2309 1583 2379 denique
1626 2310 1841 2365 infracti

266 2396 422 2450 malis
431 2397 606 2451 animi
626 2396 937 2451 ﬁrmitatem
959 2406 1229 2453 sustentat
1245 2398 1654 2468 exspectatione
1671 2397 1841 2453 divini

259 2487 474 2557 judicii,
500 2488 571 2543 ad
598 2489 745 2559 quod
777 2489 1144 2554 adversarios,
1171 2490 1288 2545 sive
1310 2491 1405 2560 qui
1425 2500 1706 2557 accusant,
1726 2492 1841 2547 sive

263 2572 357 2642 qui
377 2572 667 2642 damnant,
689 2584 786 2632 aut
804 2577 972 2633 etiam
997 2577 1256 2633 damnare
1274 2579 1481 2646 sinunt,
1505 2582 1842 2638 conﬁdenter

264 2664 414 2719 citat.

332 2755 468 2812 Vill.
499 2757 573 2813 Ut
602 2774 809 2829 aegrum
848 2760 1089 2815 animum
1125 2761 1414 2828 solaretur,
1449 2780 1590 2833 opus
1615 2779 1839 2834 compo-

264 2849 391 2913 suit,
419 2850 510 2904 cui
550 2866 758 2906 nomen
796 2850 927 2906 fecit
954 2851 1221 2908 Erunista:
1246 2870 1343 2908 seu
1375 2855 1744 2926 Polymorphi.
1779 2856 1839 2909 ln

266 2941 369 2996 hoc
394 2941 441 2972 "
460 2943 601 2997 mira
627 2944 865 3011 qua’dam
887 2952 1005 3000 arte
1027 2946 1316 3001 consilium
1339 2948 1650 3003 dissimulat
1673 2966 1685 3002 :
1708 2964 1839 3002 nam

1949 666 2210 723 Dioscoro
2237 670 2282 701 ⁸³
2316 669 2371 724 in
2418 671 2535 727 hrec
2566 675 2735 728 verba
2763 692 2777 727 :
2819 694 2836 725 ι
2874 675 3000 731 Haec
3023 676 3267 731 scribere
3307 687 3532 732 coactus

1949 774 2092 823 sum,
2117 776 2242 815 cum
2287 765 2601 821 sanctitatis
2644 776 2753 822 tuae
2783 768 3000 824 litteras
3023 770 3277 839 legissem
3320 771 3388 825 ad
3429 771 3527 826 Dei

1946 855 2383 912 amantissimum
2452 861 2972 932 sanctissimumque
3046 864 3524 934 archiepiscopum

1947 945 2229 1003 dominum
2252 950 2525 1006 Domuum
2554 954 2807 1024 scriptas.
2834 954 2894 1008 in
2927 955 3036 1010 illis
3064 956 3212 1009 enim
3250 956 3355 1011 hoc
3381 956 3527 1009 inter

1947 1046 2145 1094 caztera
2164 1042 2567 1107 continebatur,
2594 1045 2857 1114 quosdam
2883 1046 2948 1100 ad
2982 1048 3272 1102 maximam
3308 1048 3524 1110 urbem,

1947 1146 2070 1200 quae
2095 1147 2125 1186 a
2153 1134 2440 1213 sanctitate
2469 1145 2561 1191 tua
2592 1138 2821 1208 regitur,
2855 1155 2978 1193 cum
3010 1143 3312 1204 venissent,
3358 1156 3524 1195 accu-

1948 1237 2097 1278 sasse
2134 1239 2257 1287 nos,
2286 1227 2442 1294 quasi
2475 1227 2529 1282 in
2577 1228 2716 1284 duos
2766 1228 2907 1285 ﬁlios
2948 1231 3316 1286 divideremus
3354 1249 3525 1286 unum

1946 1314 2238 1372 Dominum
2290 1329 2539 1375 nostrum
2592 1322 2777 1378 Iesum
2817 1322 3097 1379 Christum
3140 1343 3151 1377 :
3187 1324 3352 1395 idque
3396 1340 3523 1381 cum

1946 1407 2090 1475 apud
2115 1407 2461 1465 Antiochiam
2480 1411 2897 1478 dissereremus,
2916 1415 3008 1468 ubi
3042 1416 3226 1471 mulae
3248 1417 3523 1488 myriades

1945 1496 2261 1554 auditorum
2289 1502 2356 1556 ad
2378 1503 2698 1559 concionem
2727 1517 3124 1562 convenerunt.
3150 1507 3220 1561 At
3251 1524 3351 1579 ego
3402 1510 3526 1565 illos

1945 1588 2166 1657 quidem
2181 1590 2478 1661 deploravi,
2497 1596 2590 1665 qui
2618 1596 2963 1652 manifestam
2981 1598 3310 1653 calumniam
3341 1609 3523 1655 texere

1878 1726 1919 1781 Β
1948 1680 2065 1734 ausi
2099 1690 2266 1736 sunt:
2312 1684 2463 1739 dolui
2514 1703 2665 1752 vero,
2710 1699 2767 1744 et
2812 1690 3053 1761 ignosce,
3100 1691 3348 1753 Domine,
3394 1692 3523 1762 quia

1946 1786 2136 1827 vocem
2169 1776 2425 1844 exprimit
2471 1776 2648 1843 dolor,
2676 1779 2822 1850 quod
2871 1780 3004 1834 mihi
3049 1796 3237 1834 aurem
3292 1782 3522 1835 alteram

1944 1870 2035 1916 tua
2062 1863 2364 1919 secundum
2395 1866 2566 1921 Deum
2592 1868 2858 1938 perfectio
2896 1869 3160 1939 integram
3188 1885 3295 1922 non
3342 1874 3522 1924 reser-

1941 1954 2120 2019 vavit;
2143 1955 2237 2009 sed
2264 1956 2329 2009 iis
2356 1972 2477 2026 qua:
2502 1957 2637 2013 falso
2661 1958 2729 2013 ab
2755 1959 2862 2014 illis
2888 1960 3033 2014 dicta
3056 1968 3205 2020 sunt,
3236 1957 3396 2014 ﬁdem
3421 1960 3520 2014 ha-

1942 2043 2082 2098 huit.
2127 2064 2145 2094 ι

2015 2137 2216 2192 Habuit
2271 2154 2404 2193 vero
2460 2140 2860 2197 Alexandrinus
2913 2143 3128 2200 clericis
3175 2161 3241 2200 eo
3305 2147 3521 2203 facilius

1944 2227 2129 2292 ﬁdem,
2168 2244 2280 2300 quo
2329 2231 2485 2300 pejus
2530 2232 2713 2286 animo
2754 2243 2873 2289 erat
2929 2250 3057 2305 erga
3110 2236 3518 2293 Theodoretum

1943 2320 2212 2375 allectus:
2240 2337 2367 2376 eum
2416 2323 2561 2377 enim
2610 2325 2816 2380 sciebat
2861 2326 3065 2398 Cyrillo
3092 2329 3291 2398 passim
3316 2330 3521 2384 calum-

1943 2409 2106 2475 niari,
2130 2412 2302 2466 totius
2323 2410 2617 2468 Orientalis
2647 2413 2903 2471 dimcesis
2928 2417 3221 2486 praesulum
3242 2419 3521 2475 mentibus

1942 2513 2081 2569 pene
2117 2500 2411 2566 dominari,
2443 2502 2500 2557 in
2543 2518 2671 2559 suas
2713 2514 2897 2574 partes
2929 2509 3307 2564 sanctissimos
3353 2526 3521 2580 quos-

1940 2604 2048 2659 que
2096 2592 2413 2656 monachos,
2455 2593 2653 2663 partim
2679 2594 2803 2650 vitaa
2850 2598 3140 2653 sanctitate
3173 2605 3230 2653 et
3255 2599 3519 2657 doctrinm

1942 2678 2103 2744 fama,
2127 2684 2326 2750 partim
2354 2682 2669 2752 eloquentia
2693 2684 2746 2738 in
2772 2685 3152 2751 concionibus,
3180 2688 3518 2760 laudumque

1940 2769 2098 2838 quasi
2122 2769 2456 2835 adulatione,
2484 2771 2539 2825 in
2566 2772 2795 2827 historia
2825 2773 3122 2842 Philothei,
3158 2779 3409 2834 traxisse.
3437 2779 3517 2836 Ad

1941 2857 2057 2912 haec
2082 2868 2312 2913 noverat
2343 2859 2511 2915 fuisse
2538 2854 2896 2918 Antiochenis
2927 2873 3228 2930 auctorem,
3259 2877 3318 2921 ut
3345 2867 3521 2922 tribu-

1942 2957 2049 3002 tam
2118 2947 2732 3020 Constantinopolitame
2784 2954 2899 3008 sedi
2952 2970 2982 3008 a
3025 2957 3262 3012 secunda
3311 2959 3519 3029 synodo

265 3049 385 3088 cum
412 3051 514 3104 per
544 3034 935 3106 dialogismum
958 3037 1014 3091 in
1038 3038 1454 3107 Apollinaristas
1477 3040 1758 3109 disputare
1778 3055 1836 3094 se
1862 3050 1908 3111 α
1941 3039 2197 3095 secundae
2222 3049 2346 3110 post
2370 3041 2672 3096 Romanam
2721 3044 2869 3098 sedis
2910 3048 3321 3117 praerogativam
3351 3065 3517 3120 agno—

267 3123 434 3195 ﬁngit,
464 3125 729 3197 Cyrillum
760 3142 954 3182 revera
978 3137 1034 3182 et
1062 3129 1373 3184 Catholicos
1398 3129 1699 3199 impugnat,
1727 3129 1838 3183 imo

264 3216 569 3271 doctrinam
595 3218 837 3272 Nestorii
861 3217 1350 3283 demonstratione,
1383 3228 1444 3273 ut
1473 3220 1589 3287 ipse
1615 3219 1835 3289 quidem

263 3306 522 3377 loquitur,
553 3308 884 3363 conﬁrmare
917 3307 1129 3363 nititur.
1162 3308 1372 3365 Laudat
1403 3309 1624 3378 quidem
1668 3309 1838 3380 Cyril-

264 3397 368 3451 lum
412 3399 468 3452 in
508 3399 730 3470 dialogo
757 3399 1022 3465 secundo,
1050 3400 1145 3455 sed
1193 3400 1428 3471 maligna
1454 3400 1636 3455 laude.
1662 3399 1835 3467 Quem

262 3492 401 3545 enim
436 3493 651 3547 sciebat
689 3492 758 3546 ab
796 3491 1054 3547 omnibus
1084 3490 1275 3545 audire
1302 3492 1468 3546 unius
1506 3489 1833 3561 hypostasis,

265 3583 316 3634 id
337 3593 438 3647 est,
465 3593 528 3637 ut
548 3584 712 3655 vulgo
727 3583 1032 3648 ferebatur,
1058 3582 1221 3637 unius
1239 3592 1449 3637 naturae
1469 3582 1833 3648 defensorem,

266 3675 402 3731 hunc
436 3685 701 3746 tanquam
726 3674 1126 3732 inconfusionis
1143 3675 1359 3729 hostem
1386 3676 1645 3744 praedicat
1669 3691 1682 3727 :
1707 3689 1835 3728 nam

259 3766 594 3835 prudentum
632 3766 844 3836 judicio
877 3764 1127 3821 convinci
1154 3780 1313 3834 posse
1336 3780 1403 3818 ex
1439 3779 1506 3818 eo
1529 3764 1835 3818 arbitraba-

263 3867 348 3912 tur
368 3858 545 3929 egisse
570 3858 855 3922 Proteum,
878 3857 930 3912 id
968 3864 1074 3922 est,
1103 3866 1199 3911 aut
1232 3870 1456 3910 errores
1483 3856 1612 3909 olim
1641 3856 1833 3911 defen-

264 3947 420 4011 disse,
452 3958 511 4003 et
550 3947 901 4018 postmodum
953 3948 1221 4019 ejurasse,
1256 3954 1353 4000 aut
1388 3946 1581 4001 iisdem
1623 3953 1832 4015 tempo-

264 4037 408 4094 ribus
429 4034 735 4109 pugnantia
762 4039 1025 4093 locutum.
1052 4038 1234 4107 Atque
1266 4038 1432 4092 etiam
1460 4038 1578 4091 haec
1604 4037 1832 4091 fortasse

263 4140 417 4181 causa
458 4126 592 4190 fuit,
628 4141 732 4181 cur
773 4125 930 4196 operi
974 4125 1375 4198 Polymorphus
1418 4124 1831 4188 inscriberetur,

263 4230 572 4285 Quanquam
600 4224 661 4271 et
683 4216 855 4270 altera
885 4230 1005 4271 esse
1040 4215 1242 4285 potuit,
1276 4231 1382 4284 qua
1424 4229 1534 4269 non
1580 4214 1834 4269 adversa-

264 4306 368 4360 rius
396 4314 648 4370 tantum,
684 4307 782 4361 sed
816 4306 961 4362 liber
993 4307 1109 4377 ipse
1137 4307 1507 4377 appellaretur
1533 4324 1547 4360 :
1575 4307 1831 4376 quoniam

1945 3139 2165 3185 scerent
2196 3148 2209 3183 :
2249 3140 2479 3185 noverat
2518 3133 2682 3187 etiam
2715 3143 3100 3204 opportunam,
3129 3138 3393 3211 exsistere
3415 3155 3513 3195 oc-

1944 3223 2216 3277 casionem
2242 3225 2475 3277 nocendi
2504 3224 2732 3289 homini,
2760 3243 2922 3295 quem
2954 3230 3298 3298 imperatoris
3319 3232 3514 3288 oﬁ‘ensi

1946 3314 2025 3367 ira
2070 3324 2513 3383 persequeretur,
2550 3317 2832 3387 jussioquc
2868 3318 3138 3374 inclusum
3190 3324 3347 3391 quasi
3393 3337 3514 3377 car-

1944 3419 2071 3458 cere
2118 3412 2350 3466 tcneret,
2390 3413 2554 3473 atque
2599 3405 2736 3460 adeo
2778 3406 3095 3462 defensione
3141 3410 3513 3467 interdiceret.

1943 3494 2121 3562 Quare
2152 3494 2293 3549 datis
2333 3495 2399 3550 ad
2436 3497 2704 3550 Domuum
2736 3498 2963 3567 ejusque
2993 3500 3511 3570 synodumclitteris,

1942 3596 2172 3658 questus
2206 3596 2290 3642 est
2316 3588 2558 3657 graviter
2599 3587 2667 3641 de
2710 3586 2917 3643 Ciiicite
2949 3591 3243 3660 episcopis,
3286 3592 3514 3663 ipsoque

1942 3677 2267 3733 nominatim
2321 3676 2745 3738 Theodoreto,a
2797 3691 2907 3745 quo
2955 3691 3079 3730 cum
3132 3678 3343 3732 litteras
3364 3694 3515 3734 acce-

1940 3769 2131 3839 pisset,
2161 3767 2338 3837 magni
2375 3766 2543 3820 animi
2574 3766 3014 3835 calumniamquc
3039 3766 3376 3837 indignantis
3398 3769 3515 3838 plc-

1940 3877 2060 3925 nas,
2094 3875 2161 3914 eo
2185 3874 2359 3928 usque
2383 3857 2739 3912 exacerbatus
2768 3866 2871 3919 est,
2907 3866 2967 3911 ut
2992 3858 3192 3926 ipsum,
3223 3858 3353 3913 licet
3376 3875 3514 3928 prae-

1940 3952 2115 4006 sulem
2157 3949 2385 4004 alterius
2435 3947 2706 4009 dioecesis,
2749 3947 2805 4000 in
2849 3947 3095 4001 Ecclesia
3143 3947 3509 4004 Alexandrina

1940 4058 2107 4098 ausus
2137 4042 2209 4096 sit
2253 4041 2599 4095 anathemate
2624 4038 2792 4093 ferire
2830 4055 2842 4091 :
2874 4052 2983 4092 non
3028 4039 3172 4108 quod
3202 4041 3510 4096 exercuerit

1940 4135 2008 4189 de
2041 4133 2385 4187 Theodoreto
2410 4130 2699 4202 judicium,
2723 4130 2816 4200 qui
2850 4129 3042 4184 fuisset
3072 4146 3341 4185 canonum
3371 4133 3510 4187 into-

1939 4226 2184 4279 lerabilis
2206 4229 2588 4291 contemptus;
2619 4221 2714 4277 sed
2749 4221 2943 4275 callide
2967 4221 3287 4286 monachos,
3318 4224 3410 4293 qui
3441 4240 3508 4279 ex

1938 4315 2162 4371 Oriente
2191 4320 2508 4367 accusatum
2529 4318 2816 4373 venerant,
2850 4309 2904 4362 in
2929 4310 3218 4365 ecclesiam
3254 4312 3505 4377 induxit;

264 4397 457 4452 Sim
490 4398 673 4453 ίυθῑπ
716 4397 970 4468 ίωθείυίε
996 4399 1176 4454 Varias
1238 4410 1338 4467 pro
1369 4399 1521 4453 vario
1567 4398 1834 4453 intuentis
1862 4398 1910 4456 Ι)
1936 4420 2235 4476 eorumque
2265 4404 2424 4474 178
2449 4411 2565 4457 arte
2608 4402 2680 4457 ita
2704 4402 2998 4456 concitavit
3022 4403 3306 4472 pepulum,
3331 4411 3393 4456 ut
3425 4411 3508 4456 tu-

264 4500 475 4561 aspectu
500 4491 717 4546 formas
747 4491 990 4547 exhibet.
1019 4493 1223 4548 Verum
1248 4492 1352 4547 hac
1373 4491 1442 4546 de
1464 4507 1523 4546 re
1552 4490 1609 4544 in
1636 4505 1828 4546 recen-

263 4580 408 4637 sione
434 4582 566 4637 libri
611 4581 881 4652 prolixius
905 4583 1100 4653 agitur.

331 4671 486 4741 177
517 4670 613 4725 IX.
642 4669 765 4724 Non
782 4678 1002 4725 tantum
1029 4671 1174 4742 apud
1203 4672 1594 4742 imperatorem
1618 4672 1827 4743 ipsum-

263 4775 362 4830 que
393 4763 649 4817 Proclum
678 4762 849 4833 regite
868 4763 1025 4818 urbis
1065 4764 1384 4834 episcopum
1426 4768 1828 4836 expostulatum

263 4863 342 4907 est
362 4853 429 4909 de
452 4854 828 4919 Theodoreto,
858 4854 953 4909 sed
980 4856 1124 4926 apud
1146 4856 1579 4911 Alexandrinum
1607 4874 1827 4928 quoque

265 4941 598 5009 Dioscorum;
622 4944 693 4998 ad
717 4959 886 5015 quem
908 4959 1037 4999 cum
1080 4947 1444 5001 accessissent
1482 4948 1671 5001 clerici
1702 4949 1826 5016 qui—

267 5033 381 5089 dam
424 5037 756 5103 Osdroenes,
797 5037 1174 5093 .anathematis
1229 5039 1499 5094 sententia
1546 5055 1576 5093 a
1618 5040 1827 5094 Domno

270 5128 516 5192 percussi,
560 5128 942 5193 Theodoreto,
970 5128 1166 5183 Domni
1217 5129 1393 5183 amico
1435 5129 1722 5198 singulari,
1771 5129 1826 5183 in

269 5217 482 5276 crimine
518 5221 738 5278 nefario
782 5219 1106 5275 concionem
1140 5219 1196 5274 in
1243 5220 1397 5275 obitu
1423 5220 1615 5289 Cyrilli
1664 5221 1825 5276 habi-

1936 4497 2247 4553 multuatim
2300 4494 2589 4548 anathema
2637 4493 2983 4547 Theodoreto
3048 4493 3502 4550 conclamaretur.

1937 4587 2257 4642 Tumultum
2288 4599 2422 4638 vero
2452 4582 2651 4652 praesul
2698 4597 2807 4635 non
2852 4581 3017 4634 modo
3054 4597 3163 4634 non
3219 4582 3503 4650 repressit,

1936 4680 2031 4734 sed
2059 4687 2212 4734 stans
2234 4677 2289 4730 in
2325 4675 2524 4728 throno
2550 4668 3011 4726 conclamantlum
3037 4669 3195 4724 ﬁdem
3226 4670 3500 4725 laudavit:

1936 4786 2038 4827 nec
2065 4785 2133 4824 eo
2157 4776 2470 4828 contentus,
2497 4762 3029 4830 Constantinopolim
3062 4762 3379 4831 episcopum
3429 4764 3506 4818 le-

1933 4861 2099 4932 gavit,
2147 4857 2241 4928 qui
2298 4856 2368 4911 de
2408 4852 2782 4909 Orientalibus
2811 4851 3220 4920 expostularet,
3272 4861 3328 4906 et
3375 4853 3503 4909 farti

1933 4954 2197 5008 adversus
2223 4948 2627 5003 Theodoretum
2662 4946 2931 4998 rationem
2958 4944 3230 4998 redderet.

2003 5042 2072 5097 Χ.
2108 5042 2246 5094 Dum
2271 5040 2386 5092 hac
2408 5043 2674 5106 geruntur
2696 5035 2761 5099 ⁸⁸,
2802 5041 2895 5089 aut
2921 5034 3088 5103 paulo
3116 5043 3263 5096 ante,
3296 5048 3363 5088 ex
3398 5034 3511 5091 hac-

1932 5133 2044 5186 vita
2096 5128 2331 5183 decessit
2391 5125 2648 5190 Proclus,
2696 5125 2781 5179 vir
2834 5124 3080 5195 apprime
3125 5124 3428 5180 catholicus
3476 5143 3497 5178 ι

1933 5220 2178 5280 succedit
2208 5219 2263 5271 in
2303 5216 2487 5272 sedem
2513 5217 2666 5271 urbis
2703 5218 2863 5288 regite
2905 5214 3216 5278 Flavianus,
3255 5214 3501 5285 martyrii

1595 5386 1910 5444 SCHULZII
1948 5383 2181 5440 NOTAE.

334 5538 660 5614 {'Anatolio,
696 5554 810 5602 etc.
841 5543 966 5599 Vid.
1007 5544 1167 5614 epist.
1205 5545 1291 5611 79,
1329 5544 1418 5611 80,
1455 5546 1546 5610 81,
1575 5547 1663 5602 9-1.

274 5606 378 5692 §ed_
403 5616 605 5692 nemini
647 5606 831 5692 vanae,
858 5629 990 5692 suae“
1022 5606 1349 5692 conjecturae
1377 5606 1688 5692 _i_'eritatcm
1737 5606 2067 5692 persuadere
2121 5611 2318 5692 potuit.

1757 5545 1802 5578 ⁸⁸
1836 5544 1899 5599 In
1938 5544 2052 5607 hoc,
2085 5549 2191 5597 etc.
2220 5540 2477 5595 Eamdem
2508 5539 2692 5592 tibiam
2727 5538 2879 5592 inﬂat
2899 5538 2951 5592 in
2987 5536 3119 5592 diss.
3149 5535 3202 5601 2,
3225 5552 3275 5592 c.
3303 5535 3356 5600 6,
3383 5537 3409 5607 ᾗ
3446 5537 3490 5589 l.

2410 5591 2475 5642 εἴ
2491 5591 2779 5663 manna;
2810 5591 2945 5664 Vid.
2979 5591 3019 5662 t.
3057 5591 3146 5662 tv
3164 5591 3202 5671 ,’
3225 5591 3282 5677 p.
3333 5591 3485 5663 41°45.

269 5678 308 5711 "
340 5681 466 5739 Dim
497 5687 609 5741 hare
636 5691 924 5758 geruntur.
957 5678 1176 5741 Scilicet
1198 5700 1341 5740 anno
1365 5685 1488 5750 447,
1530 5694 1588 5738 ut
1634 5686 1688 5741 in
1728 5678 1969 5756 margine
1997 5678 2211 5737 mon'uit
2256 5678 2576 5737 Garnerius.
