3950 6226
381 255 477 321 131

1507 247 1887 312 GARNERII
1927 243 2426 305 DISSERTATIO
2466 246 2516 304 Ι.

3539 239 3648 306 132

375 372 557 445 palma
580 370 802 428 futurus
823 371 1047 427 nobilis.
1081 371 1162 426 Ad
1183 371 1334 426 hune
1355 368 1758 430 Theodoretus,
1784 380 1949 435 quem
1985 371 2022 421 Α
2054 377 2264 426 errore,
2288 361 2456 426 hunc,
2484 358 2858 415 admonitione
2893 369 3229 430 contempta,
3257 361 3530 417 obstinate
3559 377 3658 416 re-

377 463 484 518 sibi
519 463 886 519 faventiorem
917 464 1114 518 Proclo
1145 462 1420 532 sperabat,
1461 459 1614 514 dedit
1650 459 1865 513 litteras
1895 457 1964 521 ⁸⁷,

377 552 770 622 gratulatorias
811 553 1074 622 primum,
1120 566 1247 605 mox
1295 545 1720 619 deprecatorias,
1768 543 1969 614 quibus

383 641 711 712 imploraret
739 657 926 712 opem,
956 649 1301 711 peteretque,
1337 654 1407 693 ne
1446 637 1735 691 audiretur
1766 635 1970 689 missus

385 729 442 784 in
471 731 670 786 urbem
704 732 911 802 regiam
937 747 967 784 a
994 731 1257 784 Dioscoro
1293 729 1608 799 episcopus,
1633 726 1728 796 qui
1759 733 1816 780 et
1843 741 1972 780 cau—

379 838 469 877 sas
517 823 651 878 dicti
699 823 1042 878 Alexandriae
1075 823 1130 876 in
1157 821 1570 876 Theodoretum
1601 819 1972 874 anathematis

377 921 701 982 exponeret,
744 921 800 967 et
829 913 1218 982 imperatorem
1261 912 1484 982 gravius
1513 920 1755 982 urgeret.
1797 930 1816 961 ι
1847 912 1974 966 Dio-

383 1021 599 1071 scorus,
647 1007 828 1075 inquit
875 1005 943 1072 3",
999 1006 1468 1061 calumniantibus
1519 1022 1682 1061 aures
1727 1006 1968 1071 tradens,

383 1111 500 1150 rem
530 1113 820 1167 aggressus
843 1105 948 1162 est,
976 1113 1096 1167 quas
1121 1098 1270 1151 credi
1305 1099 1619 1154 nullatenus
1647 1107 1834 1167 queat,
1866 1098 1973 1152 nisi

390 1196 585 1242 testem
632 1188 863 1242 haberet
900 1189 1222 1243 Ecclesiam.
1271 1183 1420 1244 Tulit
1471 1191 1620 1244 enim
1670 1191 1828 1255 illos,
1879 1189 1974 1260 qui

393 1277 553 1332 nobis
576 1281 593 1297 '
609 1279 901 1333 anathema
919 1279 1198 1344 dicebant,
1225 1296 1565 1351 surgensque
1592 1290 1645 1335 et
1669 1282 1976 1336 acclamans

382 1369 603 1424 illorum
638 1385 806 1425 voces
837 1370 1188 1425 conﬁrmavit
1215 1390 1228 1425 :
1258 1372 1326 1425 ad
1376 1373 1493 1426 hac
1527 1373 1742 1442 aliquos
1770 1389 1838 1427 ex
1862 1372 1975 1428 Deo

385 1460 728 1515 charissimis
754 1462 1032 1531 episc0pis
1053 1463 1106 1516 in
1138 1463 1333 1517 urbem
1359 1463 1564 1534 regiam
1593 1463 1762 1528 misit,
1795 1472 1856 1518 ut
1889 1480 1979 1520 ac-

384 1552 655 1621 cepimus,
696 1553 932 1623 majores
971 1569 1201 1623 sperans
1230 1563 1422 1608 contra
1464 1569 1563 1608 nos
1592 1555 1859 1610 tumultus
1885 1571 1979 1610 ex-

386 1643 656 1698 citandos.
696 1663 714 1695 »
805 1691 809 1696 ,

456 1733 547 1787 XI.
577 1734 781 1788 Eodem
806 1743 1130 1805 argumento
1147 1735 1369 1806 scripsit
1390 1736 1434 1768 ⁸⁸
1461 1737 1641 1792 Tauro
1661 1746 1718 1791 et
1744 1737 1972 1792 Floren-

378 1825 468 1882 .tio
499 1826 768 1896 patriciis,
800 1826 1072 1896 Lupicino
1111 1827 1374 1897 magistro
1414 1827 1744 1892 oﬁiciorum,
1772 1828 1973 1882 Eutre-

389 1917 515 1971 chio
557 1918 841 1986 praefecto,
870 1928 924 1972 et
967 1917 1222 1973 Anatolio
1262 1919 1512 1988 patricio.
1557 1919 1786 1990 Scripsit
1831 1921 1876 1952 ⁹⁰
1918 1922 1974 1975 in

388 2009 638 2064 eamdem
663 2012 992 2064 sententiam
1023 2010 1090 2064 ad
1120 2011 1262 2063 alios
1285 2012 1448 2064 etiam
1477 2011 1685 2080 plures,
1717 2013 1831 2068 sive
1862 2027 1978 2067 ma-

390 2109 600 2169 gnates,
628 2100 742 2156 sive
772 2102 1090 2172 episcopos,
1117 2102 1232 2156 sive
1283 2103 1450 2156 etiam
1506 2103 1751 2159 illustres
1791 2105 1977 2160 diaco-

391 2194 569 2247 nissas
592 2192 747 2258 duas,
770 2202 916 2248 utne
938 2195 1222 2248 videretur
1246 2194 1443 2248 famam
1470 2211 1623 2250 suam
1649 2197 1974 2267 neglexisse,

393 2297 554 2350 quam
582 2280 849 2350 integram
874 2281 1140 2350 pmswri,
1158 2282 1384 2350 putabat
1404 2281 1662 2336 Ecclesia:
1687 2283 1974 2337 interesse.

393 2369 536 2438 Quin
569 2379 623 2424 et
656 2372 830 2440 ipsius
859 2372 1096 2441 impulsu
1136 2372 1383 2426 Donmus
1423 2372 1802 2427 Antiochenus
1829 2373 1980 2428 misit

395 2477 496 2516 sua
524 2478 591 2515 ex
621 2461 845 2517 dimcesi
878 2465 1187 2532 episcopos,
1222 2463 1315 2532 qui
1355 2462 1516 2516 simul
1545 2471 1601 2517 et
1647 2463 1980 2518 Theodoreti

397 2551 765 2622 patrocinium
819 2553 1182 2623 susciperent,
1234 2561 1289 2606 et
1353 2552 1557 2606 illatam
1611 2554 1981 2609 Orientalibus

397 2639 734 2697 Nestorianaz
791 2641 1015 2695 haeresis
1064 2642 1394 2696 calumniam
1439 2641 1732 2706 diluerent,
1768 2650 1823 2696 et
1870 2650 1979 2697 tota

399 2746 564 2801 opum
607 2731 661 2784 vi
709 2745 766 2785 se
817 2740 1158 2801 Opponerent
1206 2733 1446 2786 Dioscori
1500 2733 1754 2796 ausibus,
1791 2734 1983 2788 alienas

402 2819 658 2876 dimcesis
686 2822 739 2876 in
766 2823 889 2892 jura
915 2823 1227 2875 involantis.

1015 2930 1241 2986 CAPUT
1274 2931 1366 2986 IX.

2070 454 2332 508 tinuerat.

2139 546 2205 600 Il.
2236 547 2368 601 Erat
2400 547 2675 619 Eutyches
2721 546 3147 601 archimandrita
3177 545 3522 602 celeberrimi
3559 564 3656 602 cu-

2066 637 2284 707 jusdam
2317 638 2373 692 in
2403 639 2538 693 urbe
2585 638 2732 709 regia
2774 637 3111 701 monasterii,
3140 637 3234 707 qui
3278 637 3411 692 olim
3460 638 3656 693 Nesto-

2073 729 2239 784 rianaa
2266 730 2460 785 haeresi
2487 729 2845 802 proﬂiganda:
2866 745 2980 784 non
3013 728 3346 784 mediocrem
3377 745 3501 785 cum
3524 745 3660 784 san-

2074 830 2164 875 cto
2192 821 2458 876 Dalmatio
2485 830 2710 876 navarat
2730 835 2972 891 operam.
3011 820 3401 875 Partiebantur
3429 820 3507 874 illi
3541 820 3660 874 duo

2075 913 2330 966 monachi
2371 914 2756 968 auctoritatem
2779 913 2949 980 aulae;
2981 920 3036 967 et
3064 920 3330 982 quantum
3357 912 3664 966 Dalmatius

2075 1005 2222 1075 apud
2263 1006 2651 1074 imperatorem
2705 1014 2933 1076 propter
2970 1006 3276 1060 sanctitatis
3315 1006 3658 1075 opinionem,

2077 1104 2288 1149 tantum
2320 1096 2594 1166 Eutyches
2619 1095 2761 1165 apud
2805 1095 3204 1167 Chrysaphium
3234 1095 3448 1166 imperii
3475 1095 3661 1150 admi~

2074 1186 2332 1251 nistrum,
2361 1202 2631 1256 suumque
2663 1187 2717 1240 in
2757 1187 3034 1257 baptismo
3067 1196 3405 1257 susceptum,
3429 1191 3662 1259 propter

2079 1278 2458 1347 cognationem
2485 1278 2821 1348 spiritualem
2852 1278 3088 1333 valebat.
3120 1277 3363 1346 Uterque
3384 1292 3519 1331 vero
3553 1276 3662 1331 fuit

2083 1355 2494 1424 addictissimus
2549 1368 2753 1440 Cyrillo
2795 1386 2808 1421 :
2853 1385 2979 1423 nam
3030 1369 3116 1423 vir
3168 1367 3658 1438 prudentissimus,

2076 1471 2438 1532 praeterquam
2479 1461 2627 1532 quod
2670 1477 2769 1532 pro
2800 1460 2905 1516 ﬁde
2947 1460 3149 1516 acriter
3178 1460 3474 1531 pu'gnabat,
3508 1459 3661 1529 quod

2077 1552 2358 1607 fuit‘viris
2401 1553 2563 1608 bonis
2609 1554 2946 1608 incentivum
2993 1553 3062 1608 ad
3123 1568 3400 1618 amorem,
3457 1552 3664 1607 litteris

2080 1645 2196 1700 suis
2225 1644 2621 1698 monachorum
2644 1645 2798 1699 urbis
2837 1644 2997 1715 regiae
3017 1644 3227 1708 Patres,
3252 1658 3391 1713 quos
3429 1652 3663 1698 noverat

2078 1735 2136 1790 in
2171 1736 2294 1790 aula
2328 1735 2582 1806 religiosa
2613 1735 2752 1789 nihil
2779 1750 2890 1788 non
2917 1750 3106 1804 posse,
3143 1739 3198 1788 in
3232 1741 3442 1804 partem
3473 1733 3664 1789 consi-

2075 1827 2278 1881 liorum
2306 1835 2362 1882 et
2387 1843 2582 1896 pugna:
2610 1842 2834 1891 vocans,
2857 1827 3057 1881 mirum
3095 1835 3363 1896 quantum
3391 1826 3496 1881 sibi
3523 1841 3664 1881 con-

2077 1917 2376 1972 ciliaverat.
2410 1918 2480 1972 Ut
2509 1926 2690 1971 autem
2716 1917 2841 1972 ﬁdei
2866 1919 3037 1982 zelus,
3072 1919 3429 1986 virorumque
3471 1917 3668 1972 docto-

2077 2023 2202 2060 rum
2256 2021 2427 2070 amor,
2460 2007 2503 2060 si
2549 2007 2771 2076 quando
2818 2007 3072 2062 inciderit
3120 2008 3173 2061 in
3215 2007 3468 2062 homines
3502 2008 3666 2064 valde

2078 2099 2286 2162 bonos,
2329 2113 2426 2152 eos
2478 2097 2661 2151 reddit
2711 2097 2901 2152 faciles
2946 2099 3125 2168 decipi
3180 2116 3210 2154 a
3261 2101 3669 2156 veteratoribus

2077 2190 2337 2260 pietatem
2377 2189 2659 2254 mentitis;
2685 2189 2764 2244 sic
2787 2190 3072 2261 Eutychen
3091 2191 3389 2260 propensio
3410 2192 3462 2244 in
3487 2189 3668 2262 Cyril-

2077 2283 2213 2346 lum,
2239 2281 2499 2336 etodium
2527 2281 2788 2344 Nestorii,
2811 2283 3096 2336 monachis
3117 2283 3368 2337 Armenis
3396 2282 3667 2354 Cyrillum

2080 2389 2221 2444 pene
2265 2372 2644 2436 adorantibus,
2696 2374 3008 2428 Nestorium
3058 2375 3210 2428 velut
3251 2375 3402 2429 orbis
3453 2384 3669 2445 pestem

2079 2459 2516 2524 exsecrantibus,
2541 2460 2637 2514 sed
2666 2460 2988 2530 Apollinarii
3023 2463 3212 2516 morbo
3244 2463 3475 2527 allectis,
3500 2477 3672 2518 aures

2081 2551 2324 2620 praebere
2359 2551 2645 2620 compulit,
2672 2567 2736 2606 ac
2761 2553 3110 2608 sermonibus
3135 2553 3292 2608 ﬁdem
3320 2554 3470 2608 dare.

2156 2641 2387 2709 Propter
2423 2641 2716 2696 nonnullas
2756 2642 2924 2712 igitur
2967 2642 3153 2713 Cyrilli
3196 2644 3496 2698 sententias
3522 2644 3669 2698 male

2085 2735 2413 2800 intellectas,
2439 2736 2654 2790 somnio
2687 2736 2921 2790 similem
2944 2735 3073 2789 fecit
3097 2737 3348 2800 haeresin,
3390 2744 3485 2790 aut
3513 2736 3673 2792 factae

2082 2826 2269 2895 potius
2295 2826 2365 2880 ab
2407 2826 2663 2881 Armenis
2694 2827 2979 2880 monachis
3007 2813 3206 2880 nomen
3251 2827 3424 2882 dedit.
3448 2827 3668 2884 Aiebat.

2085 2925 2146 2969 ut
2186 2915 2389 2980 ferunt,
2417 2916 2556 2970 duas
2596 2915 2763 2969 fuisse
2795 2915 3016 2985 quidem
3045 2925 3171 2970 ante
3203 2917 3461 2971 unionem
3507 2925 3672 2970 natu-

400 3019 447 3076 ι,
477 3019 784 3100 ’βρροφιε
825 3020 1282 3100 ροηδιαητεηορρρξ
1358 3025 1608 3100 ᾳάυενεαε
1690 3023 1976 3100 εηιυριιεη,
2009 3044 2050 3100 C
2085 3021 2195 3100 ras,
2221 3007 2317 3061 sed
2361 3007 2430 3061 ab
2466 3007 2716 3061 unitione
2756 3023 2919 3061 unam
2970 3023 3255 3100 remanere
3310 3009 3363 3062 in
3410 3005 3668 3100 Christo;

477 3089 698 3161 IIIQuis
768 3093 930 3161 ipsius
983 3089 1184 3146 errorﬂ
1217 3094 1302 3146 III.
1357 3093 1659 3146 Damnatur
1718 3089 1980 3148 obnitente

475 3159 799 3231 Chrysaphio
826 3164 1075 3234 eunucho.
1106 3163 1192 3217 IV.
1225 3163 1455 3216 Laborat
1485 3163 1829 3234 Theodoretus
1854 3181 1977 3234 pro-

477 3239 594 3304 pter
620 3234 1006 3304 ordinationem
1036 3233 1481 3304 Irenmi_diganii.
1518 3233 1582 3286 V.
1614 3233 1873 3286 Indicitur
1897 3251 1981 3304 sy—

477 3301 644 3372 nodus
687 3301 950 3372 Ephesina
1002 3319 1058 3354 ll.
1090 3303 1172 3361 VI,
1218 3301 1366 3355 Vetat
1404 3304 1712 3372 imperator,
1747 3320 1810 3372 ne
1847 3301 1983 3358 adsit

474 3368 840 3441 Theodoretus.
873 3371 983 3441 VII.
1013 3372 1085 3422 De
1109 3371 1454 3441 metropolitis
1478 3368 1711 3441 kEgypti.
1730 3371 1864 3426 VIII.
1888 3375 1983 3428 ln-

481 3390 840 3423 Htcuaoretus.
881 3390 983 3424 vu.
1013 3390 1085 3422 ue
1109 3390 1454 3441 metropomts
1478 3390 1578 3441 mg
1619 3390 1711 3440 ρει.
1739 3390 1864 3426 VIII.
1888 3390 1983 3428 m-

481 3439 757 3493 dictionem
790 3457 925 3509 wgre
959 3440 1055 3508 fert
1086 3441 1453 3494 Theodoretus.
1477 3390 1664 3502 IX,yX.
1687 3442 1986 3496 Damnatur

476 3509 743 3580 cymatiis
789 3511 842 3561 in
870 3510 1090 3578 synodo,
1126 3511 1179 3562 in
1215 3528 1318 3579 qua
1365 3510 1501 3580 ﬁunt
1527 3513 1702 3563 omnia
1736 3529 1827 3580 per
1859 3516 1982 3568 vim.

479 3577 572 3649 XI,
600 3577 713 3649 XII.
747 3579 878 3649 Acta
904 3577 1157 3631 rescindit
1187 3577 1399 3632 sanctus
1435 3579 1556 3638 Leo,
1589 3582 1677 3649 qui
1713 3577 1889 3635 scribit
1919 3585 1986 3636 ad

479 3647 817 3719 Theodosium
842 3648 904 3719 de
925 3649 1120 3719 synodo
1139 3649 1464 3719 abroganda.
1481 3647 1620 3702 XIII.
1643 3650 1986 3705 Theodoretus

480 3715 716 3788 appellat
777 3715 1382 3788 sedemiapostolicbm,
1445 3719 1746 3788 legatosque
1801 3723 1982 3776 mittit.

477 3784 617 3840 Χιν.
644 3785 779 3839 Petit
842 3784 1336 3857 facultatt’ml'jg
1388 3784 1830 3843 sibi—Vllari'emia'i
1880 3792 1988 3844 Ro-

479 3872 644 3930 mam,
673 3866 765 3909 aut
802 3857 871 3910 ad
897 3858 1431 3930 rnoryzsteﬁnni
1451 3858 1750 3930 Imperator
1780 3861 1987 3930 repellit

479 3927 975 3998 petitionentsancti
1003 3927 1202 3980 Leonis.
1229 3927 1366 3981 XVI.
1392 3928 1671 3981 Pulclwria
1705 3927 1861 3998 fratri
1885 3949 1988 3985 non

480 3995 699 4048 absistit.
734 3995 893 4050 XVII.
933 3997 1277 4050 Theodoretus
1309 4014 1363 4050 se
1412 4007 1459 4049 ct
1491 4000 1684 4051 amicos
1706 3995 1988 4055 consortes

431 4069 434 4072 ’
477 4063 702 4118 solatur.
743 4064 928 4120 XVIII.
977 4065 1168 4120 Scribit
1215 4066 1504 4120 Historiam
1555 4067 1984 4124 ecclesiasticam.

815 4178 889 4227 Ab
914 4192 1042 4228 anno
1068 4176 1247 4229 Christi
1281 4179 1369 4227 ιιι)
1392 4180 1452 4228 ad
1477 4181 1586 4229 451.

477 4280 520 4335 I.
552 4279 751 4336 Coacta
780 4291 864 4336 est
901 4282 1122 4337 interim
1158 4283 1632 4354 Constantinopoli
1668 4302 1696 4339 a
1730 4287 1988 4341 Flaviano

2084 3095 2206 3165 ejus
2231 3111 2452 3150 carnem
2481 3112 2590 3150 non
2619 3112 2739 3152 esse
2769 3107 2970 3152 nostra:
2996 3099 3542 3157 consubstantialem,
3567 3098 3670 3153 sed

2084 3188 2225 3242 coelo
2250 3187 2477 3256 lapsam,
2524 3204 2622 3257 per
2657 3189 2897 3258 Virginis
2929 3197 3146 3243 uterum
3181 3191 3462 3244 transiisse
3494 3191 3669 3244 veluti

2084 3292 2184 3345 per
2208 3279 2453 3332 canalem
2473 3318 2488 3342 ,
2526 3287 2581 3332 et
2605 3278 2679 3332 ita
2715 3279 2770 3331 in
2803 3279 2980 3332 lucem
3008 3279 3276 3348 prodiisse
3303 3298 3315 3333 :
3353 3297 3474 3350 quae
3503 3296 3676 3336 causa

2086 3366 2213 3431 fuit,
2239 3379 2298 3422 ut
2325 3385 2353 3423 a
2380 3368 2568 3442 Leone
2603 3369 2794 3439 Magno
2824 3371 2867 3401 θ’
2904 3369 3183 3425 diceretur
3215 3372 3374 3441 180
3402 3373 3454 3424 in
3479 3388 3676 3426 veram

2089 3459 2324 3528 Virginis
2370 3447 2798 3525 iuaternitatem,
2851 3463 3078 3531 perinde
3132 3479 3196 3516 ac
3229 3463 3533 3527 Nestorius,
3583 3479 3678 3518 er-

2090 3562 2262 3601 rasse.
2303 3548 2508 3602 Verum
2579 3549 2818 3604 hominis
2873 3551 3197 3622 desipientis
3252 3554 3321 3606 ab
3373 3561 3552 3618 aetate,
3612 3565 3677 3609 et

2090 3639 2265 3707 ignari
2300 3655 2400 3709 per
2437 3656 2516 3705 se,
2539 3651 2596 3696 et
2621 3658 2649 3696 a
2683 3644 3170 3712 praestigiatoribus
3194 3644 3445 3698 Armenis
3465 3645 3675 3709 delusi,

2090 3738 2145 3782 et
2183 3731 2298 3784 suis
2345 3731 2561 3787 duobus
2606 3736 2891 3790 monachis
2930 3735 3292 3790 Constantino
3340 3744 3396 3790 et
3448 3736 3677 3790 Eleusio

2091 3822 2334 3885 creduli,
2371 3823 2578 3892 opinio,
2611 3841 2713 3880 nec
2763 3841 2870 3880 una
2922 3827 3059 3890 fuit,
3095 3843 3197 3881 nec
3245 3837 3522 3892 constans,
3569 3828 3674 3882 sed

2090 3915 2515 3980 commutabilis,
2548 3925 2711 3984 prout
2745 3918 3082 3971 contrarium
3108 3917 3370 3987 quiddam
3401 3917 3487 3972 vel
3523 3917 3677 3988 obji-

2091 4015 2336 4069 ceretur,
2374 4007 2458 4060 vel
2481 4007 2647 4060 etiam
2677 4008 2980 4064 diceretur.

2158 4098 2246 4151 lll.
2278 4099 2576 4153 Damnatus
2603 4108 2688 4154 est
2716 4115 2744 4152 a
2771 4100 3011 4153 Flaviani
3035 4099 3262 4171 synodo,
3295 4098 3673 4169 nequidquam

2092 4190 2379 4244 obtinente
2422 4191 2764 4262 Chrysaphio
2814 4192 3091 4254 eunucho,
3137 4207 3300 4260 quem
3343 4190 3523 4244 minus
3554 4190 3672 4244 Eu-

2096 4280 2274 4350 tychis
2316 4297 2488 4344 amor,
2513 4298 2673 4349 quam
2728 4281 2968 4334 Flaviani
3009 4281 3194 4334 odium
3237 4281 3484 4351 urgebat.
3510 4281 3677 4335 Dam-

412 4371 675 4443 synodus,
716 4388 838 4441 qua:
892 4375 1242 4443 consignatur
1285 4374 1506 4429 Zenone
1537 4384 1592 4429 et
1634 4376 1987 4431 Postumiano
2018 4393 2067 4450 ι)
2094 4372 2370 4425 nationem
2405 4382 2715 4426 consecuta:
2747 4381 2877 4426 sunt
2899 4373 3090 4437 turbae,
3110 4381 3336 4441 propter
3358 4385 3493 4440 quas
3521 4382 3675 4441 post-

413 4476 555 4517 coss.
590 4478 662 4516 iv.
696 4463 774 4516 Id.
799 4463 1065 4517 Novemb.
1093 4465 1212 4518 Non
1256 4464 1360 4519 fuit
1412 4464 1644 4520 fortasse
1687 4466 1988 4531 ordinaria,

413 4552 509 4608 sed
531 4561 591 4608 ut
625 4553 827 4609 habent
849 4563 990 4619 acta,
1017 4555 1344 4626 ἐνδημοῡσα,
1370 4573 1436 4611 ex
1466 4558 1534 4611 iis
1559 4572 1754 4625 nempe
1779 4558 1994 4626 episco-

414 4644 519 4714 pis,
544 4645 641 4713 qui
684 4647 886 4715 reperti
936 4655 1066 4700 sunt
1109 4647 1165 4700 in
1209 4648 1497 4702 comitatu.
1525 4648 1694 4701 Erant
1745 4665 1878 4702 vero
1923 4649 1993 4704 de

416 4748 569 4788 more
617 4735 859 4804 plurimi.
905 4735 1261 4791 Occasionem
1305 4737 1350 4768 ⁹¹
1397 4737 1652 4805 cogenda:
1695 4737 1825 4791 fecit
1871 4747 1990 4793 orta

416 4825 646 4894 quaestio
695 4827 838 4882 inter
869 4829 1211 4882 Florentium
1273 4828 1526 4882 Sardium
1579 4827 1900 4892 antistitem,
1937 4838 1993 4883 et

418 4915 558 4970 duos
591 4916 712 4986 ejus
741 4919 1039 4987 provinciae
1084 4920 1373 4988 episcopos
1393 4918 1656 4973 Joannem
1704 4927 1761 4972 et
1799 4918 1984 4972 Cossi-

419 5007 571 5062 nium
607 5024 619 5060 :
653 5023 757 5076 qua
791 5007 949 5062 facile
989 5008 1159 5073 ﬁnita,
1189 5018 1370 5063 actum
1416 5017 1520 5072 est,
1559 5017 1852 5063 accusante
1885 5009 1995 5062 Eu-

423 5095 578 5150 sebio
605 5097 832 5167 θοι-91ιεί
858 5097 1138 5166 episcopo,
1161 5097 1229 5150 de
1256 5097 1501 5166 Eutyche
1529 5098 1868 5168 presbytero,
1898 5100 1992 5166 qui

423 5184 622 5254 saepius
653 5185 720 5240 ab
749 5187 986 5241 Eusebio
1023 5187 1196 5240 amice
1237 5186 1550 5241 admonitus
1586 5187 1652 5241 de
1687 5189 1996 5259 ahjiciendo

2098 4462 2320 4516 modum
2373 4463 2708 4516 latrocinalis
2751 4463 2986 4531 primum
3040 4464 3281 4534 synodus
3328 4463 3602 4532 Ephesina
3638 4478 3670 4516 a

2101 4554 2431 4618 Theodosio,
2474 4554 2672 4608 deinde
2719 4554 3182 4608 Chalcedonensis
3235 4556 3572 4610 mcumenica
3640 4571 3675 4608 a

2101 4645 2392 4709 Marc-iano,
2423 4644 3025 4713 Constantinopolitana
3070 4650 3084 4663 ‘
3119 4645 3357 4716 denique
3403 4647 3675 4717 generalis

2101 4735 2340 4790 secunda
2389 4736 2550 4805 longo
2599 4744 2723 4805 post
2752 4744 2994 4804 tempore
3040 4751 3069 4789 a
3121 4736 3429 4791 Justiniano
3483 4746 3673 4792 coacta

2097 4833 2200 4880 εει.

2173 4921 2260 4974 IV.
2311 4921 2536 4976 Interim
2571 4922 2952 4978 Theodoretus
2993 4922 3467 4994 Constantinopoli
3531 4923 3678 4976 male

2101 5012 2378 5076 audiebat,
2400 5030 2504 5066 non
2541 5023 2747 5067 tantum
2773 5014 3037 5068 doctrinm
3059 5029 3222 5068 causa
3254 5015 3674 5083 turbarumque,

2102 5119 2239 5171 quas
2269 5103 2467 5167 ciebat,
2504 5103 2597 5158 sed
2631 5105 2793 5158 etiam
2843 5115 3069 5174 prepter
3114 5105 3519 5160 ordinationem
3565 5105 3679 5159 Ire-

2103 5193 2204 5246 mei
2230 5193 2452 5263 digami.
2497 5195 2618 5249 Fuit
2667 5197 2905 5250 lrenreus
2933 5211 3120 5251 comes
3166 5197 3293 5263 ille,
3322 5198 3478 5268 cujus
3531 5195 3678 5250 inter

1749 5341 2062 5398 SCIIULZII
2105 5343 2336 5402 NOTA‘J.

508 5453 555 5485 ⁸⁷
587 5451 836 5506 Litteras.
865 5451 984 5509 Vid.
1009 5454 1184 5523 epist.
1224 5470 1259 5508 ιι
1306 5463 1363 5509 et
1415 5456 1502 5518 86,
1553 5466 1591 5509 ι.
1622 5458 1708 5512 IV.

426 5522 586 5591 epist.
621 5523 782 5578 88-9I
798 5563 810 5575 .

430 5593 772 5715 tiiiqqpljtani
810 5594 1014 5648 inserta
1073 5593 1222 5649 Actis
1262 5610 1414 5648 conc.
1469 5593 1953 5650 Chalcedonensis.

433 5678 484 5715 ι).
592 5677 657 5715 δ.)
688 5679 841 5715 seua.

433 5678 484 5732 p.
526 5677 657 5716 two
688 5679 841 5733 seqq.

921 5457 984 5506 id.
1023 5457 1188 5536 epist.
1224 5470 1259 5508 ιι
1306 5463 1363 5509 et
1415 5457 1502 5536 8ft,
1553 5466 1591 5509 t.
1622 5458 1708 5512 IV.
1815 5458 1859 5490 ⁸⁸
1895 5457 1980 5527 Inq

921 5525 966 5554 νο
996 5522 1210 5554 (ιο-...ραι
1267 5537 1351 5554 Ain
1404 5526 1498 5554 υΑ
1559 5535 1571 5554 ι
1641 5527 1708 5554 IV
1761 5527 1895 5554 Αηζηι
1956 5530 1980 5554 n

2089 5458 2257 5554 ,ἣξει
2283 5461 2494 5554 “Law,
2527 5477 2580 5543 ρ.
2651 5460 2803 5554 ιιξςεῑΣ

991 5522 1232 5596 Scripsit,
1267 5537 1372 5580 etc.
1404 5526 1521 5596 Vid.
1559 5535 1596 5580 ι.
1641 5527 1730 5596 IV,
1760 5527 1918 5596 epist.
1956 5522 2178 5582 95-108.

2031 5598 2074 5628 ⁹¹
2117 5598 2178 5651 Ut
2218 5619 2248 5652 a
2280 5599 2450 5654 Leone
2503 5609 2606 5654 etc.
2662 5599 2779 5651 Vid.
2820 5601 3020 5656 Leonis
3067 5603 3136 5657 Μ.
3168 5603 3474 5674 epistolam,
3508 5613 3545 5656 t.
3579 5602 3670 5668 IV,

2905 5462 2950 5494 ⁸⁸
2979 5462 3220 5533 Scripsit.
3287 5465 3407 5519 Vid.
3469 5473 3507 5516 t.
3577 5463 3668 5529 IV,

2283 5531 2323 5563 "
2361 5529 2716 5589 Occasionem.
2754 5540 2859 5584 etc.
2893 5532 3014 5586 Vid.
3060 5529 3181 5588 Act.
3214 5547 3368 5588 conc.
3403 5533 3673 5588 Constan-
