3950 6226
224 245 313 310 133

1354 244 1717 306 HISTORIA
1753 243 2263 307 THEODORETI.

3367 250 3471 313 134

218 352 472 425 agendum
504 351 573 407 de
633 349 852 423 synodo
889 348 1164 419 Ephesius
1209 350 1417 404 mentio
1460 350 1585 413 fuit,
1628 352 1793 405 homo
1824 359 1865 411 Α
1895 355 1985 422 qui
2023 355 2115 408 sub
2145 355 2306 426 ipsius
2339 357 2585 426 degerent
2617 358 2839 422 diaccsi,
2874 368 2920 412 et
2952 359 3071 414 aliis
3111 361 3352 416 similiter
3381 365 3474 417 de-

218 454 428 516 propter
453 442 746 513 perﬁdiam
787 441 1108 512 imperatori
1142 440 1374 505 invisus,
1402 441 1498 510 qui
1524 442 1792 512 dignitate

219 530 420 594 comitis
448 538 727 608 privatus,
753 545 813 592 et
850 537 1064 607 eiectus
1098 536 1241 599 aula,
1286 535 1340 590 in
1379 534 1660 590 Orientem
1707 551 1794 590 se—

220 639 442 687 cesserat
462 630 612 700 apud
636 645 753 686 sum
779 629 1037 684 factionis
1073 627 1298 683 amicos.
1327 626 1627 683 Ordinatus
1650 638 1733 682 est
1761 644 1794 682 a

219 721 556 776 Theodoreto
582 719 883 790 episcopus
913 717 1064 791 Tyri,
1107 734 1418 788 quanquam
1449 735 1557 773 non
1588 729 1698 774 tam
1722 720 1793 773 oh

220 813 475 869 secundas
505 828 638 868 suas
664 813 909 883 nuptias,
938 825 1105 881 quam
1147 810 1219 865 oh
1265 820 1577 881 suspectam
1628 812 1793 867 iidem

221 915 271 960 et
308 903 546 960 Nestorii
598 904 855 974 pertinax
901 901 1147 957 studium
1203 901 1461 972 indignus
1509 910 1652 967 erat,
1699 902 1793 972 qui

221 996 509 1052 Ecclesiam
540 996 712 1050 ullam
743 1003 980 1065 regeret,
1021 996 1197 1048 multo
1219 993 1402 1047 minus
1425 993 1645 1064 Tyriam
1676 1008 1794 1049 me-

223 1089 544 1160 tropolitano
564 1089 696 1159 jure
728 1087 971 1142 nobilem
1008 1103 1021 1139 :
1059 1100 1230 1155 quare
1259 1086 1611 1156 imperatoris
1638 1087 1796 1157 jussu

225 1185 275 1235 in
316 1181 569 1237 ordinem
607 1180 865 1236 redactus
900 1187 1019 1242 est,
1051 1192 1116 1232 ac
1166 1177 1350 1248 patrio
1383 1177 1503 1232 solo
1553 1177 1797 1232 circum-

224 1273 468 1342 scriptus.

287 1365 434 1421 Fecit
485 1374 553 1420 ea
610 1373 738 1428 res,
779 1372 842 1418 ut
883 1364 1266 1419 Theodoretus
1313 1361 1584 1432 penderet
1627 1361 1796 1416 animi

227 1455 430 1520 dubius,
459 1454 599 1525 quid
639 1462 764 1524 post
812 1454 1174 1525 dejectionem
1217 1452 1408 1507 lrentei
1445 1459 1632 1522 ageret
1674 1469 1687 1505 :
1727 1467 1798 1506 an

227 1547 499 1603 ordinaret
532 1547 766 1601 alterum
788 1587 802 1611 ,
830 1545 1113 1615 profectus
1164 1545 1401 1615 Tyrum;
1432 1558 1503 1597 an
1552 1559 1611 1598 se
1655 1544 1799 1614 Cyro

229 1640 545 1704 contineret,
576 1646 638 1693 ut
682 1645 804 1693 erat
841 1638 1065 1708 jussus,
1112 1636 1444 1705 viduamque
1501 1635 1629 1706 Tyri
1699 1636 1800 1691 Ec-

228 1733 435 1787 clesiam
489 1730 856 1801 relinqueret.
896 1728 1164 1799 Utrinque
1206 1728 1529 1798 perplexum
1573 1727 1799 1783 videbat

230 1823 517 1893 negotium,
537 1837 666 1877 cum
692 1830 893 1876 neutra
928 1834 1057 1889 pars
1099 1818 1305 1872 invidia
1338 1826 1583 1883 careret,
1607 1828 1664 1872 et
1685 1818 1802 1871 ani—

230 1931 339 1971 mus
387 1925 573 1970 tamen
619 1915 675 1968 in
700 1914 990 1977 Irenaeum,
1015 1910 1374 1967 consiliorum
1418 1910 1549 1964 olim
1589 1909 1803 1981 adjuto-

231 2021 351 2071 rem,
380 2005 773 2077 propenderet.

291 2099 349 2153 γ.
375 2099 605 2154 Interim
629 2098 675 2130 ⁹³
705 2096 1036 2168 Chrysaphii
1075 2094 1319 2151 eunuchi
1346 2093 1582 2154 artibus,
1612 2090 1798 2147 Eudo-

233 2191 425 2261 nizque
471 2190 698 2261 reginae,
728 2188 994 2243 muliebri
1028 2188 1084 2242 in
1140 2187 1455 2242 Flavianum
1498 2183 1803 2238 Pulcheriaa

232 2284 488 2339 faventem
516 2283 649 2339 odio
675 2282 883 2337 factum
911 2289 1015 2346 est,
1037 2289 1097 2335 ut
1119 2280 1310 2334 uxoria
1336 2278 1598 2333 facilitate
1619 2275 1799 2329 Theo-

232 2376 403 2431 dosius
426 2375 697 2448 Eutychis
718 2390 941 2429 causam
973 2373 1290 2443 recognosci
1316 2372 1500 2433 vellet,
1530 2368 1801 2436 simulque

232 2465 292 2519 de
333 2465 598 2521 Flaviano
639 2464 833 2518 haberi
869 2462 1160 2535 judicium.
1198 2461 1254 2515 ld
1299 2475 1432 2514 vero
1467 2458 1650 2512 aiebat
1692 2471 1803 2526 pra

234 2556 474 2611 illusione
519 2553 578 2608 id
617 2555 794 2624 ipsum
841 2568 998 2617 esse,
1055 2550 1204 2621 quod
1254 2549 1588 2619 Ephesinam
1639 2546 1802 2601 ﬁdem

235 2646 424 2700 iuuari
453 2665 468 2699 :
494 2660 667 2717 quare
692 2644 841 2714 quod
857 2643 1180 2714 jamdudum
1208 2649 1525 2710 susceperat
1549 2638 1805 2709 cogendae

233 2739 408 2811 synodi
433 2737 795 2795 mcumenica:
817 2736 1135 2799 consilium,
1158 2736 1600 2803 deposueratque
1627 2730 1803 2802 gravi-

234 2831 327 2887 bus
364 2832 432 2887 de
458 2831 665 2896 causis,
705 2830 1001 2899 resumpsit
1044 2828 1286 2892 tandem,
1312 2825 1689 2897 synodumque
1734 2825 1800 2878 ad

236 2922 491 2977 Kalendas
538 2921 770 2992 Augusti
828 2921 1031 2990 Ephesi
1077 2918 1484 2980 celebrandam,
1542 2916 1804 2969 Dioscoro

237 3016 451 3084 preside
492 3015 710 3070 indixit.

295 3107 450 3162 lissa
471 3107 521 3139 “
544 3114 633 3162 est
681 3106 996 3162 evocatoria
1019 3104 1228 3161 sanctio
1264 3104 1333 3159 ad
1359 3119 1551 3158 omnes
1579 3117 1802 3173 magna-

239 3214 348 3253 rum
405 3199 628 3254 sedium
684 3198 982 3262 antistites,
1019 3197 1075 3251 id
1100 3206 1209 3261 est,
1245 3197 1315 3251 ad
1357 3205 1607 3250 sanctum
1660 3195 1803 3249 Leo-

239 3304 353 3343 nem
394 3290 607 3355 Rome,
637 3289 797 3359 181
836 3289 1157 3343 Dioscorum
1187 3287 1563 3351 Alexandria,
1590 3287 1804 3340 Flavia-

237 3395 357 3433 num
378 3378 958 3449 Constantinopoleos,
993 3379 1264 3433 Domnum
1294 3378 1617 3438 Antiochiae.
1643 3377 1807 3432 Juve—

237 3472 405 3525 nalem
464 3470 977 3541 Hierosolymorum
1032 3469 1354 3539 episcopum
1407 3485 1421 3521 :
1479 3467 1667 3530 missa,
1718 3467 1806 3519 in-

237 3575 408 3628 quam,
457 3560 662 3630 partim
717 3558 934 3619 eadem,
956 3558 1003 3613 si
1050 3558 1192 3612 ratio
1233 3558 1502 3612 habeatur
1542 3557 1806 3626 prmcipui

236 3650 467 3721 negotii;
497 3651 700 3720 partim
729 3649 972 3714 diversa,
1005 3648 1052 3702 si
1082 3648 1337 3719 specialia
1385 3649 1634 3718 quaedam
1685 3662 1805 3701 mo-

238 3743 341 3796 uita
368 3751 424 3797 et
448 3743 602 3812 jussa
626 3751 966 3812 spectantur.
996 3741 1053 3795 Id
1077 3740 1402 3811 intelligitur
1421 3756 1488 3794 ex
1515 3741 1651 3795 actis
1673 3756 1807 3794 con-

239 3832 360 3887 cilii.
390 3832 655 3888 Eamdem
704 3832 1065 3897 demonstrat,
1109 3831 1259 3901 quod
1287 3838 1411 3900 post
1460 3831 1654 3884 lectam
1680 3846 1807 3885 san-

240 3925 472 3979 ctionum
530 3939 732 3990 unam,
770 3924 1165 3979 Constantinus
1214 3923 1436 3978 concilii
1485 3925 1811 3978 secretarius

242 4014 390 4081 dixit,
420 4014 605 4068 eodem
641 4024 822 4068 tenore
843 4015 1103 4085 scriptum
1137 4029 1246 4068 esse
1285 4013 1406 4068 aliis
1438 4015 1807 4068 reverendissi-

242 4100 633 4177 Ilis'episwpis,
654 4115 714 4159 ut
744 4108 801 4159 in
837 4106 1097 4176 synodum
1126 4107 1479 4159 convenirent.
1512 4105 1807 4159 Diversita-

244 4207 342 4253 tem
387 4198 653 4263 ostendit,
701 4198 851 4268 quod
888 4206 1048 4252 antea
1100 4196 1322 4267 legitur,
1363 4196 1552 4251 haberi
1612 4211 1808 4265 nempe

242 4302 343 4357 prae
376 4288 634 4343 manibus
686 4287 755 4340 τὰ
784 4286 904 4340 θεῖα
935 4286 1238 4356 Γράμματα
1282 4285 1353 4339 τὰ
1376 4286 1643 4356 διαφόρως
1672 4287 1809 4339 ἀπο-

1891 461 2001 498 cem
2032 449 2227 499 sanctis
2257 448 2529 517 episcopis,
2559 465 2801 503 sermone
2831 461 2879 503 et
2910 453 3015 505 vita
3045 453 3268 516 ornatis,
3298 456 3390 523 qui
3419 457 3476 509 in

1893 538 2132 593 doctrina
2179 549 2228 593 et
2281 543 2499 595 scientia
2552 552 2706 596 rectas
2753 553 2911 615 atque
2953 545 3311 600 immaculata:
3350 547 3477 615 ﬁdei

1893 631 2038 703 apud
2075 641 2283 685 cunctos
2322 635 2630 697 eminerent,
2668 637 2919 705 proximis
2962 636 3217 692 Kalendis
3255 638 3478 710 Augusti

1895 722 2160 793 Ephesum
2198 727 2474 778 convenire
2521 726 2812 794 festinaret.
2857 726 2994 782 Cum
3045 728 3238 783 eodem
3289 738 3479 785 tenore

1894 814 2162 883 scriptum
2197 816 2269 869 sit
2301 825 2351 870 et
2391 819 2514 871 aliis
2545 818 2839 889 episcopis,
2876 819 2933 874 id
2967 835 3035 875 eo
3072 835 3238 876 sensu
3273 821 3480 877 intelli-

1895 906 2134 975 gendum
2163 908 2354 977 procul
2386 908 2556 964 dubio
2596 918 2701 975 est,
2743 927 2853 981 quo
2888 912 3171 982 pertinere
3202 914 3382 984 potuit
3409 913 3480 969 ad

1896 997 2162 1067 singulos.
2198 1015 2396 1070 nempe
2446 1008 2506 1055 ut
2545 1002 2638 1071 qui
2667 1005 3045 1074 metropolitas
3083 1004 3312 1061 haberet
3352 1020 3480 1075 pro-

1896 1090 2018 1161 prie
2058 1090 2268 1158 dictos,
2322 1100 2385 1147 ut
2415 1091 2824 1157 Antiochenus,
2864 1111 2961 1151 eos
3009 1097 3337 1163 adduceret;
3382 1098 3480 1168 qui

1898 1189 2132 1246 careret,
2164 1182 2567 1253 praecipuarum
2614 1184 2898 1240 civitatum
2942 1188 3270 1258 praesulibus
3305 1189 3478 1244 comi-

1899 1269 2147 1325 tantibus
2180 1272 2414 1326 veniret.

1968 1361 2080 1417 Vll.
2122 1362 2461 1418 Evocatoriac
2498 1365 2601 1419 ista
2638 1364 3022 1436 interpretatio
3054 1370 3255 1425 evertit
3289 1369 3485 1427 funda-

1898 1459 2169 1516 mentum,
2199 1466 2311 1522 quo
2348 1468 2505 1507 suam
2548 1462 2804 1508 astruunt
2846 1455 3188 1525 opinionem,
3225 1457 3320 1529 qui
3363 1474 3482 1515 me-

1901 1543 2189 1614 tropolitas
2220 1544 2442 1615 proprie
2470 1545 2647 1600 dictos
2680 1545 2768 1600 his
2798 1548 3140 1617 temporibus
3169 1550 3223 1603 in
3256 1550 3483 1606 dioecesi

1899 1635 2214 1708 Egyptiaca
2240 1637 2407 1692 fuisse
2430 1637 2644 1709 aliquos
2674 1640 2941 1695 scribunt.
2967 1639 3324 1710 Metropolitae
3352 1657 3485 1712 pro-

1901 1728 2020 1797 prie
2041 1728 2322 1795 dicuntur,
2353 1745 2465 1784 non
2488 1731 2581 1800 qui
2609 1731 3006 1800 praecipuarum
3031 1732 3250 1787 urbium
3274 1732 3488 1802 episco-

1902 1826 2089 1888 patum
2130 1829 2344 1891 gerant,
2387 1821 2483 1876 sed
2525 1821 2621 1892 qui
2661 1823 2999 1877 convocandi
3043 1839 3154 1878 sua:
3193 1824 3487 1895 provinciae

1901 1912 2157 1976 concilii,
2202 1913 2606 1983 exercendique
2653 1913 2722 1967 de
2768 1914 3031 1985 subjectis
3079 1915 3354 1985 episcopis
3392 1917 3484 1988 ju-

1901 2000 2031 2055 dicii
2079 2000 2170 2070 jus
2216 2002 2523 2058 obtineant.
2565 2002 2701 2057 Nam
2755 2004 2971 2059 tametsi
3018 2005 3303 2069 noverim,
3341 2005 3488 2060 inter

1900 2090 2150 2144 eruditos
2183 2090 2239 2145 in
2271 2092 2707 2147 controversiam
2738 2093 2943 2156 vocari,
2974 2108 3042 2147 an
3071 2094 3223 2147 solus
3248 2093 3484 2149 Alexan-

1901 2180 2098 2236 drinus
2125 2183 2217 2251 jus
2242 2182 2490 2248 haberet,
2522 2184 2671 2253 quod
2701 2184 2909 2239 dictum
2940 2193 3043 2250 est,
3064 2185 3265 2255 aliique
3295 2199 3489 2239 omnes

1904 2274 2074 2327 totius
2108 2273 2441 2346 Egyptiacae
2480 2274 2739 2330 dimcesis
2777 2278 3039 2345 prmsules
3075 2291 3238 2346 pares
3272 2275 3485 2345 aliqua-

1904 2374 2064 2419 tenus
2103 2375 2317 2432 essent;
2368 2368 2616 2421 noverim
2666 2368 2875 2437 pariter
2917 2383 3085 2438 super
3125 2383 3190 2422 ea
3236 2383 3296 2423 re
3338 2369 3487 2423 viros

1903 2455 2043 2510 duos
2087 2457 2304 2526 egregie
2348 2455 2541 2511 doctos
2588 2458 2806 2526 scriptis
2836 2472 3147 2528 pugnasse:
3184 2457 3359 2512 dicam
3403 2464 3486 2512 ta-

1906 2564 2053 2614 men,
2093 2549 2296 2618 quibus
2345 2548 2650 2602 rationibus
2694 2548 2966 2603 adductus
3005 2547 3129 2613 sim,
3170 2548 3239 2603 ad
3275 2549 3486 2620 negati-

1903 2657 2026 2695 vam
2063 2652 2273 2710 partem
2311 2639 2734 2694 defendendam.

1973 2734 2354 2788 Animadverti
2390 2734 2569 2804 primo
2595 2733 2649 2787 in
2676 2734 2955 2804 prioribus
2978 2743 3215 2804 quatuor
3240 2732 3489 2788 conciliis

1905 2825 2279 2890 meumenicis,
2312 2827 2514 2895 quibus
2546 2826 2924 2881 interfuerunt
2961 2826 3101 2881 bene
3132 2825 3291 2880 multi
3328 2822 3491 2897 Egy-

1904 2916 2023 2985 ptii,
2047 2918 2517 2987 metropolitarum
2534 2918 2913 2989 Egyptiorum
2950 2917 3154 2970 nullam
3186 2916 3303 2970 ﬁeri
3332 2931 3488 2971 men-

1908 3009 2142 3072 tionem,
2175 3009 2265 3063 ubi
2301 3011 2529 3063 maxime
2554 3010 2721 3073 solet,
2754 3024 2952 3077 nempe
2976 3008 3030 3061 in
3059 3006 3489 3076 subscriptioni-

1906 3099 2010 3154 hus
2038 3117 2050 3152 :
2082 3101 2284 3153 nullam
2311 3101 2564 3154 similiter
2587 3100 2642 3153 in
2666 3099 2942 3169 Ephesino
2977 3098 3288 3152 Latrocinio
3316 3115 3329 3150 :
3361 3097 3497 3152 nul-

1904 3190 2011 3244 lam
2040 3192 2093 3244 in
2119 3191 2368 3244 conciliis
2394 3191 2551 3259 182
2582 3189 3016 3260 provincialibus
3046 3188 3100 3242 in
3120 3187 3358 3260 Egypto
3390 3188 3488 3244 ha-

1896 3283 2036 3361 ~hitis
2073 3300 2085 3336 :
2123 3283 2328 3336 nullam
2378 3282 2433 3335 in
2477 3282 2694 3346 litteris,
2729 3283 2845 3336 sive
2882 3281 3192 3345 Athanasii,
3236 3281 3351 3335 sive
3382 3279 3488 3352 Cy—

1906 3374 2015 3426 rilli
2073 3373 2140 3427 ad
2181 3388 2293 3427 sua:
2332 3373 2628 3442 provinciae
2662 3373 2977 3443 epiSCOpos;
3015 3372 3214 3427 deinde
3259 3386 3356 3426 eos
3394 3371 3491 3441 qui

1907 3472 2283 3518 memorantur
2313 3480 2343 3518 a
2375 3463 2696 3519 recentioris
2716 3463 2818 3518 τι)νὶ
2857 3463 3240 3533 scriptoribus,
3278 3462 3294 3481 ‘
3328 3461 3490 3516 insti-

1909 3565 2057 3611 tutos
2093 3572 2201 3610 non
2227 3572 2348 3611 esse
2372 3564 2497 3610 ante
2535 3555 2832 3609 Justiniani
2854 3555 3204 3625 imperatoris
3223 3563 3488 3623 tempora.

1908 3649 2023 3704 Imo
2049 3649 2196 3719 quod
2224 3648 2289 3702 ad
2352 3663 2467 3701 rem
2503 3656 2829 3717 prmsentem
2872 3646 3022 3711 facit,
3063 3662 3093 3699 a
3143 3645 3362 3699 nemine
3406 3660 3495 3699 re-

1910 3741 2213 3794 centiorum
2273 3738 2648 3807 metropolitas
2688 3737 2881 3791 decem
2931 3735 3216 3806 appellari,
3262 3736 3359 3790 sed
3406 3734 3492 3790 vel

1910 3840 2042 3897 tres,
2088 3830 2323 3902 Egypti,
2366 3829 2747 3898 Pentapoleos,
2772 3836 2827 3882 et
2849 3828 3076 3898 Libyes;
3112 3828 3198 3881 vel
3221 3835 3365 3891 octo,
3400 3826 3490 3880 vel

1910 3924 1979 3979 ad
2016 3940 2290 3978 summum
2321 3938 2537 3977 novem.
2578 3922 2779 3976 Verum
2815 3919 2883 3974 de
2918 3922 3003 3975 his
3033 3921 3320 3975 hactenus.

1979 4017 2118 4071 Vlﬂ.
2153 4015 2351 4071 Audita
2385 4015 2682 4070 indictione
2710 4013 2902 4086 synodi
2930 4013 3315 4069 Theodorctus
3334 4015 3492 4071 haesit

1911 4107 2176 4162 attonitus
2218 4124 2231 4160 :
2275 4106 2535 4161 credebat
2582 4107 2729 4161 enim
2775 4106 3162 4175 imperatorem
3201 4106 3492 4161 consilium

1912 4200 1981 4257 de
2014 4200 2312 4254 indictione
2355 4199 2580 4253 omnino
2622 4199 2964 4268 deposuisse,
3006 4214 3073 4253 ex
3104 4214 3217 4268 quo
3244 4199 3492 4254 reconci-

1912 4292 2075 4347 liatus
2098 4300 2216 4345 erat
2239 4306 2362 4344 cum
2388 4289 2665 4354 Flaviano,
2693 4290 3035 4345 abalienatus
3063 4290 3243 4345 fuerat
3270 4299 3495 4360 propter

243 4379 515 4445 σταλέντα,
570 4393 756 4434 sacras
805 4378 1046 4433 Litteras
1086 4393 1212 4432 cum
1255 4376 1564 4431 ditfercntia
1594 4377 1804 4432 missas.
1840 4405 1885 4461 ο
1916 4386 2205 4439 indicatam
2245 4381 2545 4437 Pulclieriac
2582 4381 2941 4447 molitionem,
2969 4381 3037 4436 de
3070 4382 3184 4451 ipsa
3213 4381 3266 4435 in
3306 4381 3493 4436 diaco-

305 4470 387 4525 Ἦ.
447 4470 744 4526 Prohibuit
806 4470 1126 4539 imperator,
1178 4485 1248 4524 ne
1310 4470 1694 4523 admitteretur
1756 4472 1811 4525 in

244 4575 550 4618 consessum
585 4560 990 4625 Theodoretus,
1017 4560 1195 4615 donec
1230 4559 1488 4639 concordi
1530 4559 1700 4614 totius
1731 4576 1817 4632 sy—

244 4653 364 4708 nodi
409 4653 690 4710 sententia
732 4652 1112 4708 admittendus
1160 4652 1461 4706 diceretur.
1502 4651 1814 4706 Observan-

245 4743 365 4801 dum
404 4760 542 4802 vero
588 4744 644 4801 id
686 4744 943 4815 praecepti
993 4743 1222 4815 singulis
1269 4743 1644 4797 sanctionibus
1684 4759 1812 4798 con-

247 4836 397 4893 tineri
431 4854 448 4891 :
480 4839 803 4892 continetur
853 4851 919 4890 ea
959 4843 1141 4900 certe,
1188 4849 1309 4902 quae
1355 4834 1421 4886 ad
1470 4834 1810 4899 Dioscorum,

248 4942 463 4999 quaque
499 4928 570 4984 ad
607 4927 933 4983 Iuvenalem
961 4933 1018 4979 et
1047 4924 1393 4978 Thalassium
1421 4924 1488 4978 de
1519 4925 1815 4994 praesiden-

253 5020 317 5073 tia
343 5021 545 5091 scripta
582 5027 698 5084 est;
737 5032 843 5072 nec
877 5015 1109 5071 dubium
1145 5014 1281 5084 quin
1317 5015 1440 5069 aliis
1475 5015 1711 5081 duabus,
1745 5018 1811 5072 ad

251 5109 473 5166 Leonem
503 5119 561 5167 et
599 5109 947 5166 Flavianum.

314 5202 593 5258 landahat
619 5203 667 5235 "
703 5217 841 5273 ergo
874 5200 1170 5270 imperator
1200 5198 1480 5265 Dioscoro,
1508 5208 1567 5254 ut
1591 5204 1813 5272 sumptis

253 5308 409 5349 mm
452 5297 624 5350 decem
660 5292 1109 5350 reuerendissimis
1149 5291 1490 5362 metrOpolitis
1538 5295 1811 5363 episcOpis,

1912 4478 2115 4531 nissam
2163 4474 2490 4537 ordinanda,
2525 4481 2582 4527 et
2628 4488 2659 4526 a
2710 4474 2948 4543 publicis
2994 4474 3160 4527 rebus
3204 4488 3302 4542 per
3352 4472 3494 4526 hanc

1912 4574 2087 4620 artem
2134 4563 2467 4619 removenda
2510 4580 2523 4615 :
2557 4578 2727 4632 quare
2771 4563 2923 4617 velut
2957 4578 3130 4631 augur
3168 4561 3363 4625 futuri,
3399 4570 3495 4615 aut

1912 4655 2244 4709 conscientia
2290 4654 2473 4724 potius
2512 4653 2827 4719 instinctus,
2867 4654 3089 4723 scripsit
3120 4653 3331 4707 Domno
3373 4654 3492 4723 epi-

1912 4748 2129 4812 stolam,
2161 4762 2267 4816 qua
2311 4757 2366 4802 et
2408 4748 2482 4801 rei
2527 4747 2835 4811 historiam,
2868 4755 2924 4799 et
2954 4745 3116 4799 animi
3153 4745 3235 4799 sui
3271 4745 3497 4816 aegritu-

1913 4839 2097 4893 dinem
2130 4854 2257 4908 erga
2292 4838 2552 4909 Cyrillum
2596 4839 2823 4908 ejusque
2872 4851 3246 4893 successorem
3287 4838 3492 4907 prodit.

1920 4951 1938 4984 ι
1978 4931 2256 4995 Cessasse,
2297 4931 2474 5000 inquit
2506 4931 2573 4994 ³⁸,
2616 4929 2791 4983 tristia
2842 4930 3199 4998 speravimus,
3237 4944 3361 4984 cum
3406 4930 3492 4984 in-

1915 5024 2190 5079 dicassent
2237 5024 2397 5076 nobis
2444 5023 2687 5092 quidam,
2735 5022 3058 5076 exstinctam
3112 5038 3231 5076 esse
3270 5021 3493 5077 victoris

1914 5114 2259 5183 imperatoris
2303 5112 2472 5165 animi
2529 5113 2947 5182 aegritudinem,
2980 5113 3288 5181 factamque
3348 5113 3493 5167 inter

1916 5204 2211 5274 ipsummet
2250 5211 2304 5256 et
2335 5204 2447 5257 Deo
2478 5203 2860 5257 ‘charissimum
2895 5204 3214 5273 episcopum
3248 5202 3494 5257 reconci-

1917 5296 2229 5359 liationem;
2281 5310 2342 5348 ac
2392 5295 2579 5366 synodi
2628 5294 2847 5365 quidem
2898 5295 3340 5349 convocationem
3397 5292 3495 5347 de-

1575 5452 1888 5511 SCHULZII
1931 5456 2160 5512 ΝΟΤᾸΞ.

322 5593 365 5626 “
386 5594 618 5661 Interim,
636 5602 748 5650 etc.
775 5590 902 5646 Vid.
934 5589 1065 5661 Acta
1092 5586 1649 5661 conc.Chalc_.,part.
1699 5606 1736 5643 ι.
1778 5590 1855 5661 7"
1913 5592 2223 5655 Missa,etc.
2275 5593 2396 5661 Vitl.
2440 5596 2604 5650 (Ioue.
2654 5596 2931 5655 Chalccd.,
2984 5594 3161 5655 act.l,
3229 5594 3283 5647 in
3339 5592 3490 5649 Actis

262 5663 432 5735 Ephes.
465 5656 793 5737 Latrocinii.
870 5661 918 5693 "
949 5657 1255 5724 laudabat,
1294 5665 1400 5711 etc.
1442 5656 1497 5709 In
1530 5673 1681 5711 sacra
1725 5660 1788 5715 ad
1832 5661 2150 5717 Dioscorum

2269 5664 2311 5692 9‘
2346 5659 2543 5733 Inquit.
2576 5668 2720 5731 Vid.,
2766 5676 2892 5721 tom.
2942 5666 3027 5726 iV,
3056 5664 3215 5730 epist.
3248 5664 3367 5718 lli.
