3950 6226
453 209 554 276 135

1536 197 1914 262 GARNERII
1947 194 2447 257 BISSERTATIO
2483 195 2533 256 Ι.

3593 184 3741 257 136.

440 317 1003 392 siisse,Ecclesiarum
1052 331 1182 372 vero
1227 328 1416 386 pacem
1460 314 1710 370 rediisse.
1750 313 1860 369 Sed
1893 328 2014 384 quae
2041 312 2089 370 Α
2115 307 2293 363 oculis
2329 314 2721 376 usurpaverat;
2757 305 2850 361 sed
2886 305 3053 363 etiam
3082 294 3285 360 litteris
3316 305 3574 361 rescitum
3611 315 3703 363 est

449 413 613 470 modo
648 430 680 467 a
731 411 1018 467 sanctitate
1067 418 1159 463 tua
1203 407 1405 476 scripta
1450 414 1597 469 sunt,
1639 404 1878 476 graviter
1916 420 2018 459 nos

450 506 891 561 contristarunt:
926 501 1063 556 nihil
1102 500 1251 555 enim
1299 498 1429 552 boni
1469 513 1537 552 ex
1574 498 1775 567 jactata
1809 495 2018 569 synodo

450 603 769 665 exspectare
818 592 979 655 licet,
1031 589 1137 645 nisi
1185 585 1500 642 misericors
1552 584 1818 640 Dominus
1860 584 2019 640 solita

456 694 616 740 utens
668 682 1032 754 providentia,
1075 679 1511 735 turbulentorum
1556 677 1864 733 daemonum
1901 692 2018 732 ma-

453 777 644 833 chinas
695 777 957 832 destruat.
999 793 1018 825 ι
1083 772 1220 827 Tum
1275 769 1576 842 interjectis
1628 770 1905 826 nonnullis
1951 770 2019 826 de

453 867 653 923 infelici
682 868 830 923 exitu
868 866 1104 938 plurium
1135 864 1469 936 synodorum
1503 881 1516 917 :
1553 881 1572 914 ι
1618 863 1744 918 Haec
1776 864 2017 930 intuens,

451 964 508 1012 et
545 957 738 1012 similia
775 955 1132 1026 prospiciens,
1168 953 1352 1009 infelix
1387 953 1565 1009 anima
1603 969 1720 1009 mea
1760 955 2017 1024 suspirat,

451 1048 731 1120 lugetque,
764 1047 904 1103 nihil
940 1055 1261 1115 exspectans
1308 1045 1438 1100 boni
1484 1064 1497 1099 :
1535 1062 1712 1116 neque
1748 1043 1894 1102 enim
1934 1048 2020 1103 in-

452 1140 618 1196 situm
650 1138 708 1192 in
745 1136 1036 1193 duodecim
1069 1137 1343 1207 capitibus
1374 1152 1643 1192 venenum
1672 1146 1895 1202 norunt,
1926 1139 2021 1208 qui

450 1231 676 1285 aliarum
702 1236 831 1284 sunt
858 1227 1208 1292 dicecesium;
1243 1226 1338 1282 sed
1370 1228 1511 1298 ejus,
1542 1228 1637 1297 qui
1670 1227 1760 1282 illa
1780 1228 2019 1298 scripsit,

451 1319 755 1376 claritatem
779 1317 1146 1383 attendentes,
1181 1318 1314 1372 nihil
1338 1318 1622 1373 sinistrum
1649 1319 2036 1388 suspicantur,

452 1416 508 1464 et
546 1409 643 1480 qui
692 1411 812 1481 ejus
858 1409 974 1465 sedi
1024 1410 1304 1472 successit,
1343 1409 1545 1474 omnia,
1582 1410 1799 1480 opinor,
1821 1421 2020 1475 movet,

457 1508 517 1555 ut
544 1500 955 1572 alterasynodo
987 1500 1078 1554 illa
1111 1499 1397 1555 conﬁrmet
1426 1517 1439 1554 :
1475 1500 1568 1570 qui
1601 1500 1750 1555 enim
1786 1517 1885 1570 pro
1918 1501 2023 1555 im-

455 1593 609 1663 perio
643 1608 817 1663 nuper
845 1592 948 1646 ista
978 1591 1216 1662 scripsit,
1248 1600 1305 1647 et
1338 1591 1407 1646 iis
1439 1592 1533 1662 qui
1564 1593 1911 1663 acquiescere
1939 1593 2026 1649 his

455 1684 692 1749 nollent,
729 1685 1019 1739 anathema
1043 1683 1206 1748 dixit,
1240 1684 1402 1754 quid,
1434 1684 1732 1755 praesidens
1771 1686 2023 1752 concilio,

456 1792 564 1832 non
598 1777 755 1848 aget?
787 1777 856 1832 At
886 1777 1046 1840 scito,
1083 1776 1324 1839 domine,
1367 1778 1644 1833 neminem
1687 1793 1901 1844 eorum,
1930 1779 2027 1849 qui

456 1869 674 1924 insitam
705 1869 761 1923 in
793 1868 881 1923 his
908 1868 1143 1923 hmresin
1167 1877 1390 1932 norunt,
1424 1869 1720 1924 adductum
1750 1870 1836 1935 iri,
1869 1878 1931 1925 ut
1963 1886 2028 1925 ea

459 1961 703 2031 recipiat,
738 1959 988 2029 quamvis
1020 1959 1185 2030 duplo
1218 1960 1405 2030 plures
1435 1962 1752 2017 decernant.
1790 1982 1809 2015 ι
1849 1964 2030 2034 Pergit

437 2062 647 2122 postea
680 2051 923 2105 animum
955 2050 1150 2106 eﬂ‘erre
1192 2050 1246 2105 in
1292 2052 1548 2121 capitula.
1586 2052 1646 2107 ld
1678 2062 1858 2108 autem
1902 2069 2026 2109 cum

455 2156 600 2195 anno
638 2140 741 2195 449
778 2140 1002 2196 ineunte
1043 2140 1363 2211 contigerit,
1407 2140 1587 2222 magni
1632 2142 1802 2197 refert
1841 2142 2031 2198 obser-

457 2245 633 2295 vasse.
662 2230 728 2285 ad
761 2230 1195 2301 perspiciendam
1229 2230 1560 2288 Theodoreti
1592 2241 1852 2298 mentem,
1885 2236 2032 2305 ejus-

456 2335 565 2391 que
599 2321 653 2375 in
693 2323 964 2376 sententia
1011 2321 1080 2377 de
1116 2321 1372 2392 capitulis
1407 2323 1767 2379 constantiam
1807 2332 1904 2380 aut
1934 2341 2032 2395 po—

459 2412 570 2468 tius
603 2410 979 2483 pertinaciam.

528 2503 620 2559 IX.
659 2502 1050 2561 Convenerunt
1090 2505 1256 2577 igitur
1293 2507 1568 2578 Ephesum
1613 2509 1856 2579 undique
1893 2523 2031 2579 pra:-

460 2596 608 2651 sules
646 2611 771 2650 cum
806 2597 982 2652 tribus
1032 2599 1177 2653 sedis
1221 2600 1532 2669 apostolicae
1572 2601 1782 2673 legatis,
1816 2599 2032 2656 Iuliano

459 2686 738 2757 episeopo,
790 2687 999 2742 Renato
1044 2688 1388 2760 presbytero,
1425 2698 1480 2745 et
1521 2690 1706 2744 Hilaro
1749 2689 1982 2744 diacono
2015 2705 2030 2741 :

463 2777 830 2833 interfuerunt
878 2779 1144 2849 majorum
1190 2780 1403 2835 sedium
1454 2781 1727 2835 antistites
1775 2788 2028 2851 quatuor,

462 2868 757 2923 Dioscorus
807 2869 1205 2933 Alexandrina,
1246 2871 1487 2926 Domnus
1523 2871 1895 2936 Antiochense,
1932 2874 2032 2928 Ju—

2117 398 2516 454 exsecrandum
2567 406 2624 452 et
2669 397 2966 452 nefandum
3012 396 3259 452 Dioscori
3307 395 3540 461 facinus,
3582 411 3701 466 quo

2117 511 2313 566 nempe
2344 510 2412 550 eo
2451 510 2627 566 usque
2667 492 2901 549 vesania:
2932 493 3220 564 prolapsus
3245 501 3348 555 est,
3381 499 3440 545 ut
3469 504 3699 546 excom-

2118 586 2504 642 municationis
2568 585 2896 641 sententiam
2922 626 2936 651 ,
3001 585 3180 640 tribus
3235 593 3360 654 post
3422 582 3697 655 synodum

2119 680 2332 745 diebus,
2369 679 2427 734 in
2464 679 2706 734 Leonem
2748 678 2927 748 ipsum
2966 676 3196 742 diceret,
3236 675 3394 747 quasi
3437 674 3701 730 omnibus

2120 771 2449 842 patriarchis
2474 770 2696 835 attritis,
2722 770 2874 825 solus
2902 769 3171 824 dominari
3194 767 3379 823 vellet.

2190 862 2307 918 XII.
2333 862 2512 929 Quare
2541 876 2788 917 summus
2813 860 3057 931 pontifex
3082 860 3137 914 in
3163 859 3392 930 synodo,
3417 873 3538 929 quae
3564 865 3704 912 tunc

2121 958 2191 1012 de
2233 972 2386 1012 more
2420 972 2477 1011 tu
2503 956 2618 1010 Kal.
2651 954 2909 1011 Octobris
2963 961 3312 1018 convenerat,
3356 952 3623 1007 rescindit
3650 954 3700 985 ⁸⁵

2122 1057 2240 1105 acta
2282 1048 2588 1118 Ephesina;
2635 1046 2921 1119 Eutychen
2971 1060 3099 1101 cum
3142 1045 3403 1099 Dioscoro
3448 1043 3697 1107 damnat,

2122 1158 2314 1198 omnes
2342 1157 2443 1211 pro
2479 1141 2584 1195 ﬁde
2615 1154 2803 1211 passos
2825 1154 2979 1197 suam
3005 1139 3062 1193 in
3085 1136 3524 1193 communionem
3559 1132 3704 1189 reci-

2123 1235 2225 1305 pit,
2270 1242 2326 1289 et
2379 1234 2679 1303 apostolico
2722 1231 2911 1303 vigore
2967 1246 3083 1286 rem
3135 1227 3393 1286 Ecclesiae
3434 1226 3702 1281 aﬂlictam

2122 1326 2364 1382 restituit
2403 1342 2417 1379 :
2457 1324 2776 1393 litterasque
2813 1322 2906 1377 dat
2938 1336 3007 1376 ex
3052 1319 3282 1392 synodo,
3318 1318 3505 1372 Idibus
3532 1316 3704 1371 Octo-

2125 1419 2260 1482 bris,
2297 1417 2366 1472 ad
2408 1417 2812 1486 imperatorem,
2850 1412 2918 1467 ad
2966 1409 3334 1474 Pulcheriam,
3374 1407 3440 1463 ad
3488 1407 3703 1462 Flavia-

2124 1527 2276 1576 num,
2311 1510 2380 1565 ad
2428 1505 3091 1575 Constantinopolitanum
3140 1502 3372 1563 clerum,
3406 1498 3475 1552 ad
3520 1497 3710 1552 archi-

2126 1600 2446 1655 mandritas.
2480 1597 2667 1654 Vetuit
2699 1596 2745 1628 ⁹⁹
2780 1609 2949 1665 porro
2981 1602 3099 1649 aeta
3135 1588 3427 1662 propalari,
3457 1588 3638 1643 donec
3666 1601 3703 1641 a

2128 1689 2436 1745 Theodosio
2494 1687 2819 1757 rescriptum
2865 1684 3027 1739 foret.
3074 1680 3296 1737 Litteris
3344 1679 3489 1734 enim
3537 1676 3704 1732 enixe

2124 1782 2356 1854 petierat
2396 1779 2796 1836 (acumenicum
2843 1775 3134 1831 concilium
3178 1773 3320 1829 intra
3359 1771 3496 1826 ﬁnes
3531 1769 3708 1824 Italia:

2126 1875 2265 1945 cogi,
2302 1889 2414 1944 quo
2463 1873 2713 1941 ipsemet,
2748 1869 2964 1940 cognita
3014 1866 3361 1939 judicataque
3411 1862 3704 1915 turbarum

2125 1982 2321 2027 causa,
2365 1980 2498 2035 pace
2547 1978 2738 2018 omnes
2784 1960 3058 2017 Ecclesiae
3116 1958 3364 2012 donaret.
3408 1955 3613 2009 Verum
3668 1965 3704 2005 α

2126 2052 2437 2114 Theodosio
2462 2055 2756 2125 repulsam.
2775 2068 2806 2109 a
2829 2051 3118 2108 Pulcheria
3141 2049 3352 2104 nullum
3377 2060 3704 2116 responsum

2127 2150 2336 2220 accepit
2372 2165 2386 2203 :
2418 2145 2810 2218 ingemiscebat
2842 2144 2990 2199 enim
3037 2143 3093 2197 in
3139 2140 3421 2197 Hebdomo
3447 2136 3706 2206 religiosa

2126 2240 2390 2311 Augusta,
2422 2242 2438 2259 ‘
2474 2248 2550 2302 et,
2597 2245 2659 2292 ut
2697 2243 2857 2290 erant
2881 2245 3148 2305 tempora,
3184 2230 3442 2288 Ecclesiae
3478 2225 3707 2283 calami-

2128 2341 2268 2387 tates
2292 2331 2399 2401 piis
2425 2329 2668 2400 quidem,
2702 2326 2799 2384 sed
2831 2327 3087 2382 inanibus
3118 2324 3372 2397 lacrymis
3403 2334 3703 2397 proseque.

2128 2426 2306 2481 batur.

2200 2516 2300 2570 Vix
2326 2531 2355 2569 a
2389 2514 2609 2584 scriptis
2632 2511 2829 2568 litteris
2858 2511 3059 2566 mensis
3083 2524 3228 2563 unus
3255 2507 3557 2569 effluxerat,
3575 2519 3705 2559 cum

2131 2604 2546 2660 Valentinianus
2587 2603 2904 2673 imperator,
2941 2600 3329 2656 comitantibus
3370 2608 3542 2652 matre
3583 2597 3710 2650 Pla-

2132 2697 2276 2752 cidia
2307 2704 2363 2749 et
2394 2694 2637 2751 Eudoxia
2671 2695 2922 2763 conjuge,
2954 2694 3180 2747 Romam
3210 2692 3469 2746 Ravenna
3498 2687 3707 2758 ample-

2133 2787 2329 2841 ctendaz
2369 2786 2633 2856 religionis
2667 2801 2828 2838 causa
2867 2783 3036 2837 venit.
3064 2781 3383 2837 lmminebat
3412 2778 3560 2834 enim
3603 2793 3708 2832 an-

2134 2877 2474 2933 niversarius
2509 2874 2668 2947 18E.
2701 2874 2819 2929 dies
2855 2872 3217 2928 dedicationis
3255 2870 3495 2926 basilicae
3519 2867 3709 2923 Sancti

461 2959 670 3013 venalis
724 2959 1245 3029 Hierolosymitanae,
1284 2970 1339 3015 et
1392 2962 1680 3017 Flavianus
1725 2963 2033 3019 Constanti-
2059 2974 2102 3034 ο
2136 2971 2279 3025 Petri
2303 2988 2318 3035 ;
2343 2985 2453 3037 quo
2480 2977 2726 3036 tempore
2760 2966 3079 3035 frequentes
3106 2963 3497 3019 concursiones
3524 2961 3580 3015 in
3606 2960 3717 3016 Ur-

462 3048 821 3118 nopolitanae;
858 3048 953 3104 sed
988 3048 1078 3103 hic
1115 3058 1175 3103 ut
1208 3066 1334 3105 reus
1373 3059 1603 3116 tantum,
1639 3053 1840 3123 quippe
1879 3055 2034 3124 cujus

462 3148 582 3195 acta
626 3141 682 3195 in
727 3139 1033 3211 Eutychen,
1071 3142 1227 3213 183
1264 3143 1489 3212 ipsaque
1527 3143 1660 3199 ﬁdes
1694 3145 1760 3199 ad
1806 3159 2033 3200 examen

465 3232 707 3287 vocanda
732 3240 895 3288 esset.
922 3233 1110 3288 Adfuit
1133 3236 1405 3307 Eutychos
1432 3252 1556 3291 cum
1582 3237 1704 3292 aliis
1729 3238 2032 3302 monachis,

460 3339 703 3393 quorum
749 3322 861 3378 dux
909 3325 1199 3380 Barsumas
1240 3344 1252 3379 :
1300 3328 1665 3396 praesidebant
1723 3330 2034 3390 Dioscorus,

466 3415 781 3470 Thalassius
811 3425 867 3471 et
893 3416 1190 3472 Juvenalis.
1230 3416 1373 3484 Quid
1417 3420 1604 3488 plura?
1634 3420 1821 3475 datum
1857 3421 2039 3476 conci-

469 3506 542 3560 lio
595 3506 811 3560 initium
866 3506 955 3560 die
1008 3506 1218 3562 decima
1268 3508 1525 3579 Augusti,
1585 3511 1711 3566 ﬁnis
1754 3511 2040 3581 impositus

469 3595 833 3662 duodecima;
873 3596 1073 3651 relecta
1128 3597 1343 3663 triduo,
1400 3614 1523 3668 quas
1570 3598 2037 3670 Constantinopoli

471 3686 762 3742 Flavianus
809 3697 930 3742 acta
989 3686 1335 3753 confecerat;
1396 3689 1680 3744 absolutus
1736 3691 2038 3762 Eutyches;

471 3778 760 3833 damnatus
782 3776 1068 3833 Flavianus
1094 3787 1151 3833 et
1175 3780 1231 3833 in
1258 3780 1506 3834 exsilium
1534 3780 1750 3850 pulsus;
1778 3782 2039 3852 episcopi,

473 3866 758 3921 intentatis
790 3867 981 3938 jugulo
1025 3867 1240 3937 gladiis,
1293 3868 1347 3922 in
1397 3884 1533 3938 pura
1570 3870 1763 3925 charta
1801 3872 2042 3926 subscri-

473 3958 605 4015 bere
639 3960 842 4025 coacti;
879 3960 1124 4030 dejectus
1166 3977 1196 4016 a
1234 3961 1431 4016 throno
1483 3963 1744 4027 Domnus,
1779 3979 1906 4019 cum
1938 3965 2046 4019 Eu-

475 4050 624 4106 sebio
671 4050 924 4122 Dorylaei,
963 4050 1256 4107 Sabiniano
1303 4054 1545 4119 Peri-hae,
1586 4054 1677 4110 [ba
1712 4056 1949 4120 Edessse,
1976 4072 2047 4111 ac

2136 3063 2260 3115 hem
2301 3060 2522 3115 ﬁebant.
2562 3058 2867 3113 Voluerunt
2899 3071 3095 3125 nempe
3130 3051 3521 3125 religiosissimi
3552 3048 3713 3119 prin-

2137 3152 2288 3220 cipes
2332 3148 2536 3219 templis
2568 3158 2872 3203 sanctorum
2905 3147 3239 3217 praecutiunt
3266 3160 3420 3198 suam
3448 3141 3710 3204 exhibere,

2136 3243 2471 3313 sacrilegium
2500 3255 2611 3294 esse
2640 3240 2768 3304 rati,
2795 3239 2842 3292 si
2873 3236 3183 3292 solemnium
3215 3234 3448 3288 ordinem
3477 3231 3715 3299 denega-

2139 3340 2271 3385 rent.

2207 3419 2370 3486 Quid,
2410 3418 2755 3473 occasionem
2782 3424 2978 3472 nactus
3005 3412 3267 3486 pontifex,
3297 3427 3420 3468 cum
3452 3411 3717 3482 Augustis

2140 3509 2317 3564 tribus
2373 3507 2583 3578 egerit,
2634 3514 2825 3561 narrat
2874 3506 3169 3574 imperator
3215 3503 3332 3572 ipse
3374 3501 3431 3556 in
3487 3502 3602 3556 suis
3643 3501 3717 3555 ad

2141 3599 2511 3654 Theodosium
2544 3597 2760 3651 litteris.
2804 3615 2824 3647 ι
2862 3596 2998 3650 Cum
3033 3594 3396 3656 advenissem,
3429 3590 3628 3660 inquit,
3657 3590 3716 3644 in

2141 3692 2337 3747 urbem
2365 3692 2589 3745 Romam
2619 3689 2687 3743 ad
2711 3688 3058 3743 Divinitatem
3091 3684 3432 3755 placandam,
3459 3681 3717 3752 sequenti

2142 3781 2232 3837 die
2280 3781 2348 3835 ad
2396 3780 2677 3835 basilicam
2717 3777 2947 3847 apostoli
2999 3774 3147 3830 Petri
3190 3774 3455 3844 processi,
3495 3780 3551 3826 et
3602 3771 3721 3825 illic

2142 3882 2267 3943 post
2290 3871 2654 3927 venerabilem
2680 3878 2895 3924 noctem
2920 3867 3030 3922 diei
3059 3866 3313 3936 apostoli,
3333 3872 3390 3918 et
3416 3879 3448 3918 a
3471 3864 3723 3918 Romano

2143 3965 2421 4034 episcopo,
2453 3971 2511 4017 et
2551 3963 2621 4017 ab
2649 3962 2770 4016 aliis
2792 3976 2918 4017 cum
2947 3974 3015 4015 eo
3053 3973 3118 4013 ex
3156 3957 3388 4012 diversis
3416 3953 3723 4025 provinciis

2145 4058 2488 4128 congregatis
2538 4064 2759 4127 rogatus
2793 4069 2914 4109 sum
2958 4050 3199 4107 scribere
3232 4057 3426 4104 vestrae
3464 4035 3725 4102 mansue-

474 4139 824 4196 Theodoreto
895 4140 1020 4213 Cyri
1088 4144 1398 4217 episcopis;
1477 4148 1743 4219 Evagrius
1820 4149 2049 4221 dejectis
2149 4145 2324 4199 tudini
2367 4145 2435 4199 de
2477 4144 2602 4199 ﬁde.
2646 4162 2664 4195 ›
2705 4144 2843 4197 Tum
2891 4140 3226 4202 admonens,
3269 4153 3378 4208 qua
3426 4134 3724 4191 devotione

475 4229 792 4301 Aquilinum
833 4233 983 4305 Bybli
1019 4244 1299 4304 accenset;
1335 4239 1617 4309 conjectus
1666 4240 1721 4294 in
1770 4255 2045 4296 carcerem
2149 4236 2375 4293 deberet
2421 4236 2740 4289 intemerata
2792 4231 3028 4303 propriae
3068 4226 3441 4285 venerationis
3483 4224 3728 4294 dignitas

477 4320 779 4389 Eusebius;
829 4324 1118 4381 Flavianus
1167 4326 1540 4398 deportandus
1587 4330 1819 4385 militum
1863 4313 2045 4387 manui
2079 4310 2122 4365 D
2149 4328 2309 4383 beato
2346 4328 2507 4382 Petro
2541 4326 2610 4380 ab
2647 4323 3070 4394 imperatoribus
3109 4320 3442 4384 conservari,
3480 4336 3499 4369 ι
3531 4325 3729 4386 quate-

476 4412 738 4480 traditus;
775 4415 956 4470 omnia
984 4417 1135 4471 velut
1176 4417 1232 4472 in
1273 4419 1577 4475 latrocinali
1612 4423 1846 4478 tumultu
1874 4433 2045 4495 gesta,
2150 4434 2254 4474 nus
2298 4417 2649 4473 beatissimus
2693 4416 2951 4470 Romana:
2987 4412 3229 4469 civitatis
3259 4411 3584 4481 episcopus,
3629 4406 3726 4461 cui

476 4507 623 4563 unde
649 4508 811 4563 etiam
840 4510 1047 4581 synodo
1076 4509 1278 4566 factum
1312 4511 1514 4568 infame
1546 4529 1766 4570 nomen.
2149 4509 2517 4581 principatum
2544 4506 2830 4563 sacerdotii
2857 4521 3024 4581 super
3046 4520 3236 4560 omnes
3260 4501 3558 4572 antiquitas
3585 4513 3731 4552 con-

548 4597 616 4651 X.
656 4596 875 4655 Hilarus
912 4600 957 4632 ⁸⁷
996 4600 1306 4671 legatorum
1350 4617 1513 4668 unus,
1550 4618 1675 4659 cum
1720 4602 2051 4661 diu'frustra
2152 4602 2300 4666 tulit,
2330 4601 2510 4655 locum
2545 4599 2743 4653 habeat
2775 4613 2839 4652 ac
2869 4596 3181 4652 facultatem
3215 4594 3286 4649 de
3314 4592 3421 4648 ﬁde
3448 4600 3508 4646 et
3534 4603 3729 4644 sacer-

482 4688 741 4746 Dioscoro
790 4702 1181 4764 repugnasset,
1224 4692 1464 4749 Leonem
1507 4709 1778 4751 summum
1830 4697 2053 4768 pontiﬁ-
2156 4692 2380 4749 dotibus
2407 4690 2677 4761 judicare,
2717 4709 2735 4741 ι
2783 4686 3000 4759 pergit:
3045 4703 3062 4738 ι
3091 4684 3267 4755 Hujus
3293 4683 3375 4738 rei
3415 4679 3612 4751 gratia,
3644 4693 3736 4732 se.

484 4794 605 4835 cem
639 4785 946 4840 moniturus
976 4785 1145 4858 fugit;
1183 4785 1476 4851 incertum,
1509 4787 1644 4856 quid
1681 4802 1861 4858 Opem
1890 4806 2057 4846 nava—
2157 4783 2399 4839 eundum
2430 4780 2827 4837 solemnitatem
2862 4777 3242 4839 conciliorum,
3265 4772 3734 4840 Constantinopo-

486 4870 559 4925 rit
608 4870 886 4940 Julianus;
947 4875 1188 4932 Renatus
1241 4885 1392 4933 certe
1451 4892 1663 4933 summa
1725 4878 2054 4935 conﬁdentia
2156 4876 2360 4931 litanus
2389 4874 2681 4943 episcopus
2721 4886 2848 4927 eum
2891 4868 3204 4940 appellavit,
3242 4871 3469 4936 propter
3497 4870 3736 4918 conten—

486 4960 700 5016 obstitit
745 4965 936 5034 synodi
976 4966 1385 5038 malignantium
1423 4968 1661 5037 praesidi,
1696 4977 1752 5023 et
1780 4969 1906 5025 inde
1940 4971 2055 5026 lau—
2161 4967 2386 5028 tionem,
2411 4979 2531 5033 qua:
2559 4970 2677 5017 orta
2703 4960 2876 5017 estde
2898 4959 3024 5014 ﬁde.
3052 4956 3193 5011 Huic
3217 4956 3403 5023 itaque
3428 4949 3737 5021 postulanti

486 5053 612 5108 dem
643 5069 673 5108 a
700 5069 913 5110 summo
946 5058 1201 5126 pontiﬁce
1223 5061 1542 5128 promeruit.
2160 5067 2218 5113 et
2248 5057 2554 5128 conjuranti
2578 5055 2806 5110 salutem
2830 5060 3072 5107 nostram
3093 5059 3460 5108 communem,
3488 5054 3737 5098 annuere

558 5142 651 5199 XI.
687 5143 807 5199 Non
858 5154 1067 5200 tantum
1114 5147 1362 5215 Hilarus,
1430 5165 1555 5205 cum
1587 5151 1815 5205 Romam
1853 5165 2052 5221 perve-
2161 5162 2274 5203 non
2323 5146 2551 5217 negavi,
2606 5151 2880 5215 quatenus
2932 5140 3000 5196 ad
3053 5148 3202 5195 tuam
3256 5132 3735 5192 mansuetudinem

491 5234 681 5300 nisset,
705 5235 889 5290 retulit
925 5235 993 5290 ad
1026 5244 1271 5292 sanctum
1298 5237 1535 5295 Leonem
1559 5238 1627 5295 de
1662 5256 1720 5295 re
1754 5248 1865 5296 tota
1894 5255 2057 5310 quam
2164 5253 2340 5295 meam
2366 5240 2686 5308 petitionem
2714 5238 3041 5308 ingererem,
3064 5240 3127 5287 ut
3151 5230 3450 5302 praedictus
3475 5226 3739 5284 sacerdos

1837 5390 2150 5448 SCHULle
2191 5392 2425 5450 NOTAE.

565 5501 1014 5586 :'_Ili_lartts,etc._
1042 5503 1382 5586 VillEpist.
1425 5505 1749 5586 εις-,ιωηῇ
1788 5506 1995 5586 24.9.5.
2031 5508 2122 5572 as,
2151 5509 2220 5564 27
2256 5517 2312 5563 et
2361 5508 2452 5564 29.
2565 5505 2922 5562 “Rescindit.
2972 5502 3157 5561 Vid.l.
3190 5514 3244 5557 c.
3274 5471 3615 5571 epist.22et
3643 5494 3734 5551 as.

495 5573 739 5643 "Vetuit,
775 5583 881 5631 etc.
914 5573 1038 5630 Vid.
1084 5575 1122 5629 Ι.
1162 5589 1215 5630 c.
1246 5573 1408 5646 epist.
1443 5575 1517 5629 25
1560 5585 1617 5630 et
1669 5576 1760 5641 26,
1816 5584 1925 5630 etc.
