3950 6226
274 298 358 365 t-n
1118 273 1125 283 ’
1430 314 1797 379 HISTORIA
1834 319 2343 385 THEODORETI.

3420 332 3524 400 138

269 423 599 517 congregatis
633 437 702 480 ex
741 427 892 482 omni
924 428 1058 485 orbe
1088 429 1254 486 etiam
1285 434 1513 504 reliquis
1545 437 1844 492 sacerdoti-
1872 445 1915 499 Λ
1946 441 2250 496 remedium
2291 443 2363 498 ab
2391 457 2459 499 eo
2488 443 2783 514 acciperet,
2808 444 2897 501 cui
2928 445 3134 517 primas
3176 447 3231 502 in
3266 451 3522 509 omnibus

271 514 360 568 bus
391 515 532 570 intra
554 517 798 584 Italiam,
827 522 974 576 omni
1001 524 1319 594 prtejudicio
1341 526 1616 594 submoto,
1640 545 1672 583 a
1698 529 1842 600 prin-

268 606 399 675 cipio
439 622 665 661 omnem
710 625 953 676 causam,
988 628 1110 682 quae
1155 616 1410 682 vertitur,
1448 618 1679 674 sollicita
1714 635 1843 691 pro-

268 694 472 752 batione
501 715 871 769 cognoscens,
895 706 1219 759 sententiam
1250 707 1409 774 ferat,
1437 724 1600 779 quam
1631 709 1766 767 ﬁdes
1787 718 1843 766 et

268 789 396 843 ratio
424 804 570 845 verm
602 791 915 849 divinitatis
944 799 1273 866 expostulat.
1303 819 1321 851 ι

327 880 787 953 Congressionem
841 887 1117 956 pontificis
1168 906 1294 946 eum
1351 892 1681 964 imperatore
1728 898 1843 953 suis

267 987 378 1027 cum
420 972 702 1044 adjunctis
745 976 987 1033 Placidia
1039 983 1257 1037 curiose
1296 993 1521 1039 narrat:
1566 1005 1584 1037 ι
1617 985 1753 1043 Cum
1784 989 1841 1043 in

267 1066 375 1136 ipso
402 1066 655 1137 ingressu
684 1067 929 1125 civitatis
951 1073 1186 1142 antiquae
1222 1074 1363 1130 hanc
1399 1091 1586 1132 curam
1620 1078 1843 1135 habuis-

266 1174 456 1223 semus,
487 1167 550 1212 ut
583 1161 798 1215 cultum
827 1162 1146 1219 beatissimo
1177 1166 1340 1221 Petro
1367 1169 1615 1238 apostolo
1647 1170 1841 1225 redde-

268 1266 458 1313 remus,
492 1250 548 1305 in
597 1251 719 1323 ipso
761 1254 1043 1312 adorando
1078 1256 1235 1311 altari
1277 1259 1553 1331 martyris,
1585 1277 1843 1317 reveren-

267 1342 513 1399 dissimus
535 1343 650 1399 Leo
676 1345 971 1417 episcopus
992 1349 1275 1419 paululum
1301 1365 1363 1415 se
1385 1360 1512 1423 post
1535 1354 1841 1410 orationem

270 1434 528 1498 retinens,
573 1446 804 1506 propter
842 1439 1171 1497 catholicam
1209 1442 1374 1499 fidem
1419 1443 1567 1515 apud
1611 1461 1713 1501 nos
1745 1446 1842 1501 de-

270 1524 427 1586 ﬂevit.
458 1524 640 1596 ipsum
665 1526 921 1584 similiter
940 1546 1213 1586 summum
1248 1534 1644 1604 apostolorum,
1675 1552 1838 1607 quem

268 1632 402 1673 nunc
429 1634 611 1689 nuper
636 1619 971 1686 adieramus,
1006 1632 1199 1680 testem
1232 1626 1518 1696 objiciens,
1554 1629 1842 1700 episcopo-

268 1722 376 1763 rum
413 1710 775 1767 multitudine
811 1713 1244 1786 circumseptus,
1262 1730 1405 1788 quos
1430 1733 1495 1772 ex
1528 1718 1841 1775 innumera-

267 1799 457 1855 bilibus
504 1800 827 1858 civitatibus
868 1803 1072 1869 Italiae,
1120 1821 1221 1876 pro
1265 1807 1576 1879 principatu
1631 1810 1839 1880 proprii

266 1892 381 1956 loci,
413 1908 512 1947 seu
560 1890 829 1964 dignitate
879 1896 1122 1969 collegit,
1171 1907 1229 1955 et
1271 1898 1457 1955 verbis
1501 1901 1840 1971 permiscens

265 1984 534 2057 lacrymas,
571 1985 642 2041 ad
669 1988 1116 2045 communionem
1147 1991 1235 2046 sui
1265 1991 1429 2049 fletus
1462 2002 1680 2050 nostros
1700 2010 1840 2065 quo-

264 2093 360 2148 que
382 2080 620 2149 gemitus
651 2081 994 2150 provocavit,
1028 2101 1046 2133 ι
1076 2091 1184 2138 etc.

326 2169 513 2224 Tantis
545 2171 809 2240 precibus
840 2172 977 2227 nihil
1010 2172 1241 2230 indulsit
1267 2173 1633 2243 Theodosius,
1664 2193 1840 2248 usque

265 2259 388 2315 adeo
412 2259 744 2333 Chrysaphii
773 2262 988 2319 artibus
1020 2263 1383 2332 illudebatur;
1423 2265 1535 2322 imo
1562 2284 1666 2322 nec
1691 2268 1839 2323 aliud

266 2368 579 2423 responsum
632 2354 821 2421 dedit,
872 2371 1037 2425 quam
1086 2372 1197 2427 quo
1244 2357 1561 2413 Flavianum
1609 2360 1840 2414 turbata:

265 2442 510 2497 Ecclesiae
540 2442 748 2498 invidia
776 2452 1055 2508 oneraret,
1083 2446 1354 2517 velletque
1371 2447 1497 2517 jure
1528 2446 1838 2517 depositum

264 2532 423 2589 credi.
484 2535 744 2590 Nondum
801 2536 1182 2592 sanctissimus
1224 2534 1351 2593 fidei
1402 2537 1662 2594 defensor
1724 2540 1842 2610 glo-

266 2625 402 2680 rioso
443 2626 551 2681 ﬁne
594 2627 738 2682 diem
781 2628 1081 2695 clauserat;
1121 2629 1216 2686 sed
1245 2630 1495 2703 Hypaepis
1530 2632 1585 2686 in
1618 2630 1840 2685 civitate

266 2716 434 2788 Lydiae
458 2719 770 2785 exsulabat,
799 2720 891 2776 ubi
916 2730 1037 2791 post
1064 2738 1158 2777 sex
1178 2739 1207 2777 a
1230 2722 1572 2793 depositione
1599 2738 1837 2789 menses,

266 2824 354 2864 seu
394 2811 823 2882 superveniente
869 2821 1079 2880 morte,
1119 2830 1212 2869 seu
1258 2813 1501 2887 ingesta,
1547 2813 1843 2871 defunctus

268 2912 363 2959 est.

328 2994 463 3051 XIII.
492 2996 635 3051 Dum
658 2995 776 3051 haec
802 3005 1092 3068 geruntur,
1119 2996 1521 3063 Theodoretus,
1548 3006 1838 3070 postquam

269 3102 319 3141 sc
344 3088 655 3159 depositum
683 3088 897 3154 didicit,
925 3088 1168 3144 decrevit
1199 3089 1265 3145 ad
1299 3090 1484 3146 sedem
1520 3089 1677 3161 185
1708 3107 1839 3162 apo—

267 3180 525 3243 stolicam,
555 3180 663 3235 hoc
691 3187 797 3245 est,
820 3179 887 3234 ad
912 3178 1303 3245 Ecclesiarum,
1332 3198 1454 3252 qua:
1488 3182 1541 3236 in
1574 3191 1688 3238 toto
1710 3192 1840 3238 sunt

267 3271 411 3336 orbe,
440 3270 819 3341 principatum
857 3271 1099 3335 mittere,
1133 3271 1228 3341 qui
1275 3286 1430 3326 suam
1468 3287 1687 3327 causam
1716 3288 1842 3343 age-

268 3370 383 3417 rent
415 3377 601 3417 coram
637 3363 788 3432 justo
816 3363 991 3417 sancti
1029 3361 1230 3417 Leonis
1261 3362 1547 3417 tribunali.
1582 3361 1658 3417 Ea
1694 3362 1842 3434 lega-

269 3454 407 3509 tione
430 3454 606 3509 functi
631 3462 762 3509 sunt
786 3452 1164 3525 chorepiscopi
1195 3455 1325 3520 duo,
1354 3453 1652 3509 Abramius
1675 3463 1841 3525 atque

270 3544 558 3615 Hypatius,
608 3560 735 3601 cum
783 3543 982 3617 Alypio
1028 3546 1420 3600 monachorum
1466 3545 1842 3616 Euphratesite

267 3640 514 3691 exarcho.
563 3637 806 3693 Litteras
837 3637 917 3692 illi
949 3636 1289 3703 detulerunt,
1312 3637 1515 3708 quibus
1545 3636 1613 3691 ad
1654 3638 1841 3695 sedem

269 3727 616 3796 apostolicam
650 3725 1039 3782 Theodoretus
1071 3726 1411 3793 recurrebat,
1444 3745 1462 3779 ι
1498 3737 1560 3783 ut
1590 3743 1712 3799 quas
1745 3727 1843 3783 ha-

269 3816 431 3882 beret,
463 3818 646 3888 inquit
674 3819 715 3883 ‘,
737 3817 1130 3884 Ecclesiarum,
1160 3834 1283 3889 qua:
1309 3816 1364 3873 in
1393 3825 1507 3874 toto
1536 3828 1662 3876 sunt
1684 3820 1839 3886 orbe,

269 3910 662 3981 principatum,
710 3910 900 3965 multis
949 3910 1296 3978 nominibus,
1348 3920 1512 3983 atque
1569 3912 1674 3968 hoc
1715 3923 1840 3969 ante

270 3997 461 4060 omnia,
492 3998 640 4068 quod
668 3998 740 4053 ab
767 3998 1027 4055 haeretica
1054 3999 1177 4055 tabe
1202 4000 1465 4057 immunis
1489 4003 1709 4068 mansit,
1736 4018 1842 4058 nec

270 4087 402 4143 ullus
425 4088 707 4143 contraria
746 4088 996 4145 sentiens
1027 4090 1083 4145 in
1121 4090 1218 4147 illa
1252 4092 1416 4158 sedit,
1453 4093 1549 4149 sed
1581 4094 1843 4165 apostoli-

268 4195 378 4236 cam
422 4182 654 4253 gratiam
699 4182 971 4253 integram
1020 4186 1388 4239 conservavit.
1426 4205 1445 4237 ι

330 4272 403 4327 De
428 4289 658 4329 recursu
684 4273 1020 4330 Theodoreti
1056 4275 1125 4329 ad
1156 4275 1343 4332 sedem
1367 4278 1719 4348 apostolicam
1743 4295 1843 4335 no-

270 4363 478 4418 vlssime
516 4364 928 4420 contenderunt
970 4364 1207 4439 theologi
1250 4367 1382 4431 duo,
1430 4369 1545 4424 suis
1582 4371 1843 4440 Operibns

1946 539 2134 586 tenere
2164 533 2443 589 convenit.
2471 553 2490 586 ι
2525 534 2579 589 2.
2610 534 2748 591 Cum
2778 535 3097 592 damnatum
3129 551 3192 594 se
3220 547 3278 594 et
3304 539 3522 611 deposi-

1944 630 2059 677 tum
2115 623 2316 695 injuria
2362 634 2711 696 quereretur,
2749 627 2995 697 petiisse,
3031 639 3095 684 ut
3141 631 3523 690 sanctissimus

1941 722 1999 767 et
2061 712 2416 771 beatissimus
2470 717 2657 773 Romae
2722 719 3173 792 archiepiscopus
3224 724 3521 793 apostolica

1942 814 2214 875 potestate
2274 814 2543 874 uteretur,
2596 819 2652 865 et
2705 821 3027 881 querentem
3081 814 3404 885 praeciperet
3452 813 3521 871 ad

1941 912 2103 952 suum
2148 899 2446 954 concilium
2491 900 2768 957 advolare.
2813 903 2866 957 5.
2915 905 3249 971 Postulasse,
3284 915 3347 962 ut
3376 907 3525 978 judi-

1941 992 2088 1047 cium
2120 1007 2187 1047 ex
2216 992 2438 1063 scriptis
2473 995 2925 1050 constitueretur.
2958 997 3012 1051 ι.
3045 997 3254 1053 Misisse
3294 1007 3404 1054 tres
3444 999 3525 1053 le-

1942 1091 2124 1153 gatos,
2171 1083 2267 1153 qui
2309 1083 2556 1139 absentis
2604 1093 2787 1155 partes
2830 1094 3074 1156 agerent.
3116 1087 3168 1141 5.
3205 1087 3521 1145 Institutum

1942 1174 2108 1230 fuisse
2130 1175 2423 1246 judicium,
2449 1175 2596 1245 quod
2619 1175 3083 1234 Chalcedonensis
3109 1179 3370 1251 synodus,
3396 1181 3524 1236 licet

1939 1263 2223 1319 nonnullis
2257 1263 2418 1318 initio
2450 1263 2838 1330 renitentibus,
2880 1273 3068 1320 secuta
3097 1267 3188 1321 sit.
3221 1267 3273 1322 6.
3317 1266 3524 1323 Reddi-

1940 1362 2052 1408 tam
2085 1354 2272 1409 sedem
2309 1353 2541 1420 homini,
2574 1371 2738 1425 quem
2784 1355 3027 1427 synodus
3058 1356 3365 1428 dejecisset.
3397 1357 3525 1416 Haec

1939 1453 2125 1499 autem
2172 1446 2217 1499 si
2259 1446 2533 1517 appellare
2555 1446 2800 1518 judicem
2844 1462 2953 1502 non
2992 1456 3096 1514 est,
3127 1448 3258 1520 quid
3301 1451 3522 1507 tandem

1938 1541 2055 1593 est?

2009 1631 2146 1688 XIV.
2180 1630 2413 1702 Scripsit
2435 1630 2629 1687 eodem
2669 1631 2783 1689 fere
2822 1642 3071 1705 tempore
3095 1634 3113 1653 ‘
3144 1632 3525 1691 Theodoretus

1940 1722 2007 1778 ad
2055 1722 2369 1778 Anatolium
2425 1723 2718 1793 patricium
2763 1723 2806 1788 ⁸,
2853 1740 2963 1794 quo
3007 1732 3243 1794 patrono
3289 1722 3525 1781 maxime

1873 1794 1913 1850 Β
1943 1814 2221 1878 utebatur,
2255 1814 2414 1869 enixe
2450 1822 2725 1884 precatus,
2757 1824 2819 1869 ut
2850 1817 2919 1871 ab
2948 1816 3282 1887 imperatore
3310 1818 3528 1874 obtine-

1942 1914 2028 1961 ret
2047 1904 2151 1960 sibi
2183 1904 2495 1960 facultatem
2523 1904 2665 1967 fleri,
2684 1907 2770 1962 vel
2789 1906 2955 1961 eundi
2978 1907 3209 1962 Romam
3229 1908 3294 1963 ad
3322 1908 3525 1963 summi

1940 1994 2217 2065 pontificis
2245 1994 2538 2065 judicium,
2583 1997 2670 2051 vel
2720 2012 2779 2051 se
2827 1997 2896 2051 ad
2946 1998 3342 2053 monasterium
3385 2001 3529 2054 reci-

1940 2083 2149 2153 piendi,
2168 2083 2314 2152 quod
2337 2093 2558 2138 centum
2579 2094 2636 2139 et
2652 2084 2842 2155 viginti
2866 2085 3111 2140 millibus
3124 2085 3287 2157 Cyro,
3307 2095 3527 2157 septua-

1939 2176 2087 2248 ginta
2113 2176 2356 2246 quinque
2385 2176 2698 2241 Antiochia,
2726 2179 2967 2248 Apamea
2997 2179 3176 2234 tribus
3200 2180 3413 2235 aberat.

2010 2267 2152 2322 Sunt
2204 2266 2300 2338 qui
2354 2276 2583 2338 putent,
2636 2277 2898 2323 neutrum
2946 2268 3273 2339 impetrasse
3332 2270 3522 2335 illum,

1939 2358 2265 2414 obﬁrmante
2304 2358 2653 2429 imperatoris
2689 2360 2933 2414 animum
2972 2359 3323 2431 Cbrysaphio
3355 2378 3369 2415 :
3401 2377 3528 2431 pro-

1940 2450 2180 2505 babilius
2213 2460 2393 2505 tamen
2428 2459 2535 2513 est,
2569 2464 2698 2504 eum
2729 2465 2857 2505 cum
2901 2451 3250 2521 imperatoris
3277 2451 3439 2507 venia
3468 2451 3528 2507 in

1941 2541 2338 2597 monasterium
2387 2542 2715 2607 secessisse,
2770 2541 2829 2596 in
2879 2555 3059 2611 eoque
3112 2541 3280 2595 vitam
3331 2538 3529 2611 procul

1941 2635 2180 2689 tumultu
2213 2634 2556 2705 negotiisque
2586 2633 2844 2700 duxisse;
2877 2632 2934 2689 id
2962 2634 3112 2689 enim
3158 2634 3298 2704 ipse,
3332 2633 3381 2689 si
3414 2648 3527 2689 non

1939 2732 2130 2797 aperte
2162 2724 2425 2788 declarat,
2470 2724 2653 2778 innuit
2675 2724 2697 2756 ⁸
2727 2732 2876 2779 certe
2921 2724 2979 2779 in
3016 2723 3218 2779 litteris
3254 2722 3322 2778 ad
3358 2722 3532 2777 Andi-

1940 2818 2117 2875 berim
2146 2823 2207 2871 et
2232 2816 2478 2887 Apellam
2515 2823 2642 2887 post
2674 2815 2995 2872 latrocinale
3032 2814 3330 2871 concilium
3361 2813 3527 2879 datis,

1942 2910 1997 2965 in
2048 2908 2250 2980 quibus
2291 2907 2359 2963 de
2403 2922 2507 2964 suo
2554 2907 2899 2976 aliorumque
2942 2906 3029 2961 sui
3067 2905 3467 2961 studiosiorum
3495 2920 3530 2961 e

1940 3002 2163 3058 civitate
2191 3002 2438 3057 discessu
2475 3000 2744 3070 loquitur.
2776 2999 2939 3070 186
2973 2996 3159 3054 lnnuit
3182 2997 3206 3029 '
3228 3008 3284 3051 et
3319 2997 3376 3051 in
3412 2995 3530 3066 epi-

1947 3096 2084 3151 stola
2115 3094 2184 3149 ad
2224 3108 2542 3150 (economos
2575 3092 2832 3147 Ecclesiae
2859 3106 2993 3155 suae,
3035 3089 3530 3162 presbyterumque

1949 3185 2318 3248 Theodotum,
2350 3183 2555 3253 quibus
2575 3182 2778 3237 absens
2798 3180 2914 3235 hac
2938 3178 3132 3234 scribit
3161 3196 3176 3232 :
3210 3198 3227 3230 ι
3256 3177 3370 3248 Ego
3393 3192 3532 3247 quo-

1947 3294 2055 3349 que
2088 3276 2557 3332 ‘incumbentem
2606 3274 2781 3330 deﬂeo
2825 3272 3227 3336 calamitatem,
3284 3279 3342 3326 et
3393 3268 3532 3325 mihi

1948 3385 2080 3425 sane
2112 3368 2384 3440 gratulor,
2428 3367 2525 3437 qui
2565 3381 2635 3421 ex
2676 3364 3006 3421 tumultibus
3034 3363 3330 3429 eraserim,
3366 3360 3533 3417 mihi-

1946 3477 2055 3532 que
2086 3469 2236 3531 grata
2264 3459 2417 3514 fruar
2447 3458 2867 3528 tranquillitate,
2900 3474 2918 3507 ι
2951 3464 3058 3511 etc.
3096 3455 3217 3511 Non
3257 3452 3530 3510 absimilia

1947 3558 2078 3607 sunt
2128 3566 2251 3620 quae
2289 3548 2359 3604 ad
2399 3547 2708 3619 Longinum
2740 3544 3231 3602 archimandritam
3275 3542 3533 3598 Doliche:

1946 3639 2168 3711 scripsit
2211 3639 2273 3692 τε
2311 3655 2330 3690 ι
2374 3637 2838 3694 Communicastis
2894 3635 3246 3708 passionibus
3288 3634 3529 3698 nostris,

1947 3740 2064 3787 tum
2109 3746 2209 3802 per
2255 3730 2468 3786 litteras
2498 3729 2867 3793 consolantes,
2899 3738 3016 3784 tum
3057 3728 3339 3782 mittentes
3374 3742 3533 3781 reve-

1947 3821 2305 3877 rendissimos
2328 3835 2394 3874 ac
2417 3819 2863 3890 religiosissimos
2890 3817 3202 3873 Mattbaaum
3219 3825 3275 3872 et
3298 3815 3531 3871 Isacium

1947 3914 2238 3977 diaconos;
2287 3910 2655 3980 audietisque,
2703 3917 2788 3966 sat
2830 3910 2974 3975 scio,
3018 3925 3049 3964 a
3092 3911 3242 3982 justo
3283 3908 3477 3964 Iudice
3513 3925 3527 3961 :

1947 4003 2012 4060 In
2042 4020 2251 4059 carcere
2282 4020 2453 4067 eram,
2495 4012 2545 4056 et
2572 4002 2783 4057 venistis
2805 4002 2876 4055 ad
2905 4018 2987 4057 me
3009 4012 3071 4068 ιιι,
3110 4019 3128 4053 ι
3174 4009 3280 4056 etc.

2018 4095 2133 4151 XV.
2174 4095 2307 4153 Utnt
2353 4110 2412 4150 se
2455 4111 2545 4150 res
2573 4094 2762 4157 habet,
2801 4092 2912 4148 Leo
2947 4103 3096 4149 certe
3135 4109 3166 4147 a
3198 4091 3528 4156 Theodosio,

1947 4188 2127 4260 quoad
2161 4188 2441 4259 negotium
2474 4185 2842 4257 congregandi
2878 4185 2933 4240 in
2970 4185 3123 4240 Italia
3154 4184 3396 4248 concilii,
3422 4199 3529 4239 una

1947 4296 2073 4335 cum
2106 4281 2492 4336 Valentiniano
2538 4279 2870 4349 imperatore
2918 4286 2974 4332 et
3019 4276 3279 4347 Augustis
3314 4276 3532 4329 duabus

1948 4387 2142 4442 passus
2174 4379 2260 4426 est
2300 4371 2575 4439 repulsam
2609 4368 2870 4438 :negavit
2907 4368 3056 4421 enim
3087 4382 3227 4437 opus
3260 4381 3381 4420 esse
3421 4365 3530 4419 ulla

272 4454 469 4510 nobiles
497 4473 511 4509 :
541 4455 684 4511 alter
719 4455 1033 4528 confugisse
1071 4467 1281 4514 tantum
1330 4460 1451 4514 vult
1482 4468 1741 4530 tanquam
1770 4461 1839 4515 ad
1874 4500 1922 4559 υ
1947 4464 2179 4536 synodo,
2213 4479 2316 4517 nec
2361 4462 2561 4531 Ephesi
2604 4461 2903 4532 quidquam
2952 4468 3133 4515 actum
3181 4458 3399 4528 injuria,
3431 4454 3527 4509 sed

270 4547 604 4615 pmsidium;
650 4547 826 4614 alter,
873 4550 1174 4620 appellasse
1219 4552 1371 4606 velut
1416 4552 1679 4622 judicem.
1729 4552 1838 4609 Sua

270 4648 386 4693 sunt
433 4640 656 4709 utrique
707 4650 1061 4711 argumenta,
1120 4643 1325 4713 quibus
1372 4643 1465 4697 ille
1510 4653 1836 4713 potestatem

271 4732 607 4798 apostolicam
641 4746 900 4787 coercere
934 4733 1105 4788 videri
1150 4742 1337 4805 queat,
1381 4735 1485 4790 iste
1518 4738 1835 4792 extendere.
1876 4768 1881 4773 α

332 4821 531 4889 Litem,
577 4833 639 4879 ut
685 4840 776 4881 res
822 4833 979 4891 sunt,
1028 4827 1355 4884 invidiosam
1402 4829 1687 4894 dirimere,
1737 4846 1840 4885 nec

273 4922 442 4969 nostra
475 4915 730 4983 interest,
766 4933 947 4988 neque
987 4929 1071 4974 est
1109 4920 1345 4975 animus.
1391 4919 1554 4976 Certe
1578 4924 1597 4954 ’
1626 4931 1841 4977 constat

273 4999 689 5072 Theodoretum,
733 5008 781 5062 si
826 5008 1008 5079 ipsum
1052 5010 1330 5076 audimus,
1368 5012 1391 5065 ι
1424 5028 1437 5064 :
1483 5030 1500 5088 ς
1537 5011 1614 5066 Ad
1650 5012 1836 5066 sedem

274 5096 612 5161 apostolicam
667 5100 1011 5165 accurrisse,
1047 5113 1110 5156 ut
1150 5102 1521 5157 Ecclesiarum
1565 5102 1842 5158 ulceribus
1882 5104 1893 5115 '

340 5262 375 5289 ⁵³
401 5254 582 5309 Matth.
609 5271 736 5322 xxv,
776 5256 867 5312 36.

1946 4554 2262 4611 substitutis
2298 4554 2353 4607 in
2397 4554 2577 4607 locum
2625 4552 2977 4624 indignorum
3022 4549 3367 4619 dignioribus
3405 4546 3526 4615 epi-

1947 4647 2129 4716 scopis
2176 4661 2401 4715 regnare
2441 4645 2495 4699 in
2534 4645 2778 4699 Ecclesia
2820 4642 3170 4699 concordiam
3219 4648 3275 4693 et
3322 4636 3524 4702 verita-

1948 4745 2080 4793 tem.
2134 4737 2328 4807 Operm
2375 4737 2614 4807 pretium
2659 4747 2745 4793 est
2776 4736 3039 4792 exhibere
3076 4732 3384 4802 epistolam,
3419 4746 3528 4799 qua

1946 4831 2245 4901 respondet
2280 4820 2692 4893 Valentiniano;
2727 4827 2914 4897 prodit
2942 4826 3089 4879 enim
3122 4837 3407 4894 quousque
3432 4836 3530 4876 cn-

1947 4922 2115 4977 nuchi
2148 4923 2363 4976 artibus
2387 4920 2657 4975 abductus
2687 4918 2739 4971 in
2766 4931 3013 4973 errorem
3050 4922 3198 4971 esset
3224 4929 3236 4966 :
3272 4910 3528 4981 praefatus

1945 5013 2112 5084 igitur
2143 5029 2265 5084 quae
2296 5010 2607 5066 humanitas
2635 5009 2811 5063 solet:
2846 5026 2864 5059 ι
2899 5007 3046 5063 Nihil
3077 5004 3245 5067 aliud,
3281 5000 3458 5072 inquit
3480 5000 3525 5063 ⁸,

1944 5106 2231 5167 volumus,
2280 5117 2441 5172 quam
2504 5108 2847 5157 sacramenta
2900 5110 3127 5171 paterna
3171 5114 3268 5169 per
3302 5110 3527 5150 succes-

1597 5372 1773 5429 StSHU
1787 5372 1919 5428 ιλιι
1962 5371 2193 5428 NOTAE.
2698 5401 2720 5432 ο
2842 5424 2849 5431 .

344 5462 357 5490 ¹
385 5460 579 5534 loquir.
611 5464 734 5519 Vid.
779 5472 821 5518 t.
867 5464 959 5528 IV,
992 5464 1153 5534 epist.
1189 5462 1287 5518 ll?)
1314 5474 1369 5519 et
1401 5465 1519 5519 HG.
1597 5466 1616 5495 ²
1651 5464 1820 5529 Certe,
1846 5477 1952 5520 etc.
1984 5465 2108 5519 Vid.
2145 5464 2307 5532 epist.
2353 5465 2559 5526 citatas
2586 5471 2659 5534 et
2694 5462 3010 5534 Actaeone.
3060 5452 3320 5534 Chalced.
3353 5521 3365 5534 ι
3396 5450 3528 5534 ’hAd

278 5532 424 5585 Αηαι.
452 5532 573 5588 Vid.
639 5543 679 5588 t.
720 5535 809 5599 IV,
848 5532 1178 5604 epistjtw.

284 5686 449 5744 [suam
496 5676 882 5731 scholasticunt
936 5674 1218 5744 desumpta
1273 5674 1420 5729 sunt.

280 5740 538 5809 (ῖιωιιςόη
586 5759 721 5817 part.
770 5762 808 5800 ι.

572 5841 842 5904 Parnon.
891 5842 1008 5902 Gn.
1058 5840 1368 5904 LXXXIV.

1278 5535 1299 5565 ⁸
1325 5535 1532 5597 lnnuit,
1583 5544 1689 5589 etc.
1731 5521 1831 5589 νεά

1948 5537 2051 5589 ιίει.
2101 5521 2197 5589 Itt‘
2240 5543 2295 5589 et
2338 5521 2541 5598 “5,1
2583 5533 2671 5587 tv.
2723 5532 2865 5605 μά.
2911 5530 3071 5605 ρνῑει.
3123 5526 3262 5605 tt_q,_
3299 5521 3385 5605 ad.
3413 5521 3521 5605 ne-

280 5612 468 5656 natum.
544 5606 566 5635 ⁸
596 5604 798 5667 lnnuit,
837 5614 946 5659 etc.
989 5604 1109 5658 Vid.
1169 5615 1205 5659 t.
1237 5605 1326 5667 IV,
1349 5606 1509 5675 epist.
1570 5605 1685 5665 106,
1722 5607 1842 5660 ΙΟἹι

284 5686 449 5744 [suam
496 5676 882 5731 scholasticunt
936 5674 1218 5744 desumpta
1273 5685 1420 5729 sttnt.
1528 5677 1543 5703 ⁷
1577 5676 1813 5744 Srripsil.

1956 5608 2042 5659 .56.
2128 5608 2146 5636 ⁵
2176 5606 2289 5675 Ego
2323 5621 2547 5671 quoque.

1961 5717 1970 5725 .
2042 5688 2078 5728 l.
2132 5677 2218 5739 IV,
2252 5676 2413 5744 epist.
2462 5677 2576 5727 151.

2128 5608 2146 5636 ⁵
2176 5606 2289 5675 Ego
2323 5590 2547 5677 quoque.
2584 5613 2691 5677 etc.
2870 5590 3138 5677 .(‘x'ep'ist
3172 5594 3290 5677 lli,
3321 5591 3386 5644 ad
3415 5590 3516 5677 hla-

2677 5672 2921 5739 “lnqnit.
2991 5667 3110 5721 Vid.
3175 5664 3308 5718 Acta
3360 5673 3517 5715 conc.

3158 5825 3190 5887 5
