3950 6226
374 313 489 380 139

1511 296 1885 360 GARNEIll-l
1928 294 2421 355 DISSERTATIO
2461 296 2509 354 ῐ.

3532 288 3673 355 1411

384 427 591 481 εἰοιαςη
644 423 802 477 nobis
839 417 1037 475 tradita
1071 416 1459 472 inviolabiliter
1488 410 1752 467 custodiri
1785 428 1796 461 :
1831 425 1956 478 pro—
1993 415 2027 468 Λ
2063 423 2168 477 quc
2205 416 2577 477 paupertatem
2598 405 2774 477 plenis
2802 420 3059 461 curarum
3087 403 3295 457 divitiis
3331 413 3634 474 antepona-

384 526 508 586 pter
547 515 694 568 hanc
721 527 963 574 causam,
1004 510 1261 579 quoniam
1302 504 1564 575 quosdam
1602 502 1958 571 cognovimus

385 607 765 663 sanctissimas
818 602 1092 658 Ecclesias
1154 596 1376 653 nocibili
1436 593 1677 648 novitate
1713 590 1957 652 turbare,

384 699 651 770 synodum
702 693 1046 750 decrevimus
1102 688 1303 759 Ephesi
1362 685 1508 751 ﬁeri;
1560 688 1620 740 in
1670 681 1957 752 praesentia

379 787 586 858 quippe
614 783 1196 841 reverendissimorum
1219 778 1619 848 episcoporum,
1639 790 1760 828 cum
1787 775 1959 827 multa

382 880 738 935 Iibertate'ac
777 877 987 945 integra
1022 871 1275 933 veritate,
1306 876 1362 922 et
1401 866 1608 937 indigni
1652 864 1959 920 sacerdotio

383 972 577 1027 remoti
605 977 752 1032 sunt,
781 975 837 1021 et
858 966 951 1036 qui
974 962 1204 1035 judicati
1229 966 1359 1015 sunt
1382 974 1502 1014 csse
1521 958 1693 1028 digni,
1719 956 1957 1025 suscepti

381 1069 540 1125 sunt;
575 1058 713 1112 nihil
760 1056 928 1127 igitur
970 1053 1039 1109 ab
1079 1053 1165 1106 his
1206 1049 1544 1105 contrarium
1592 1047 1792 1117 regulae
1832 1046 1957 1101 ﬁdei

380 1159 478 1206 aut
509 1149 736 1222 justitiae
773 1147 976 1202 factum
1010 1158 1131 1199 esse
1171 1141 1553 1213 cognovimus;
1591 1139 1771 1194 omnis
1825 1154 1959 1194 con-

383 1239 553 1296 tentio
599 1252 757 1293 sacro
798 1236 1009 1307 judicio
1056 1232 1364 1290 examinata
1393 1238 1496 1285 est.
1542 1229 1830 1289 Flavianus
1858 1244 1959 1282 au-

384 1339 523 1391 tem,
575 1327 670 1398 qui
713 1342 841 1381 reus
897 1325 1155 1379 inventus
1225 1330 1309 1377 cst
1366 1319 1611 1375 laesibilis
1673 1318 1955 1383 novitatis,

380 1420 621 1476 debitam
641 1434 858 1489 poenam
890 1416 1130 1487 recepit;
1167 1423 1219 1469 et
1256 1414 1360 1468 hoc
1391 1421 1621 1477 remoto,
1656 1410 1834 1464 omnis
1857 1425 1961 1479 pax

380 1521 435 1566 et
455 1511 633 1566 omnis
653 1509 947 1566 concordia
977 1518 1169 1580 regnat
1188 1508 1242 1561 in
1267 1504 1546 1567 Ecclesiis,
1570 1513 1625 1558 ct
1647 1503 1783 1557 nihil
1810 1502 1959 1557 aliud

380 1618 542 1674 quam
576 1602 781 1657 veritas
811 1600 978 1670 viget.
1015 1618 1033 1650 ι

455 1713 589 1771 XVI.
631 1711 773 1780 Quid
824 1710 1045 1766 interim
1093 1707 1415 1762 Pulcheria?
1462 1707 1960 1775 Quantumcunque

381 1807 743 1861 inclinaretur
792 1804 849 1858 in
896 1811 1097 1873 partes
1126 1801 1325 1855 summi
1371 1799 1674 1870 pontiﬁcis,
1724 1798 1958 1854 volentis

379 1899 721 1954 ecumeuico
742 1895 983 1952 concilio
1015 1884 1365 1948 latrocinium
1399 1891 1735 1962 Ephesinum
1770 1905 1960 1945 emen-

380 1985 527 2051 dari;
558 2001 734 2057 eoque
766 1985 1008 2040 ferretur
1040 1983 1238 2054 partim
1274 1982 1474 2038 Leonis
1505 1982 1723 2043 litteris,
1757 1981 1957 2051 partim

377 2075 703 2150 Chrysaphii
744 2073 893 2138 odio,
925 2076 1123 2143 partim
1162 2078 1356 2141 sponte
1401 2085 1520 2133 sua,
1552 2078 1608 2123 et
1640 2066 1766 2122 ﬁdei
1806 2066 1953 2133 zelo;

379 2167 601 2224 nolebat
629 2177 810 2223 tamen
841 2181 930 2221 res
957 2163 1266 2220 Orientales
1293 2162 1348 2216 in
1376 2159 1673 2217 Occidente
1703 2159 1809 2230 agi,
1841 2165 1954 2213 tum

380 2268 438 2314 ut
487 2264 808 2329 parceretur
858 2256 1083 2311 Patrum
1129 2252 1297 2307 maris
1340 2248 1745 2321 impatientium
1796 2263 1958 2303 vexa-

381 2351 546 2415 tioni;
589 2357 703 2404 tum
753 2362 824 2402 ne
863 2344 1162 2402 Orientalis
1198 2341 1435 2412 imperii,
1469 2338 1815 2408 seniorisque
1846 2341 1958 2392 Au-

380 2442 525 2512 gusti
569 2441 824 2511 maiestas
858 2436 1221 2501 minueretur,
1266 2444 1383 2489 tum
1429 2430 1667 2502 denique
1704 2445 1775 2485 ne
1821 2444 1958 2500 prae-

378 2542 526 2590 esset
554 2531 815 2597 Placidia,
841 2530 929 2585 cui
970 2527 1224 2585 muliebri
1257 2523 1605 2582 asmulatione
1638 2537 1781 2593 pene
1810 2520 1954 2575 invi-

380 2624 545 2681 debat
581 2643 595 2680 :
628 2638 798 2695 quare
854 2620 1049 2677 maluit
1101 2627 1341 2676 mentem
1390 2625 1608 2689 tegere,
1654 2629 1725 2669 ne
1768 2612 1957 2668 fratris

379 2715 623 2770 animum
659 2712 1049 2785 suspiciosum,
1084 2725 1189 2766 nec
1226 2708 1363 2765 satis
1381 2720 1601 2779 aequum
1644 2702 1821 2760 sorori
1861 2717 1958 2757 an-

379 2815 552 2877 geret,
584 2819 652 2860 eo
693 2804 996 2875 praesertim
1035 2809 1304 2871 tempore,
1335 2812 1447 2869 quo
1466 2811 1609 2868 aegra
1643 2792 1955 2851 valetudine

382 2900 659 2963 utebatur,
686 2912 788 2952 nec
825 2894 922 2950 diu
953 2895 1206 2950 victurus
1232 2892 1406 2948 videri
1433 2897 1670 2963 poterat.

454 3012 610 3083 187
642 3009 803 3066 XVII.
826 3006 1051 3063 Interim
1084 3003 1467 3061 Theodoretus
1514 3001 1872 3057 Sabinianum
1899 3007 1956 3054 et

2061 515 2202 553 Inus.
2236 521 2254 550 ι

2134 614 2229 668 His
2265 623 2319 670 et
2340 613 2461 667 aliis
2500 613 2843 667 sustentabat
2875 612 3118 667 animum
3138 615 3250 685 jam
3300 612 3464 667 malis
3498 610 3641 667 edo-

2060 702 2286 765 mitum,
2313 688 2373 756 ‘et
2410 718 2440 755 a
2470 702 2702 771 pristino
2755 716 2945 756 errore
2993 718 3188 775 magna
3222 718 3289 758 ex
3320 710 3478 772 parte
3508 717 3643 756 cora

2060 803 2291 849 rectum.
2327 794 2578 849 Errorem
2612 810 2741 850 vero
2770 795 2871 850 etsi
2897 793 3116 850 erudita
3164 794 3505 864 professione
3544 788 3641 847 Iit-

2061 885 2200 939 teris
2235 886 2303 940 ad
2348 885 2697 942 Timotheum
2726 888 2765 919 ¹¹
2823 887 3142 957 episcopum
3196 885 3417 957 scriptis
3455 885 3641 955 reipsa

2062 983 2323 1039 revocat,
2366 991 2655 1033 revocasse
2694 985 2875 1033 tamen
2921 978 3095 1032 videri
3141 993 3250 1031 non
3284 977 3439 1043 vult;
3497 971 3641 1031 adeo

2062 1063 2283 1118 diﬁlcile
2312 1072 2395 1119 est
2421 1065 2783 1136 magnanimis
2814 1068 2829 1084 '
2854 1063 3233 1135 paenitentiam
3257 1062 3436 1117 fateri.

2133 1156 2214 1212 Ad
2253 1157 2627 1213 discutiendas
2671 1159 2877 1213 erroris
2934 1156 3165 1212 nebulas
3214 1156 3448 1212 multum
3497 1155 3644 1210 lucis

2062 1251 2295 1304 contulit
2350 1252 2579 1322 epistola
2631 1251 2806 1308 sancti
2853 1250 3054 1305 Leonis
3097 1249 3165 1305 ad
3220 1250 3541 1306 Flavianum
3569 1253 3643 1303 de

2063 1342 2441 1398 incarnatione
2475 1359 2489 1396 :
2518 1359 2639 1398 eam
2681 1343 2830 1398 enim
2857 1344 2901 1374 “
2946 1343 3349 1403 Theodoretus,
3383 1345 3516 1396 dum
3550 1353 3641 1396 at-

2063 1434 2268 1489 tentius
2290 1434 3149 1506 perlegeret,distinctionemque
3175 1440 3495 1511 naturarum
3522 1448 3645 1488 am-

2064 1526 2282 1591 barum,
2310 1527 2513 1597 quibus
2559 1526 2814 1583 Christus
2845 1536 3081 1595 constat,
3120 1536 3309 1598 aperte
3349 1526 3642 1597 praedicari

2062 1615 2563 1682 animadverteret,
2617 1632 2771 1672 suam
2810 1617 2915 1673 sibi
2960 1633 3087 1673 cum
3131 1617 3432 1674 Christiani
3480 1614 3644 1671 orbis

2064 1707 2322 1777 magistro
2348 1707 2769 1762 consensionem
2801 1708 3125 1778 gratulatus,
3174 1707 3229 1762 id
3260 1707 3463 1772 effecit,
3513 1706 3643 1777 opi-

1992 1777 2033 1831 B
2063 1815 2182 1865 nor,
2227 1799 2375 1869 quod
2422 1799 2716 1870 aliquando
2745 1777 3064 1870 praestitisse
3097 1809 3309 1856 certum
3338 1808 3424 1856 est
3455 1817 3470 1854 :
3523 1799 3646 1870 epi-

2060 1892 2214 1947 stolae
2236 1892 2435 1947 summi
2463 1891 2742 1963 pontiﬁcis
2765 1893 3050 1963 subjunxit
3088 1908 3199 1947 non
3224 1908 3378 1948 suam
3423 1900 3642 1949 tantum

2060 1982 2550 2054 subscriptionem,
2575 1983 2722 2054 quod
2753 1984 2937 2039 minus
2952 1984 3278 2051 videbatur;
3329 1984 3424 2039 sed
3449 1999 3514 2039 ea
3554 1982 3644 2037 in-

2059 2087 2227 2142 super
2278 2073 2590 2129 testimonia
2632 2090 2754 2144 quae
2802 2090 2871 2129 ex
2916 2074 3232 2131 Occidentis
3285 2074 3643 2145 Orientisque

2058 2163 2314 2219 Patribus
2364 2173 2490 2218 ante
2534 2173 2773 2236 quatuor
2822 2180 2998 2222 annos
3052 2167 3367 2238 collegerat,
3423 2182 3642 2238 suoque

2057 2253 2295 2325 dialogo,
2327 2255 2418 2325 qui
2448 2255 2775 2312 Inconfusus
2811 2257 3153 2324 inscribitur,
3184 2258 3453 2315 adversus
3499 2270 3641 2314 cun-

2057 2345 2329 2402 fusionem
2387 2346 2771 2418 imperitorum
2829 2349 3231 2406 monachorum
3289 2350 3637 2415 inseruerat,

2057 2453 2168 2508 quo
2189 2438 2596 2509 subscriptores
2619 2455 2806 2495 secum
2842 2441 3162 2505 adduceret,
3207 2441 3464 2498 Ecclesia:
3499 2458 3644 2512 prae-

2058 2527 2428 2583 stantissimos
2452 2529 2762 2599 magistros.

2129 2638 2282 2694 Hanc
2307 2639 2556 2695 eamdem
2597 2642 2884 2713 epistolam
2917 2642 3226 2699 certissimo
3254 2658 3355 2700 suo
3402 2653 3641 2716 patrono

2056 2728 2310 2785 Anatolio
2337 2731 2570 2800 patricio
2597 2732 3129 2803 Constantinopolim
3161 2734 3463 2791 transmisit
3488 2750 3637 2789 :non

2057 2816 2251 2887 utique
2318 2819 2546 2884 nudam,
2589 2820 2733 2875 sicut
2771 2834 3034 2889 venerat;
3069 2823 3202 2893 quid
3240 2823 3386 2879 enim
3442 2823 3640 2879 fuisset

2057 2924 2217 2980 opus,
2248 2926 2373 2966 cum
2438 2911 2495 2966 in
2530 2913 2666 2967 urbe
2707 2914 2854 2985 regia
2879 2923 3155 2970 tereretur
3184 2916 3431 2970 omnium
3460 2915 3642 2971 mani—

2057 3004 2203 3058 bus?
2228 3004 2390 3075 188
2417 3005 2513 3060 sed
2546 3007 2895 3074 testimoniis,
2927 3025 3048 3079 quae
3074 3008 3210 3075 dixi,
3257 3009 3481 3064 Patrum
3516 3025 3642 3064 mu-

378 3103 549 3169 lham,
573 3102 925 3172 seipsumque
952 3097 1154 3154 litteris
1176 3096 1478 3160 solabatur,
1504 3101 1562 3149 et
1608 3092 1766 3163 quasi
1796 3091 1951 3146 frue-
1983 3113 2026 3168 C
2056 3095 2251 3162 uitam,
2276 3107 2337 3151 ut
2360 3097 2522 3153 ﬁdem
2544 3113 2698 3153 suam
2722 3098 2968 3170 apertius
2993 3101 3333 3157 ostenderet.
3373 3120 3391 3151 σ
3425 3101 3636 3157 Rerum

378 3198 542 3252 batur
556 3194 996 3250 adversariorum
1014 3192 1115 3255 ira,
1135 3189 1189 3244 in
1213 3189 1282 3244 iis
1302 3201 1558 3259 magnum
1585 3186 1808 3256 quidem
1826 3183 1954 3238 ﬁdei

379 3286 644 3349 studium,
697 3298 1058 3356 magnamque
1087 3281 1312 3337 honoris
1348 3287 1403 3334 et
1453 3277 1600 3335 sedis
1642 3276 1947 3346 despicien-

380 3378 511 3432 tiam
534 3375 896 3448 praeferebat;
921 3373 1016 3430 sed
1046 3373 1316 3444 prodebat
1363 3379 1547 3425 tamen
1582 3368 1843 3431 indolem,
1872 3368 1959 3421 in-

379 3468 658 3538 situmque
683 3466 871 3522 animo
887 3465 1133 3520 dolorem
1162 3481 1176 3518 :
1205 3462 1565 3533 quamobrem
1593 3459 1953 3514 Sabinianum

379 3560 554 3616 amice
579 3557 779 3630 arguit,
831 3556 977 3627 quod
1012 3555 1161 3611 sedis
1200 3568 1387 3609 amore
1413 3567 1481 3607 eo
1532 3568 1591 3607 se
1639 3551 1951 3622 abjecisset,

374 3666 489 3722 quo
515 3648 924 3722 magnanimum
941 3663 1052 3702 non
1075 3647 1316 3703 deceret.
1353 3664 1370 3697 ι
1401 3643 1758 3700 Sanctitatem
1783 3651 1952 3706 tuam,

378 3740 557 3813 inquit
582 3742 626 3806 ’,
649 3737 906 3795 laudibus
919 3737 1111 3802 extuli,
1134 3751 1259 3793 cum
1287 3733 1614 3790 invidiosam
1635 3733 1953 3789 cathedram

376 3832 640 3905 reliquit;
667 3847 790 3903 quae
821 3831 971 3887 enim
998 3829 1314 3885 veneranda
1346 3827 1478 3883 olim
1514 3835 1656 3889 erat,
1700 3842 1849 3882 nunc
1871 3826 1953 3881 la-

377 3937 464 3983 cta
484 3937 570 3983 est
591 3925 847 3989 ridicula,
873 3924 1124 3980 venalem
1149 3923 1352 3994 quippe
1379 3920 1533 3976 illam
1570 3935 1672 3976 nos
1698 3919 1951 3975 fecimus.

376 4019 605 4076 Miratus
631 4032 754 4073 sum
780 4023 1301 4086 autem,postquam
1332 4010 1587 4083 cognovi,
1644 4019 1696 4066 te
1740 4010 1806 4066 ad
1835 4025 1951 4074 eos,

376 4112 472 4183 qui
501 4085 1136 4183 ejecerint,accurr‘isse.
1164 4106 1299 4160 Nam
1330 4103 1667 4159 contrarium
1693 4112 1743 4158 te
1774 4105 1953 4158 facere

375 4203 688 4273 oportebat,
713 4207 774 4255 ut
806 4207 1026 4271 rogatus
1055 4196 1428 4269 gubernacula
1458 4196 1722 4260 retinere,
1755 4195 1954 4267 guber-

375 4295 655 4351 nationem
676 4291 978 4363 refugeres,
996 4299 1256 4360 tanquam
1292 4288 1533 4344 inimicis
1560 4288 1717 4344 factis
1747 4288 1836 4352 iis,
1857 4287 1951 4358 qui

375 4386 431 4441 in
463 4384 655 4442 eadem
706 4383 830 4439 navi
871 4389 1017 4437 sunt.
1058 4402 1076 4433 ›
1121 4381 1189 4438 Ει
1212 4389 1403 4452 postea
1432 4381 1499 4436 de
1535 4397 1630 4437 se:
1671 4400 1688 4432 ι
1726 4382 1840 4452 Ego
1874 4381 1953 4435 fa-

2057 3192 2326 3254 omnium,
2361 3188 2541 3259 inquit
2570 3190 2635 3255 ³³,
2688 3201 2873 3246 rector
2917 3201 2974 3247 et
3008 3191 3325 3248 moderator
3367 3191 3640 3248 Dominus

2056 3279 2336 3352 patefecit,
2373 3289 2429 3337 et
2466 3283 2896 3353 apostolicorum
2941 3293 3259 3340 nostrorum
3315 3283 3638 3356 dogmatum

2055 3377 2365 3443 veritatem,
2402 3377 2694 3449 etjactatae
2753 3377 2810 3432 in
2842 3393 2945 3433 nos
2983 3377 3272 3433 calumniae
3313 3376 3635 3432 falsitatem.

2056 3468 2296 3533 Etenim,
2321 3484 2443 3538 quae
2472 3483 2501 3522 a
2523 3468 2635 3523 Deo
2664 3468 2993 3524 charissimo
3020 3478 3077 3524 et
3110 3468 3459 3525 sanctissimo
3511 3482 3637 3521 mae

2056 3574 2174 3628 gnae
2205 3559 2390 3613 Romae
2418 3558 2834 3629 archiepiscopo
2869 3559 3096 3614 domino
3127 3558 3310 3615 Leone
3345 3558 3414 3614 ad
3435 3567 3642 3615 sancta:

2058 3649 2337 3703 memoria)
2369 3649 2690 3704 Flavianum
2718 3650 2965 3720 aliosque
2991 3650 3137 3721 apud
3164 3646 3442 3720 Ephesum
3501 3666 3640 3705 con-

2011 3769 2019 3775 -
2056 3746 2308 3809 gregatos
2331 3739 2537 3809 scripta
2564 3747 2715 3800 sunt,
2741 3755 2865 3794 cum
2897 3739 2965 3794 iis
2989 3739 3209 3809 penitus
3256 3738 3638 3804 consentiunt,

2056 3844 2179 3899 quae
2212 3843 2313 3884 nos
2340 3829 2427 3883 vel
2453 3831 2908 3901 conscripsimus,
2930 3831 3017 3885 vel
3060 3831 3116 3884 in
3144 3831 3409 3888 Ecclesiis
3440 3848 3643 3902 perpe-

2056 3928 2152 3976 tuo
2183 3921 2495 3978 docuimus.
2523 3922 2795 3991 Quocirca
2827 3924 2991 3980 simul
3015 3939 3079 3980 ac
3121 3941 3218 3981 eas
3245 3925 3461 3981 litteras
3504 3925 3639 3997 legi,

2056 4014 2353 4087 benignum
2407 4016 2698 4071 Dominum
2745 4015 2987 4082 laudavi,
3031 4016 3178 4087 quod
3203 4015 3480 4073 Ecclesias
3524 4032 3641 4073 non

2045 4122 2283 4182 prorsus
2310 4108 2639 4174 deseruerit,
2671 4108 2767 4164 sed
2798 4117 2965 4163 rectae
3035 4108 3301 4165 doctrinae
3343 4109 3640 4166 scintillam

2055 4199 2312 4262 servarit,
2339 4200 2423 4255 vel
2453 4199 2639 4271 potius
2672 4216 2782 4255 non
2805 4199 3124 4268 scintillam,
3161 4200 3258 4257 sed
3311 4200 3488 4258 facem
3514 4218 3637 4257 ma-

2054 4288 2279 4354 ximam,
2307 4306 2430 4360 quae
2461 4291 2653 4346 orbem
2677 4299 2949 4346 terrarum
2978 4292 3280 4349 accendere
3324 4302 3379 4349 et
3424 4295 3639 4350 illumi-

2054 4398 2185 4437 nare
2214 4384 2405 4453 possit.
2447 4404 2464 4434 ι
2502 4384 2640 4439 Tum
2676 4394 2801 4456 post
2827 4385 3105 4440 laudatam
3165 4387 3482 4457 apostolicae
3517 4388 3642 4457 cpi-

372 4487 519 4534 claui
544 4477 598 4532 in
624 4492 710 4531 me
739 4474 998 4547 injuriam
1027 4473 1183 4528 velut
1213 4473 1461 4528 divinum
1489 4473 1819 4529 beneﬁcium
1854 4490 1951 4528 ex-
1985 4467 2027 4522 Ι)
2055 4476 2209 4530 stolae
2256 4476 2563 4531 doctrinam
2598 4491 2724 4531 cum
2756 4477 3015 4532 Patribus
3047 4494 3344 4533 consonam
3378 4496 3390 4533 :
3426 4499 3443 4530 ε
3492 4478 3637 4536 Cum

370 4572 516 4643 cepi,
562 4586 672 4626 non
700 4584 831 4626 sane
863 4569 1092 4640 gratiam
1118 4567 1329 4623 habens
1369 4567 1582 4638 injuriae
1611 4567 1951 4631 auctoribus,

370 4662 504 4735 (quo
539 4663 687 4719 enim
716 4670 896 4734 pacto,
930 4659 1230 4717 fratricidis
1276 4668 1334 4715 et
1379 4658 1535 4714 Caini
1587 4667 1799 4729 partem
1832 4675 1949 4713 am-

370 4753 601 4826 plexis?)
628 4754 725 4811 sed
768 4754 1062 4811 Dominum
1086 4768 1268 4808 meum
1298 4751 1556 4806 laudibus
1576 4751 1834 4815 eﬂ‘ercns,
1856 4751 1950 4821 qui

370 4862 458 4904 me
486 4836 745 4921 injuriam
776 4849 1104 4918 patientium
1151 4855 1296 4902 sorte
1329 4844 1584 4916 dignatus
1610 4854 1712 4899 est.
1750 4864 1767 4896 ι
1800 4844 1949 4900 Ibam

368 4953 502 4994 vero
541 4938 827 5008 alloquens
874 4938 1171 4994 Sabiniano
1224 4936 1673 5009 generosiorem:
1712 4953 1731 4985 ‹
1768 4933 1946 4989 Ceda—

369 5043 515 5091 mus.
532 5028 609 5084 ait
641 5029 707 5094 '°.
739 5030 1184 5099 peremptoribus
1213 5029 1477 5085 honorem
1527 5035 1585 5082 et
1608 5025 1853 5089 delicias,
1890 5033 1948 5079 et

368 5121 520 5177 sedis
557 5121 973 5193 praerogativam
1024 5128 1080 5174 et
1128 5120 1354 5189 gloriam
1406 5119 1704 5185 infelicem,
1740 5127 1950 5173 tantum

369 5213 738 5270 inhaereamus
762 5210 1092 5283 evangelicis
1114 5211 1481 5282 dogmatibus,
1515 5219 1570 5267 et
1596 5228 1722 5267 cum
1746 5211 1877 5275 illis,
1906 5209 1950 5264 si

368 5320 507 5374 opus
537 5311 641 5371 est,
669 5302 890 5376 quidvis
905 5317 1165 5373 asperum
1197 5304 1559 5373 perferamus,
1587 5302 1951 5358 laudabilem-

2056 4567 2143 4623 his
2175 4568 2377 4623 litteris
2400 4568 2539 4624 meis
2567 4569 2843 4640 copulavi,
2878 4576 2957 4636 ut,
2982 4586 3108 4626 cum
3136 4571 3331 4642 legerit
3384 4572 3640 4643 magniﬁ-

2053 4659 2233 4714 centia
2260 4668 2372 4726 tua,
2405 4675 2594 4716 eorum
2630 4662 2974 4728 recordetur,
3011 4678 3133 4732 qua:
3159 4677 3188 4715 a
3227 4662 3389 4717 nobis
3419 4664 3474 4717 in
3526 4664 3637 4718 Ec-

2051 4751 2219 4806 clesia
2247 4751 2446 4821 saepius
2472 4760 2602 4807 sunt
2646 4752 2815 4818 dicta,
2844 4762 2902 4807 et
2942 4754 3361 4809 consensionem
3411 4756 3638 4824 dogma-

2056 4849 2172 4895 tum
2203 4853 2483 4913 agnoscat.
2530 4863 2548 4895 ι
2600 4844 2866 4898 Eamdem
2916 4860 3135 4914 quoque
3186 4861 3287 4914 per
3323 4846 3535 4916 legatos
3563 4845 3635 4901 ad

2051 4941 2307 4989 sanctum
2362 4934 2625 5000 Leonem,
2667 4935 2721 4990 id
2753 4944 2858 5002 est,
2883 4936 2951 4991 ad
2994 4953 3313 5008 supremum
3363 4938 3634 5008 judicem,

2052 5026 2213 5098 cujus
2243 5026 2488 5082 tribunal
2551 5029 2886 5098 appellabat,
2921 5028 3117 5084 iisdem
3170 5030 3504 5085 testimoniis
3531 5048 3634 5086 au-

2053 5128 2199 5175 ctam
2232 5119 2464 5184 remisit,
2493 5121 2646 5176 velut
2672 5121 3028 5179 ineluctabile
3076 5138 3256 5178 causa:
3283 5139 3395 5189 suae
3428 5124 3638 5179 instru-

2053 5216 2303 5264 mentum
2360 5217 2810 5281 momentumque
2854 5211 3260 5282 gravissimum.
3299 5211 3442 5278 Quid
3481 5211 3634 5267 enim

2052 5301 2334 5373 potentius
2356 5302 2684 5374 graviusque
2713 5302 2902 5357 afferat
2934 5304 3205 5374 quispiam
3230 5303 3296 5358 ad
3341 5319 3454 5359 suae
3505 5303 3633 5359 ﬁdci

1702 5503 2016 5561 SCIIULZII
2055 5503 2284 5560 ΝΟΤᾸΞ.

436 5667 674 5735 Ἰηφίϋ.
719 5665 843 5721 Vid.
883 5675 922 5720 t.
982 5666 1070 5729 IV,
1099 5664 1258 5735 epist.
1316 5662 1434 5719 l26.
1513 5663 1686 5735 "Ait.
1726 5662 1930 5735 Vidal.
1966 5662 2366 5735 c.epist.rl3‘.3.

545 5685 674 5738 φιν.
728 5685 843 5721 νισ.
883 5685 922 5720 ι.
982 5685 1070 5729 Ιν,
1099 5685 1258 5735 θριεῑ.
1316 5685 1434 5719 12οσ
1514 5685 1553 5696 ’⁷
1579 5685 1686 5719 Αιι.
1736 5685 1850 5717 για.
1893 5685 1930 5717 Ι.
1966 5685 2015 5718 ε.
2042 5685 2206 5732 εριδι.
2247 5685 2265 5716 1

572 5747 675 5795 etc.
715 5738 832 5795 Vid.
866 5737 1023 5806 epist.
1068 5738 1162 5794 llb‘
1209 5745 1263 5792 et
1295 5736 1408 5792 l2l.
1488 5735 1530 5767 ¹²
1556 5734 1754 5806 Inquit.
1783 5734 1901 5788 Vid.
1943 5734 2102 5804 epist.
2150 5734 2265 5787 121.

365 5741 523 5804 enim,
559 5736 675 5795 etc.
715 5738 832 5795 Vid.
866 5737 1023 5810 epist.
1068 5738 1162 5794 llb‘
1209 5745 1263 5792 et
1295 5736 1408 5792 l2l.

2450 5662 2488 5694 ¹¹
2525 5660 2606 5717 Ad
2636 5661 2856 5717 Timoth.
2903 5659 3021 5716 Vitl.
3055 5658 3218 5729 epist.
3255 5659 3374 5715 131.
3419 5659 3459 5693 ¹¹
3490 5659 3634 5717 Eam
