3950 6226
269 364 351 433 111
1418 372 1782 433 HISTORIA
1816 370 2326 432 THEODORETI.

3404 367 3507 433 1-12

265 484 544 557 puritatem
604 484 971 555 probandam,
1025 499 1188 554 quam
1243 485 1661 540 consensionem
1705 498 1831 539 cum
1862 493 1903 545 Α
1933 498 2055 538 εε;ε
2107 484 2364 555 iusserat.
2410 482 2578 538 Suam
2627 492 2684 539 et
2718 483 2886 538 totius
2942 482 3200 539 Ecclesia
3229 482 3508 540 catholica

266 575 615 633 sanctissimis
637 574 1088 645 doctissimisque
1139 573 1380 631 Orientis
1410 574 1832 644 Occidentisque

264 669 524 733 Patrihus,
554 668 763 738 quibus
793 669 949 723 velut
979 668 1035 722 in
1055 667 1325 738 synodum
1368 668 1575 723 coactis
1624 665 1833 723 Christi

265 758 490 813 vicarius
511 758 852 829 prasideat?
880 758 1015 826 Quis
1043 775 1072 813 a
1109 759 1381 814 catholica
1407 759 1638 814 veritate
1675 757 1835 813 aber-

266 858 359 914 ret,
390 859 617 906 secutus
636 850 833 915 duces,
866 851 1156 917 Hilarium,
1183 846 1566 914 Athanasium,
1595 849 1831 905 Ambro-

264 943 416 1008 sium,
472 943 873 1014 Augustinum,
921 942 1393 1015 Chrysostomum,
1444 941 1831 1026 Theophilum,

265 1032 685 1097 Nazianzenum,
718 1034 1008 1095 Basiliam,
1039 1032 1326 1104 Cyrillum,
1375 1042 1433 1086 et
1460 1029 1700 1086 Leonem
1727 1029 1836 1083 Ma-

266 1126 460 1195 gnum?
490 1125 612 1180 liuc
646 1124 850 1180 adduci
881 1133 1104 1194 possent
1157 1123 1446 1193 Augustini
1489 1122 1657 1177 verba
1707 1137 1833 1176 cum

267 1218 471 1275 iuliano
512 1218 852 1287 disputantis
882 1214 930 1249 ’³
964 1234 976 1270 :
1013 1201 1045 1268 ι’
1074 1216 1129 1272 Si
1154 1232 1222 1272 ex
1251 1216 1385 1271 orbe
1410 1224 1525 1269 toto
1553 1214 1838 1283 episcopa-

269 1307 332 1360 lis
352 1307 597 1378 synodus
622 1315 1071 1377 congregaretur,
1105 1306 1330 1369 mirum,
1378 1304 1423 1359 si
1470 1312 1698 1373 possunt
1726 1302 1838 1357 illic

270 1398 414 1453 facile
439 1398 634 1453 sedere
659 1406 741 1451 tot
776 1397 948 1463 docti,
984 1413 1193 1469 graves.
1232 1397 1427 1461 sancti,
1482 1394 1837 1464 veritatisque

273 1490 516 1545 acerrimi
552 1490 902 1545 defensores.
933 1509 950 1542 ι

333 1580 519 1637 XVIII.
542 1583 651 1638 Per
677 1581 734 1637 id
767 1589 985 1652 tempus
1018 1583 1272 1637 Historia
1296 1582 1687 1637 ecclesiastica:
1743 1589 1840 1635 aut

270 1674 674 1745 componenda,
700 1674 849 1745 quod
908 1675 1080 1745 magis
1127 1690 1272 1735 reor,
1316 1683 1413 1728 aut
1438 1675 1629 1729 saltem
1660 1673 1840 1728 absol-

274 1767 451 1822 venda
476 1783 536 1821 se
564 1765 740 1821 dedit.
797 1767 915 1830 Illa,
966 1775 1025 1820 ut
1055 1767 1283 1836 ipsemet
1312 1765 1537 1831 fatetur,
1596 1764 1837 1834 quinque

1936 578 2380 633 communionem
2407 577 2666 632 omnibus
2690 592 2720 632 a
2739 577 3002 633 Dioscoro
3022 578 3369 631 anathemate
3384 592 3509 648 per.

1936 668 2112 722 cussis
2142 668 2454 738 impertitus
2491 677 2609 723 erat
2639 685 2653 721 :
2682 676 2851 739 utque
2877 684 2944 723 ea
2993 667 3204 723 ﬁrmius
3231 667 3510 723 constabi-

1934 756 2192 822 lirentur,
2216 767 2273 812 et
2295 759 2363 813 de
2400 758 2518 828 ipso
2550 759 2812 815 Dioscoro
2836 759 3139 815 solemnius
3167 760 3393 829 quastio
3409 759 3510 814 ha-

1938 853 2184 915 beretur,
2217 850 2451 921 petierat
2493 850 2562 905 ab
2587 850 2916 921 imperatore
2965 850 3296 917 Theodosio,
3343 851 3512 905 totius

1936 943 2089 998 orbis
2115 942 2409 997 concilium
2468 942 2521 995 in
2551 941 2706 997 italia
2760 941 2904 1012 cogi,
2939 942 3028 997 cui
3057 951 3224 1012 caput
3255 942 3513 997 Ecclesia

1937 1050 2036 1104 per
2062 1050 2120 1089 se
2147 1033 2487 1104 prasiderct.
2539 1033 2855 1089 Frustratus
2902 1048 3018 1104 spe,
3067 1050 3178 1088 non
3242 1033 3514 1089 contraxit

1936 1126 2217 1192 animum;
2250 1126 2345 1180 sed
2377 1126 2644 1181 infractus
2674 1126 2850 1189 malis,
2878 1126 3134 1189 tentavit,
3159 1126 3206 1181 si
3236 1142 3343 1196 qua
3391 1141 3517 1196 pos-

1937 1226 2022 1273 set
2050 1216 2157 1280 via,
2201 1216 2268 1271 ad
2304 1215 2540 1270 oﬁicium
2580 1216 2843 1271 reducere
2876 1216 3185 1287 episcopos,
3216 1217 3364 1286 quia
3386 1215 3514 1271 Dio-

1937 1323 2095 1363 scoro
2118 1324 2217 1378 per
2237 1308 2346 1363 vim
2382 1307 2833 1379 tyrannidemque
2852 1307 3064 1363 seducti
3088 1315 3268 1361 erant.

2011 1401 2074 1453 tl.
2102 1400 2243 1455 Dum
2258 1400 2313 1454 in
2333 1415 2401 1455 eo
2420 1408 2507 1454 est
2537 1399 2602 1465 ",
2626 1399 2928 1453 adveniunt
2957 1407 3265 1468 opportune
3284 1412 3316 1451 a
3337 1397 3519 1452 Theo-

1939 1490 2134 1545 doreto
2161 1490 2346 1561 legati,
2382 1490 2477 1561 qui
2510 1497 2803 1555 testentur,
2836 1489 2892 1545 in
2913 1488 3138 1545 Oriente
3177 1504 3349 1559 usque
3378 1488 3521 1544 adeo

1941 1580 2175 1646 turbari,
2227 1588 2290 1636 ut
2323 1580 2451 1635 ﬁdei
2512 1595 2603 1635 res
2632 1596 2740 1635 non
2767 1588 2952 1650 posset
2987 1579 3212 1636 aliunde
3244 1595 3408 1650 quam
3446 1580 3517 1634 ab

1938 1670 2234 1726 Occidente
2263 1670 2480 1726 restitui
2512 1689 2525 1725 :
2556 1672 2647 1726 vix
2676 1687 2966 1742 superesse
2996 1672 3244 1727 veritatis
3280 1686 3517 1743 evange-

1945 1763 2068 1819 lica
2104 1762 2420 1827 scintillam,
2442 1779 2545 1820 nec
2569 1780 2729 1834 posse
2750 1766 3081 1821 exstinctum
3103 1765 3288 1836 iubar,
3322 1764 3427 1819 nisi
3450 1763 3519 1819 de

273 1869 325 1913 et
341 1868 563 1913 centum
596 1873 873 1913 annon
903 1826 1119 1928 tempus
1160 1826 1572 1927 complectitur,
1601 1826 1671 1910 ab
1718 1826 1836 1909 Arii
1876 1826 1915 1880 Β
1946 1851 2206 1907 Romana
2244 1826 2500 1908 Ecclesia
2523 1826 2751 1918 lu-mine,
2782 1854 3049 1911 accendi:
3098 1826 3380 1925 implorari
3428 1870 3520 1910 se-

272 1950 481 2005 rcsania
515 1949 814 2019 incipiens,
848 1949 1217 2018 desinensque
1264 1946 1322 2001 in
1373 1946 1526 2001 obitu
1560 1943 1837 2000 Theodori

273 2052 323 2097 et
349 2040 643 2104 Theodoti,
684 2040 790 2096 hoc
836 2049 943 2105 est,
969 2039 1040 2094 ab
1094 2055 1239 2095 anno
1284 2037 1631 2094 Constantini
1662 2037 1839 2108 Magni

275 2133 478 2187 decimo
504 2133 766 2202 septimo,
793 2133 889 2203 qui
919 2132 1121 2187 Christi
1153 2131 1278 2196 522,
1314 2130 1382 2185 ad
1419 2129 1713 2185 Theodosii
1739 2130 1842 2185 Ju-
1882 2196 1887 2199 _

275 2224 439 2278 nioris
463 2238 672 2279 annum
702 2222 1051 2286 vicesimum,
1087 2221 1183 2291 qui
1211 2220 1418 2278 Christi
1447 2220 1572 2277 4'27.
1599 2220 1659 2275 In
1693 2220 1842 2274 hunc

278 2315 512 2370 laborem
545 2314 808 2370 incubuit
833 2312 1162 2383 Apameensi
1205 2311 1541 2367 monasterio
1571 2310 1838 2373 inclusus,

274 2409 380 2462 sive
400 2415 463 2462 ut
490 2421 778 2462 aerumnas
809 2406 1026 2461 falleret
1050 2404 1405 2485 contentione
1452 2402 1693 2468 mentis;
1723 2402 1840 2456 sive

277 2508 331 2553 ut
352 2499 674 2569 patientiam
696 2497 970 2553 solaretur
991 2508 1309 2552 sanctorum
1328 2495 1398 2551 ah
1428 2493 1650 2550 Arianis
1677 2508 1842 2547 vexa-

277 2600 444 2645 torum
476 2589 770 2660 exemplo;
802 2590 919 2644 sive
939 2597 999 2643 ut
1029 2603 1131 2644 suo
1147 2588 1369 2652 saculo,
1394 2586 1677 2657 ingeniosa
1702 2600 1843 2655 qua-

276 2675 391 2730 dam
414 2677 700 2747 allegoria,
759 2676 1030 2747 obiiceret
1059 2674 1422 2746 praecedentis
1456 2673 1842 2736 imitationem,

275 2784 376 2837 quo
404 2770 597 2825 Ariani
623 2770 857 2841 grassati
881 2777 1011 2825 sunt
1034 2768 1302 2825 adversus
1336 2768 1463 2823 ﬁdei
1506 2766 1841 2831 defensores,

277 2871 329 2916 et
351 2862 597 2917 sobolem
632 2869 988 2932 pepererunt,
1029 2870 1091 2916 ut
1118 2861 1222 2932 ipsi
1276 2860 1498 2931 quidem
1528 2859 1842 2925 videbatur,

276 2967 390 3023 qua
408 2954 559 3009 sanis
580 2952 933 3023 dogmatibus
957 2962 1089 3008 tunc
1118 2952 1411 3023 obsisteret
1441 2969 1454 3005 :
1477 2965 1670 3006 verum
1695 2965 1760 3005 ea
1777 2950 1846 3005 de

279 3062 331 3101 re
361 3044 640 3116 copiosius
695 3045 751 3099 in
789 3044 1109 3100 recensione
1139 3043 1402 3116 Operum,
1453 3043 1546 3098 ubi
1576 3042 1847 3113 allegoria

281 3138 598 3207 mysterium
627 3137 928 3207 explicatur

805 3248 967 3320 139
999 3248 1223 3306 CAPUT
1247 3250 1315 3305 x.

280 3341 319 3395 I.
349 3342 562 3411 Legatio
618 3340 926 3395 Theodoreti
954 3339 1179 3411 Romam
1215 3345 1374 3396 venit.
1430 3342 1497 3397 11.
1530 3340 1763 3396 Auditur
1818 3361 1851 3397 a

344 3410 525 3467 sancto
558 3412 1079 3482 Leoneiinsynodo.
1109 3410 1197 3465 lll.
1245 3412 1507 3471 Iudicium
1553 3427 1617 3465 ea;
1645 3414 1854 3480 scriptis

344 3492 635 3553 exercetur.
697 3479 1121 3553 IVLApostolica
1177 3486 1440 3538 sententia
1504 3479 1853 3553 Theodoretus

348 3552 655 3624 absolvitur.
683 3552 748 3607 γ.
768 3551 851 3624 Ea:
868 3550 1079 3624 synodo
1127 3569 1361 3624 summus
1397 3553 1630 3624 pontifex
1655 3550 1853 3624 legatos

342 3620 1051 3694 Constantinopolimwmittit
1084 3621 1155 3676 ad
1183 3620 1513 3694 probandam
1545 3620 1782 3694 Anatolii
1804 3633 1853 3678 et

350 3694 575 3748 aliorum
603 3690 899 3763 ﬁdem)”.
934 3690 1193 3759 Deferunt
1224 3691 1386 3763 legati
1421 3690 1699 3763 epistolam
1725 3710 1854 3748 san-

350 3767 413 3818 cti
441 3760 629 3818 Leonis
671 3763 740 3816 ad
768 3760 1103 3833 Flavianum,
1128 3760 1383 3833 tant/tiam
1425 3760 1709 3833 formulam
1730 3764 1853 3833 ﬁdei

351 3837 410 3889 ab
433 3835 677 3889 omnibus
705 3832 1149 3887 subscribendum.
1175 3832 1287 3887 VII.
1308 3832 1655 3887 Theodoretus
1670 3832 1850 3889 Aban-

351 3907 432 3957 dio
464 3903 743 3974 legationis
778 3903 1003 3973 principi
1030 3901 1223 3955 scribit.

934 3996 1076 4042 Anno
1098 3993 1204 4044 £50.

352 4097 390 4153 l.
419 4096 522 4163 Qui
547 4096 878 4168 legationem
908 4095 1241 4152 Theodoreti
1262 4096 1512 4163 obibant,
1538 4097 1849 4160 Abramius,

286 4182 542 4255 Hypatius
564 4194 623 4240 et
653 4185 906 4257 Alypius,
933 4185 1263 4242 immensum
1292 4186 1400 4241 iter
1423 4186 1655 4241 Romam
1676 4201 1854 4257 usque

284 4272 418 4344 Cyro
441 4275 675 4347 ingressi
703 4283 834 4331 sunt
851 4274 1101 4331 terrestri
1128 4275 1215 4330 via
1249 4294 1263 4330 :
1292 4292 1401 4347 qua
1446 4279 1595 4331 enim
1626 4276 1731 4332 alia
1754 4292 1853 4347 po-

285 4365 510 4423 tuissent
564 4383 630 4423 ea
678 4376 1024 4438 tempestate,
1051 4367 1187 4424 mari
1230 4384 1427 4438 nempe
1474 4369 1661 4423 clauso
1689 4378 1853 4439 atque

287 4456 595 4515 hiemante?
636 4459 905 4527 Quocirca
951 4474 1060 4515 non
1116 4460 1376 4515 videntur
1410 4468 1536 4514 ante
1607 4461 1850 4515 Februa-

1948 1943 2033 1998 dis
2075 1943 2385 2013 apostolica
2430 1945 2690 2009 tribunal,
2731 1952 2989 2016 tanquam
3041 1946 3264 2002 unicum
3315 1955 3522 2001 vexata

1946 2035 2167 2104 pietatis
2192 2035 2498 2106 perfugium
2541 2053 2556 2091 :
2599 2050 2735 2107 Opus
2775 2053 2895 2093 esse
2932 2039 3185 2103 concilio,
3213 2036 3521 2109 cuiusmodi

1947 2126 2058 2182 Leo
2089 2127 2317 2183 haberet
2354 2129 2408 2183 in
2439 2128 2583 2184 votis
2615 2146 2630 2183 :
2671 2129 2948 2185 vocandos
3000 2130 3192 2187 saltem
3225 2128 3522 2200 apostolica

1948 2221 2273 2277 auctoritate
2297 2222 2365 2276 ad
2405 2221 2676 2293 judicium
2726 2223 2997 2289 homines,
3044 2238 3184 2294 quos
3213 2239 3339 2278 reos
3391 2236 3520 2294 syn-

1949 2313 2089 2369 odus
2118 2322 2341 2370 centum
2363 2325 2421 2369 et
2451 2314 2674 2385 triginta
2714 2314 3096 2385 episcoporum
3119 2330 3218 2385 per
3267 2314 3523 2386 iniuriam

1949 2406 2179 2462 dixisset
2211 2423 2225 2459 :
2254 2413 2420 2474 atque
2441 2404 2659 2460 interim
2688 2404 3054 2459 exercendum
3081 2403 3149 2458 de
3177 2402 3527 2459 Theodoreto

1945 2497 2234 2571 judicium,
2275 2498 2369 2567 qui
2417 2511 2542 2552 cum
2569 2495 2915 2566 imperatoris
2942 2495 3188 2566 iussione
3235 2502 3518 2550 vetaretur

1950 2587 2136 2659 egredi
2165 2586 2341 2641 exsilii
2386 2586 2529 2651 loco,
2570 2584 2798 2641 sistebat
2848 2599 2907 2639 se
2941 2593 3122 2639 tamen
3150 2599 3250 2655 per
3290 2585 3520 2655 legatos.

1951 2685 2173 2749 paratus
2198 2677 2435 2748 experiri
2461 2677 2612 2748 gravi
2634 2675 2865 2747 iudicio,
2897 2675 3129 2747 ipsoque
3152 2675 3351 2746 capitis
3376 2675 3526 2745 peri-

1952 2769 2077 2822 culo
2100 2767 2467 2823 innocentiam
2506 2767 2762 2837 probare.

2018 2881 2163 2934 Nihil
2200 2880 2303 2935 fuit
2350 2880 2453 2935 hac
2517 2880 2805 2936 occasione
2836 2880 3158 2951 eptahilius,
3209 2880 3369 2952 190
3386 2879 3527 2935 nihil

1953 2970 2357 3039 opportunius:
2397 2985 2568 3039 quare
2607 2985 2715 3023 non
2761 2969 2976 3039 excepti
3026 2977 3236 3023 tantum
3292 2968 3527 3039 benigne

1953 3061 2139 3132 legati,
2164 3062 2309 3131 quod
2325 3061 2681 3117 humanitatis
2704 3059 2828 3124 fuit,
2859 3059 2952 3115 sed
2995 3060 3161 3113 etiam
3183 3059 3353 3114 auditi
3376 3069 3525 3123 sunt,

1876 3181 1922 3241 ο
1955 3153 2101 3223 quod
2122 3153 2372 3227 iustitia,
2400 3163 2458 3210 et
2487 3153 2709 3224 quidem
2762 3153 2816 3206 in
2845 3153 3131 3241 concilio,‘
3159 3151 3305 3241 quod
3337 3151 3525 3241 moris.

1952 3244 2234 3315 Agebatur
2252 3243 2401 3298 enim
2436 3258 2543 3297 una
2569 3242 2636 3297 de
2666 3239 2968 3309 maioribus
2983 3238 3186 3304 causis,
3218 3236 3528 3309 cuiusmodi

1954 3336 2101 3391 nuiia
2132 3334 2544 3405 disceptabatur
2564 3348 2629 3388 ea
2657 3340 2839 3397 atate,
2891 3331 2978 3386 vel
3009 3330 3081 3385 ab
3133 3329 3268 3400 ipsis
3300 3328 3531 3384 summis

1953 3426 2326 3498 pontiﬁcibus,
2361 3424 2470 3481 nisi
2492 3426 2546 3480 in
2591 3425 2976 3495 episcoporum
3011 3428 3304 3478 conventu.
3339 3419 3531 3475 Fuisse

1954 3534 2087 3574 vero
2109 3534 2331 3574 causam
2379 3517 2523 3572 hanc
2549 3516 2694 3571 inter
2714 3517 2969 3587 maiores,
2998 3514 3084 3568 vel
3114 3528 3183 3567 ex
3205 3527 3273 3566 eo
3295 3510 3530 3567 maxime

1953 3619 2205 3681 apertum
2230 3619 2335 3675 est,
2367 3609 2515 3680 quod
2557 3607 2626 3663 de
2673 3607 2779 3663 ﬁde
2810 3606 3051 3678 episcopi
3085 3603 3529 3668 nominatissimi,

1953 3703 2189 3774 depositi
2216 3718 2245 3758 τι
2268 3700 2495 3774 synodo,
2556 3701 2613 3755 in
2639 3715 2747 3771 qua
2773 3698 2994 3755 fuerant
3022 3713 3212 3754 omnes
3244 3697 3411 3752 totius
3433 3712 3527 3750 or-

1953 3795 2041 3850 bis
2075 3793 2419 3865 patriarcha,
2444 3791 2673 3864 quastio
2696 3790 3011 3846 haberetur.

2026 3909 2115 3964 ιιι.
2143 3906 2329 3978 Legati
2371 3915 2571 3977 prater
2600 3906 2913 3962 communia
2972 3904 3217 3976 quaedam
3271 3903 3532 3958 adversus

1955 3999 2202 4055 Dioscori
2241 3997 2588 4053 latrocinium
2647 4004 2991 4069 argumenta,
3015 3995 3237 4068 propria
3269 3994 3387 4051 hac
3426 3992 3532 4049 tria

1955 4092 2022 4146 ad
2060 4091 2223 4146 ﬁdem
2248 4089 2580 4147 Theodoreti
2606 4088 3030 4155 defendendam,
3060 4104 3183 4159 qua
3215 4087 3370 4159 prius
3413 4086 3532 4157 ipse

1954 4183 2175 4247 litteris,
2199 4189 2571 4253 exposuerunt
2597 4196 2749 4236 voce.
2775 4179 3042 4245 Primum,
3075 4179 3222 4250 quod
3243 4178 3531 4250 epistolam

1955 4275 2129 4331 sancti
2151 4274 2350 4329 Leonis
2386 4288 2495 4327 non
2526 4270 2929 4341 subscriptione
2962 4279 3170 4326 tantum
3201 4269 3530 4340 recepisset,

1955 4369 2050 4424 sed
2079 4371 2268 4431 etiam,
2292 4367 2495 4422 additis
2526 4367 2747 4422 Patrum
2778 4381 2846 4421 ex
2882 4365 3017 4420 orbe
3039 4374 3155 4420 toto
3185 4363 3531 4419 laudatorum

1961 4460 2312 4521 testimoniis,
2343 4457 2714 4527 recipiendam
2739 4457 2809 4511 ab
2845 4456 3104 4511 omnibus
3126 4455 3405 4509 suasisset.
3439 4452 3532 4509 Sic

290 4550 420 4606 rium
444 4552 704 4608 affectum
734 4539 1052 4621 pervenisse
1078 4550 1324 4604 Romam.
1358 4549 1571 4616 Quanta
1594 4549 1850 4619 benigni-
1888 4545 1931 4600 D
1957 4551 2104 4606 enim
2133 4560 2188 4605 et
2214 4566 2271 4606 se
2306 4549 2575 4604 catholice
2600 4548 2807 4604 sentire
2840 4547 3272 4610 demonstrabat,
3322 4552 3379 4600 et
3409 4544 3533 4600 aliis

289 4651 389 4699 tate
404 4642 618 4712 excepti
642 4641 775 4706 sint,
796 4644 811 4659 ‘
835 4648 1147 4711 quantaque
1189 4639 1377 4693 latitia
1408 4655 1439 4693 a
1471 4655 1685 4694 summo
1719 4656 1855 4709 pon-

290 4735 442 4801 tiﬁce,
479 4745 686 4807 quanta
717 4734 1105 4804 episcoporum
1152 4732 1209 4786 in
1236 4741 1383 4788 catu
1407 4732 1603 4797 auditi,
1650 4733 1853 4802 quibus

289 4826 679 4892 instrumentis,
705 4826 977 4897 quibusve
1029 4826 1371 4896 patrociniis,
1401 4836 1458 4881 et
1497 4842 1608 4896 quo
1650 4835 1850 4880 eventu

288 4934 514 4984 causam,
534 4929 763 4990 propter
778 4934 943 4990 quam
964 4925 1247 4981 venerant,
1270 4917 1488 4973 tandem
1512 4920 1852 4989 pcregcrint:

288 5011 379 5065 etsi
406 5027 566 5068 nemo
588 5021 840 5067 veterum
882 5009 1164 5066 mandavit
1192 5009 1492 5070 memoria,
1547 5011 1857 5082 intelligere

292 5108 455 5157 tamen
478 5103 628 5167 licet,
657 5102 862 5173 partim
889 5117 959 5156 ex
984 5100 1259 5171 adiunctis
1288 5100 1492 5171 negotii
1540 5111 1596 5155 et
1626 5117 1860 5155 consuc-

293 5194 464 5251 tudine
485 5205 821 5265 temporum,
869 5192 1070 5263 partim
1100 5207 1166 5247 ex
1200 5192 1337 5247 actis
1376 5192 1595 5248 concilii
1628 5192 1858 5247 Chalce-

289 5284 553 5351 donensis,
575 5286 669 5341 ubi
700 5292 833 5341 sunt
861 5298 1033 5354 pauca
1065 5284 1286 5354 quidem
1329 5284 1395 5339 de
1434 5299 1491 5337 re
1540 5285 1727 5345 verba,
1760 5285 1855 5338 sed

289 5377 604 5446 amplissima
630 5387 815 5434 tamen
849 5386 1130 5449 gestorum
1170 5376 1392 5431 indicia.

351 5469 751 5544 Recognoverat
775 5467 1101 5541 jamdudm
1132 5477 1355 5523 sanctus
1382 5468 1492 5524 Leo
1523 5478 1642 5523 acta
1673 5469 1852 5538 Ephe-

294 5557 385 5613 sini
409 5558 708 5624 latrocinii,
738 5575 921 5631 eaque
956 5574 1210 5630 suprema
1249 5575 1345 5614 sua
1382 5568 1649 5630 potestate
1703 5559 1855 5613 irrita

1960 4652 2122 4698 recta
2139 4651 2195 4697 et
2233 4642 2556 4698 indubitata
2586 4641 2712 4695 ﬁdei
2739 4649 2943 4695 certam
2973 4638 3215 4710 regulam
3255 4653 3532 4709 propone-

1962 4737 2070 4790 bat.
2103 4735 2242 4802 Quid
2267 4736 2414 4790 enim
2445 4735 2774 4789 catholicum
2802 4732 2993 4803 magis,
3028 4741 3125 4785 aut
3153 4730 3283 4802 quid
3327 4731 3381 4786 in
3426 4731 3532 4788 ﬁde

1959 4830 2186 4893 certius,
2223 4846 2383 4899 quam
2409 4830 2698 4900 utriusque
2727 4826 2987 4882 Ecclesia:
3005 4826 3299 4897 magistris,
3317 4826 3532 4898 ipsique

1959 4920 2109 4974 orbis
2169 4920 2333 4975 totius
2377 4920 2591 4974 doctori
2629 4934 2844 4973 summo
2906 4918 3153 4989 pontiﬁci
3182 4920 3535 4975 consentire?

1952 5012 2294 5074 Secundum,
2339 5020 2400 5065 ut
2431 5009 2839 5066 Theodoretum
2900 5018 3217 5067 constanter
3272 5026 3388 5065 avo
3416 5018 3531 5065 toto

1956 5103 2174 5157 veritati
2201 5102 2518 5172 dogmatum
2546 5102 2862 5167 adhasisse,
2897 5109 2953 5157 et
3011 5117 3120 5157 non
3149 5111 3358 5159 tantum
3408 5113 3532 5173 post

1924 5193 2470 5248 .condemnationem
2529 5192 2825 5263 resipuisse
2872 5193 3249 5257 ostenderent,
3283 5193 3528 5263 protule-

1957 5292 2090 5338 runt
2127 5300 2191 5339 ex
2218 5282 2377 5337 libris
2395 5295 2521 5338 ante
2546 5282 2839 5339 duodecim
2864 5282 3154 5337 minimum
3178 5298 3352 5337 annos
3366 5281 3531 5336 editis

1956 5377 2106 5431 locos
2136 5376 2350 5446 plures,
2379 5373 2584 5445 quibus
2613 5374 2918 5430 orthodoxa
2944 5373 3077 5429 ﬁdes
3120 5374 3188 5429 de
3214 5373 3428 5429 duabus
3474 5373 3531 5427 in

1954 5465 2175 5520 Christo
2202 5463 2417 5521 naturis
2443 5462 2718 5521 indivulse
2735 5464 2944 5537 iunctis
2988 5464 3263 5519 contineri
3318 5461 3534 5523 videre-

1956 5568 2066 5612 tur.
2111 5556 2382 5619 Tertium,
2431 5557 2484 5612 id
2539 5554 3010 5625 ampliﬁcaverunt
3057 5552 3312 5615 dicendo,
3383 5550 3530 5621 quod

1574 5708 1697 5768 Silii
1711 5709 1890 5766 ULle
1931 5707 2158 5765 NOTAE.

357 5819 396 5860 ¹²⁵
416 5830 628 5915 Disput.
657 5832 784 5888 Lib.
833 5843 875 5885 tt
926 5826 1146 5883 Advers.
1177 5826 1314 5893 Jul.,
1353 5844 1470 5897 cap.
1505 5829 1587 5883 l0.
1672 5831 1712 5861 ”
1741 5828 1860 5885 Vid.
1901 5825 2062 5902 epist.
2104 5827 2380 5903 “5,,“6,
2421 5824 2521 5881 H7
2549 5822 2750 5883 etHS.
