3950 6226
449 366 547 431 M3

1563 362 1937 426 GARNERH
1975 364 2470 430 DISSERTATI‘O
2515 369 2566 432 1.

3585 374 3684 439 ll-l

440 487 822 540 Theodoretus
855 486 1147 554 scripserat
1183 485 1235 537 in
1263 483 1463 538 litteris
1491 483 1556 537 ad
1591 493 1840 537 sanctum
1880 481 2014 536 Leo-
2046 487 2085 542 A
2116 487 2315 538 morati
2360 488 2689 542 sanctissimi
2746 489 3143 560 archiepiscopi
3196 491 3395 546 Leonis
3439 493 3690 547 subscri-

442 592 589 636 nem.
633 586 897 645 quantum
966 576 1021 629 in
1049 591 1178 645 agro
1222 576 1506 629 Dominico
1542 575 1647 629 sibi
1709 574 2004 629 commisso

439 667 759 730 laborasset,
783 681 1019 736 cumque
1042 682 1151 719 non
1179 666 1376 720 sudore
1401 673 1633 730 tantum,
1673 667 1769 720 sed
1836 666 2003 720 etiam

441 759 702 826 sanguine
730 756 1271 827 irrigasset;quoties
1291 756 1360 810 ab
1386 756 1661 812 litereticis
1713 757 2004 827 lapidatio-

441 861 565 900 nem
589 862 781 916 passus
809 857 990 912 esset;
1023 847 1237 915 quoties
1263 846 1329 901 ad
1360 863 1551 903 necem
1586 849 1870 918 quaesitus,
1901 864 2004 904 nec

443 938 544 992 nisi
575 937 838 992 miraculo
864 936 1201 1003 subductus;
1221 938 1439 1007 quoties
1460 938 1527 993 de
1548 939 1848 1010 coniuratis
1876 954 2001 994 cum

440 1028 730 1095 impiorum
756 1035 970 1081 caterva
1000 1025 1362 1091 daemonibus,
1397 1028 1582 1083 divina
1610 1044 1735 1099 ope,
1784 1041 2001 1084 sancto-

430 1133 669 1186 rumque
700 1117 953 1186 precibus
971 1118 1147 1172 vietor
1168 1119 1506 1186 exstitisset;
1551 1130 1685 1190 quot
1733 1120 2004 1192 myriadas

438 1208 719 1262 hominum
769 1209 838 1263 ab
891 1224 1080 1264 errore
1136 1211 1204 1265 ad
1268 1211 1558 1267 veritatem
1619 1213 1927 1268 reduxisset
1984 1231 1998 1266 :

437 1307 637 1366 quanta
663 1298 923 1369 denique,
954 1314 1228 1370 quamque
1254 1301 1374 1356 dira
1404 1302 1473 1357 ab
1522 1303 2001 1374 impugnatoribus

435 1391 664 1445 duarum
693 1403 1011 1449 naturarum
1035 1394 1350 1462 tolerasset;
1388 1402 1446 1450 et
1483 1398 1785 1466 praesertim
1819 1411 1848 1450 a
1874 1395 1991 1450 Dio-

433 1500 613 1550 scoro,
636 1501 799 1555 quem
835 1500 1181 1540 communem
1211 1501 1336 1540 cum
1370 1496 1559 1542 sancto
1582 1487 1763 1542 Leone
1786 1487 1998 1542 hostem

430 1575 798 1643 experiretur.
829 1585 890 1628 ut
922 1571 1016 1644 qui
1042 1573 1326 1644 depositus
1350 1575 1543 1631 fuisset
1584 1576 1653 1631 ab
1694 1591 1781 1640 eo,
1811 1592 1841 1631 a
1890 1592 2000 1646 quo

432 1666 626 1736 prima:
675 1667 822 1723 sedis
876 1667 1124 1733 antistes,
1177 1685 1425 1725 summus
1474 1668 1749 1740 pontifex,
1791 1668 1999 1724 Christi

429 1759 686 1824 vicarius,
730 1766 893 1830 caput
922 1758 1197 1828 Ecclesiae,
1236 1761 1569 1818 anathemati
1609 1761 1888 1833 subjectus
1908 1778 1999 1818 es-

426 1857 534 1905 set.
568 1883 575 1891 ο

501 1939 626 1996 Haec
660 1952 715 1997 et
755 1942 857 1997 alia
910 1958 1034 1998 cum
1083 1942 1402 1997 dicerentur
1471 1958 1501 1997 a
1533 1943 1666 1997 viris
1704 1943 1995 1999 sanctitate

426 2034 761 2102 conspicuis,
785 2034 854 2089 de
897 2049 1048 2098 sene,
1084 2033 1179 2104 qui
1216 2033 1545 2129 abinfantia
1581 2033 1870 2089 asceticam
1916 2034 1998 2087 vi-

424 2134 538 2177 tam
563 2125 874 2180 admirabili
925 2125 1185 2196 religione
1207 2132 1433 2195 egerat;
1468 2123 1537 2180 de
1579 2125 1859 2195 episcopo,
1898 2123 1993 2195 qui

427 2217 565 2272 bene
595 2217 813 2288 triginta
837 2231 1010 2272 annos
1039 2217 1381 2286 octingentas
1405 2216 1995 2287 parmciasindefessus

424 2313 672 2370 rexerat;
731 2306 799 2360 de
840 2304 956 2359 viro
1009 2304 1182 2359 totius
1234 2303 1474 2361 Orientis
1499 2305 1837 2371 doctissimo,
1894 2306 1990 2377 qui

423 2396 634 2465 eiectus
648 2395 715 2449 de
740 2395 892 2459 sede,
923 2395 991 2450 de
1019 2394 1241 2450 civitate
1256 2395 1468 2465 pulsus,
1500 2396 1827 2452 interdictus
1848 2412 1990 2467 aqua

424 2495 481 2540 et
512 2485 657 2554 igne.
691 2494 914 2539 coactus
938 2485 1115 2539 fuerat
1141 2494 1294 2540 extra
1323 2485 1657 2555 provinciam
1685 2487 1754 2542 ad
1802 2502 1990 2542 mona-

423 2571 650 2628 sterium
682 2571 889 2641 fugere,
919 2572 973 2624 in
1021 2586 1198 2641 eoque
1237 2573 1504 2642 spoliatus
1526 2574 1688 2629 bonis
1716 2576 1990 2645 patienter

422 2659 595 2712 latere
637 2674 652 2711 :
709 2658 843 2718 lucc.
900 2660 1145 2729 inquam,
1194 2675 1319 2715 cum
1350 2662 1670 2718 dicerentur
1718 2681 1748 2719 a
1785 2667 1990 2724 sanctis

422 2747 667 2801 omnium
712 2751 968 2813 consciis,
1019 2752 1385 2807 audiebantur
1436 2756 1725 2825 propensis
1767 2760 1985 2825 animis,

420 2855 560 2918 quos
589 2840 937 2911 impellebant
970 2846 1136 2901 etiam
1162 2846 1505 2902 auctoritatis
1566 2863 1677 2904 sure
1710 2861 1988 2907 momento

420 2932 621 2987 oculati
655 2933 763 2988 duo
799 2944 985 3003 testes,
1025 2937 1268 2992 Renatus
1298 2939 1584 3010 presbyter
1619 2940 1772 3010 191
1798 2952 1854 2997 et
1889 2943 1985 2998 Hi-

419 3017 569 3074 larus
630 3022 1084 3089 archidiaconus,
1148 3034 1379 3096 uterque
1445 3026 1593 3081 sedis
1672 3032 1987 3099 apostolicae

420 3096 645 3181 legatus,
688 3122 919 3187 uterque
956 3132 987 3172 a
1013 3117 1359 3173 Theodoreto
1379 3125 1395 3140 ‘
1419 3096 1759 3191 supplicibus
1787 3122 1986 3181 litteris

416 3207 788 3274 compellatus.

486 3317 572 3370 IV.
614 3319 690 3372 Re
721 3319 1021 3390 disceptata
1054 3324 1299 3392 pontifex
1331 3326 1648 3397 iudicialem
1685 3330 1727 3362 “'
1765 3341 1984 3388 senten-

417 3406 548 3462 tiam
572 3409 714 3474 tulit,
749 3424 855 3480 qua
889 3411 1187 3468 declaravit
1214 3415 1621 3473 Theodoretum
1663 3420 1843 3489 primo
1893 3424 1981 3477 in-

410 3497 557 3565 iuste
592 3500 932 3570 iudicatum;
996 3503 1197 3559 deinde
1255 3521 1536 3576 nunquam
1583 3512 1984 3569 communionis

414 3590 727 3657 apostolica:
778 3590 948 3648 fuisse
1001 3603 1309 3661 exsortem;
1389 3596 1627 3668 denique
1686 3601 1984 3658 restituen-

414 3680 544 3737 dum
582 3680 634 3735 in
677 3682 884 3751 sedem,
926 3700 992 3741 ex
1016 3702 1123 3757 qua
1156 3702 1255 3758 per
1311 3687 1569 3761 iniuriam
1598 3692 1860 3763 expulsus
1891 3709 1981 3751 es-

413 3776 516 3824 set.

482 3883 777 3941 Sententia
801 3885 964 3958 huius
990 3887 1235 3960 locuples
1259 3892 1655 3962 testimonium,
1705 3895 1981 3955 indubita-

413 3985 635 4044 tumque
667 3986 1083 4035 monumentum
1120 3980 1174 4035 in
1214 3982 1366 4039 Actis
1396 3985 1617 4041 concilii
1672 3986 1978 4046 Chalcedo-

410 4066 599 4121 nensis
628 4069 944 4126 continetur
966 4071 1034 4128 ‘7;
1052 4072 1189 4130 Nam
1214 4089 1339 4132 cum
1368 4076 1573 4132 actioni
1598 4078 1788 4148 primae
1819 4082 1979 4139 dare-

412 4160 501 4207 tur
526 4153 766 4223 initium,
791 4159 1006 4229 iudices
1018 4164 1087 4218 ab
1112 4164 1444 4235 imperatore
1480 4168 1975 4233 constitutifl‘hco-

408 4240 660 4296 doretum
696 4245 970 4305 introduci
1017 4251 1321 4321 iusserunt.
1376 4274 1394 4306 ι
1438 4255 1576 4322 Quia
1627 4260 1869 4316 restituit
1895 4262 1971 4329 ei,

407 4331 682 4420 dicebant,
720 4336 1091 4409 episcopatum
1114 4343 1491 4401 sanctissimus
1530 4347 1976 4420 archiepiscopus

404 4418 534 4479 Leo.
572 4444 590 4475 ι
622 4425 690 4480 Ει
718 4435 907 4496 postea
935 4446 949 4483 :
980 4449 998 4483 ‹
1030 4430 1432 4501 Theodoretus,
1461 4438 1553 4507 qui
1581 4418 1971 4510 proprium—lo-

2107 575 2240 642 psit.
2268 576 2459 632 Restat
2487 589 2546 632 ut
2565 581 2841 633 sententia
2876 582 3185 649 proferatur
3207 598 3237 636 a
3265 584 3571 638 reverentia
3594 600 3689 638 ve-

2104 674 2239 729 stra,
2272 676 2333 719 ut
2356 668 2655 723 Ecclesiam
2684 685 2838 724 suam
2875 671 3122 740 recipiat,
3152 672 3292 725 sicut
3312 682 3369 727 et
3400 672 3687 727 sanctissi-

2107 771 2229 812 mus
2248 758 2359 813 Leo
2383 761 2830 832 archiepiscopus
2841 763 3111 832 iudicavit
3140 765 3237 818 η.»

2174 849 2654 906 lnterlocutionem
2706 852 2922 922 excepit
2980 854 3343 909 conclamatio
3398 855 3690 925 episcopo—

2106 956 2268 995 rum:
2307 960 2325 992 σ
2360 941 2742 1017 Theodoretus
2788 944 2987 1014 dignus
3006 955 3090 999 est
3118 947 3269 1013 sede,
3320 948 3507 1002 divine
3569 949 3687 1002 Leo

2101 1030 2488 1100 judicavit'h
2536 1034 2673 1087 Tum
2729 1035 2876 1088 sedis
2919 1036 3442 1108 apostolicaalegati:
3474 1039 3691 1093 «Theo-

2103 1123 2354 1177 doretum
2405 1125 2780 1180 sanctissimus
2834 1127 3101 1183 universae
3154 1128 3414 1184 Ecclesia:
3461 1131 3687 1199 episco-

2102 1228 2217 1284 pus
2260 1214 2371 1269 Leo
2416 1215 2624 1269 dudum
2670 1216 2723 1270 in
2765 1202 3206 1273 communibnem
3257 1222 3501 1291 recepit,
3537 1222 3688 1278 sicut

2100 1304 2299 1359 litterae
2332 1306 2401 1360 ab
2423 1321 2490 1361 eo
2515 1308 2582 1360 ad
2616 1309 2983 1363 humilitatem
3052 1319 3296 1366 nostram
3336 1312 3561 1368 directa:
3596 1325 3687 1372 te-

2100 1404 2336 1451 stantur.
2364 1397 2420 1452 Si
2451 1399 2618 1469 igitur
2647 1399 2807 1454 fidem
2838 1401 3183 1462 catholicam.
3214 1403 3678 1475 sicutpromittit,

2099 1499 2154 1543 et
2186 1490 2486 1543 secundum
2545 1490 2767 1545 beatum
2815 1493 3137 1563 episcopum
3207 1495 3684 1568 subscriptionem

2100 1577 2154 1630 in
2186 1578 2409 1646 proprio
2438 1578 2625 1632 libello
2654 1578 2876 1646 direxit,
2910 1591 2967 1636 et
2994 1591 3196 1638 nostrae
3234 1584 3462 1655 insuper
3488 1586 3684 1643 humi-

2103 1668 2244 1722 litati
2275 1670 2385 1724 alio
2412 1669 2541 1725 dato
2564 1670 2754 1726 libello
2782 1674 3108 1729 monstravit
3128 1676 3172 1705 ¹¹
3208 1694 3220 1729 :
3257 1696 3273 1727 ι
3296 1685 3403 1733 etc.
3432 1678 3508 1733 Ita
3543 1694 3684 1735 sane

2099 1769 2257 1813 vetus
2283 1760 2556 1831 interpres
2590 1762 2843 1818 Julianus
2869 1763 3098 1820 Coensis
3128 1768 3313 1823 verbis
3366 1771 3687 1841 simplicius

2030 1841 2072 1899 Β
2102 1848 2405 1917 inhaerens;
2451 1852 2614 1921 paulo
2669 1854 2869 1910 melius
2917 1855 3033 1922 alii,
3068 1866 3128 1911 ut
3184 1859 3425 1914 Venetus
3467 1862 3678 1925 editor,

2097 1936 2368 2006 Crabbus,
2400 1952 2544 1996 etc.:
2584 1962 2601 1994 ι
2632 1945 2769 1999 Cum
2803 1946 2971 2017 igitur
3002 1948 3327 2004 catholicam
3354 1950 3516 2007 ﬁdem
3542 1964 3681 2024 pro-

2097 2032 2480 2097 mittat,-sicut
2517 2044 2576 2090 et
2599 2039 2904 2095 secundum
2942 2041 3261 2112 praedictum
3298 2043 3517 2099 beatum
3558 2048 3686 2116 epi-

2095 2136 2320 2192 seOpum
2347 2124 2402 2179 in
2424 2127 2649 2197 proprio
2673 2128 2859 2185 libello
2885 2132 3343 2203 subscriptionem
3361 2134 3584 2201 direxit,
3616 2146 3684 2194 et

2095 2215 2320 2286 insuper
2344 2216 2475 2272 dato
2504 2219 2800 2275 humilitati
2843 2231 3047 2279 nostra:
3085 2224 3194 2279 alio
3244 2225 3434 2281 libelle
3493 2229 3681 2282 mani-

2091 2306 2290 2362 festum
2340 2308 2492 2375 fecit,
2556 2327 2793 2381 cumque
2826 2316 3080 2372 Nestorio
3135 2327 3189 2373 et
3246 2319 3503 2392 Eutychi,
3559 2338 3679 2378 non

2092 2405 2305 2454 tantum
2339 2402 2566 2472 scripto,
2595 2405 2691 2458 sed
2717 2407 2882 2460 etiam
2908 2421 3004 2464 ore
3043 2412 3286 2481 proprio,
3332 2427 3513 2467 coram
3556 2423 3682 2468 toto

2091 2501 2376 2554 consessu,
2411 2493 2702 2547 anathema
2734 2496 2954 2562 dixerit,
3005 2522 3020 2549 ι
3051 2508 3158 2553 etc.
3192 2500 3466 2555 Iudicium
3503 2501 3681 2572 igitur

2090 2575 2159 2632 de
2182 2577 2533 2637 Theodoreto
2566 2597 2595 2637 a
2630 2595 2819 2641 sancto
2842 2586 3024 2642 Leone
3053 2590 3356 2643 exercitum
3393 2599 3499 2649 est.
3556 2606 3677 2646 non

2083 2666 2209 2739 iure
2239 2676 2473 2736 tantum,
2507 2683 2735 2742 propter
2767 2677 3125 2746 apostolicam
3157 2687 3518 2748 potestatem,
3568 2678 3677 2735 sed

2087 2759 2253 2814 etiam
2288 2760 2345 2814 in
2373 2762 2601 2833 synodo,
2637 2766 2940 2821 secundum
2976 2784 3203 2824 morem.

2161 2871 2318 2943 192
2368 2872 2673 2931 Obscurum
2742 2887 2925 2934 tamen
2974 2891 3076 2948 est,
3121 2884 3430 2955 cuiusmodi
3494 2882 3674 2941 fuerit

2092 2960 2280 3019 isthmc
2312 2966 2573 3035 synodus,
2627 2979 2812 3024 utrum
2850 2972 3126 3027 ordinaria
3153 2989 3273 3044 quae
3306 2974 3392 3029 bis
3437 2977 3492 3030 in
3522 2992 3675 3031 anno

2090 3053 2417 3121 habebatur,
2473 3072 2541 3111 an
2569 3061 3027 3128 extraordinaria,
3071 3066 3261 3134 quales
3302 3082 3403 3136 pro
3437 3082 3495 3122 re
3536 3078 3673 3122 nata

2011 3184 2053 3241 ϐ
2088 3144 2273 3214 plures
2333 3161 2401 3200 ex
2437 3148 2731 3218 cpisc0pis,
2778 3152 2873 3221 qui
2918 3160 3047 3209 tunc
3084 3155 3334 3223 aderant,
3398 3157 3672 3227 urbisque

2084 3234 2232 3289 clero
2260 3236 2631 3307 cogebantur..
2670 3240 3180 3300 Extraordinariam
3228 3246 3429 3314 credo;
3482 3264 3671 3318 neque

2081 3325 2231 3380 enim
2261 3326 2448 3383 habita
2500 3337 2585 3384 est
2634 3333 2916 3389 consuetis
2958 3337 3300 3406 temporibus
3335 3357 3347 3392 :
3387 3343 3481 3409 qut
3510 3341 3671 3395 enim

2081 3417 2353 3485 potuisset
2384 3426 2510 3475 ante
2547 3420 3053 3491 Quadragesimam,
3085 3428 3279 3499 legatis
3326 3429 3668 3488 Theodoreti

2081 3513 2215 3561 tunc
2235 3508 2478 3564 nondum
2504 3511 2771 3581 appulsis?
2797 3517 2891 3583 qui
2929 3518 3135 3586 pariter
3166 3519 3313 3591 circa
3341 3518 3664 3588 Octobrem,

2080 3610 2205 3650 cum
2238 3612 2423 3652 mense
2448 3598 2594 3653 Julio
2620 3601 2846 3657 collecta
2869 3606 2940 3657 sit
2959 3605 3064 3660 alia
3087 3606 3244 3661 valde
3270 3617 3421 3671 nota,
3457 3624 3524 3664 ex
3549 3625 3667 3680 qua

2079 3687 2323 3758 episcopi
2373 3690 2503 3757 duo,
2553 3707 2678 3747 cum
2736 3693 2954 3751 duobus
3020 3697 3226 3767 pariter
3270 3700 3660 3772 presbyteris,

2080 3778 2233 3833 missi
2267 3791 2395 3835 sunt
2427 3797 2458 3836 a
2482 3791 2673 3838 sancto
2696 3784 2880 3843 Leone
2909 3786 3483 3861 Constantinopolim?

2148 3892 2214 3948 γ.
2256 3893 2381 3949 Fuit
2407 3911 2539 3952 vero
2564 3898 2680 3953 haec
2702 3899 2860 3966 ratio,
2888 3915 2988 3955 cur
3016 3901 3082 3956 ad
3113 3902 3481 3959 Theodosium
3509 3906 3662 3977 lega-

2079 3990 2163 4041 tos
2188 3986 2433 4055 pontifex
2462 3988 2785 4045 decerneret
2825 4009 2838 4045 :
2885 3993 3175 4049 Anatolius
3214 3996 3292 4059 ”,
3324 3996 3419 4065 qui
3475 3999 3656 4054 sancti

2075 4075 2320 4131 Flaviani
2348 4077 2403 4132 in
2437 4080 2912 4138 sedem‘sull‘ectus
2958 4085 3159 4153 fuerat,
3200 4096 3263 4142 ut
3289 4103 3358 4145 ex
3403 4090 3657 4148 Dioscori

2075 4168 2453 4237 apocrisiario,
2476 4169 2654 4228 factus
2669 4181 2752 4226 est
2777 4173 3414 4246 Constantinoizolitanns
3435 4184 3652 4253 episco-

2074 4275 2201 4330 pus,
2226 4261 2299 4313 ita
2321 4261 2605 4318 laborabat
2635 4279 2746 4318 non
2766 4265 2875 4318 levi
2903 4267 3217 4337 suspicione
3271 4272 3657 4330 consensionis

2073 4365 2196 4405 cum
2230 4350 2494 4408 Dioscoro
2514 4361 2572 4408 et
2599 4354 2865 4427 Eutyche,
2894 4374 3128 4427 quorum
3180 4361 3451 4419 beneﬁcio
3497 4363 3656 4421 frue-

2072 4439 2254 4495 batur.
2282 4442 2462 4509 Quare
2486 4445 2735 4515 pontifex
2756 4447 2994 4505 Anatolii
3021 4451 3185 4505 tidem
3212 4453 3572 4523 probaturus,
3591 4464 3652 4512 et

403 4528 528 4568 cum
551 4517 758 4587 recepit
791 4534 822 4573 a
874 4520 1218 4578 sanctissimo
1253 4525 1512 4597 episcopo
1556 4529 1770 4600 inclytae
1818 4533 1972 4589 urbis
2005 4516 2047 4573 θ
2076 4533 2239 4588 simul
2272 4535 2459 4601 etiam,
2486 4552 2593 4607 qua
2615 4537 2755 4594 forte
2780 4539 2880 4603 fas,
2909 4516 3243 4611 Ephesinum
3276 4545 3648 4611 latrocinium,

404 4603 609 4673 Roma',
654 4627 675 4659 ι
693 4615 800 4664 etc.
831 4608 967 4665 Cum
1002 4621 1223 4668 ventum
1252 4625 1398 4672 esset
1426 4616 1494 4673 ad
1522 4620 1793 4676 actionem
1818 4632 1965 4678 octa-

404 4710 544 4750 vam.
576 4697 628 4752 iu
655 4714 760 4769 qua
783 4700 1110 4759 Theodoreti
1141 4720 1304 4761 causa
1334 4709 1612 4765 tractanda
1644 4720 1785 4779 erat,
1817 4728 1971 4768 cum-

401 4799 507 4858 que
537 4786 651 4857 ipse
709 4792 961 4848 Nestorio
1007 4797 1299 4855 anathema
1346 4798 1592 4865 dixisset,
1654 4802 1967 4865 interlocuti

401 4886 527 4931 sunt
548 4878 590 4909 ”‘
613 4879 826 4950 iudices
851 4885 906 4939 in
934 4887 1047 4943 lucc
1075 4891 1242 4947 verba
1286 4908 1298 4945 :
1342 4910 1360 4943 ι
1390 4891 1584 4948 Omnis
1623 4892 1728 4960 iam
1756 4893 1973 4950 dubita-

401 4964 477 5049 tio
501 4966 570 5021 de
604 4967 949 5029 Theodoreto
973 4978 1150 5047 soluta
1185 4990 1270 5036 est
1296 4998 1307 5035 :
1332 4982 1535 5052 quippe
1556 4989 1614 5038 et
1653 4983 1968 5052 Nestorium

398 5071 584 5139 coram
638 5060 794 5117 vobis
810 5057 1318 5137 ‘anathematizavit,
1350 5081 1458 5128 eta
1505 5075 1853 5143 sanctissimo
1879 5094 1976 5132 ar-

397 5143 1010 5218 chiepiscppo‘scuioris
1031 5156 1185 5227 urbis
1210 5159 1398 5216 Romae
1455 5162 1639 5221 Leone
1677 5177 1969 5238 susceptus

2076 4626 2346 4681 revocatis
2377 4626 2447 4681 ad
2486 4636 2689 4684 rectam
2746 4630 2908 4686 ﬁdem
2966 4633 3239 4704 episcopis
3292 4652 3431 4706 quos
3468 4648 3657 4696 metus

2073 4717 2370 4787 aliquando
2397 4719 2732 4790 abduxisset,
2758 4722 3146 4783 destructurus
3164 4768 3178 4791 ,
3207 4729 3413 4797 legatos
3445 4731 3653 4787 direxit

2072 4821 2199 4861 cum
2237 4807 2506 4865 mandatis
2530 4813 2919 4870 reconciliandi
2968 4831 3066 4871 eos
3117 4816 3393 4883 Ecclesiae,
3444 4819 3655 4889 quibus

2074 4898 2398 4966 poenitentia
2437 4903 2735 4972 perpetrati
2781 4905 2926 4975 apud
2956 4906 3241 4977 Ephesum
3281 4911 3505 4965 sceleris
3567 4911 3650 4967 fo—

2074 4997 2180 5042 ret.
2894 5001 2901 5009 '
2971 5006 3056 5040 υ’
3100 5021 3142 5033 -«
3516 5027 3522 5031 <
3613 5012 3653 5058 ’.

2082 5121 2092 5129 .
2141 5080 2454 5151 Antequam
2499 5098 2644 5139 .vero
2698 5084 3013 5156 dirigeret,”
3043 5088 3321 5145 celebrem
3370 5092 3648 5149 contraxit

2069 5185 2258 5226 mense
2272 5172 2615 5230 iulio-totius
2659 5175 2829 5232 Italiae
2856 5179 3147 5255 synodum.
3181 5179 3239 5237 In
3289 5182 3393 5237 hac
3414 5182 3640 5239 decre'ta

396 5245 575 5301 est,et
602 5236 978 5299 deﬁnitionem
1009 5246 1135 5303 fidei
1162 5264 1195 5304 a
1233 5250 1587 5321 religiositate
1631 5269 1811 5313 vestra
1834 5236 1965 5329 pro-
2063 5261 2267 5331 legatio
2318 5263 2383 5318 in
2437 5263 2759 5321 Orientem:
2801 5236 2977 5325 factus
3027 5271 3315 5342 legationis
3358 5273 3641 5344 princeps,

395 5326 559 5385 latam
598 5331 834 5389 libenter
867 5340 1125 5410 suscepit,
1176 5349 1234 5397 et
1264 5340 1491 5412 insuper
1542 5347 1786 5416 epistola;
1837 5326 1963 5407 me-
2064 5326 2440 5409 constitutione
2464 5357 2622 5412 totius
2645 5356 2844 5424 Italiae,
2880 5369 2929 5414 et
2952 5326 3203 5417 ειπιῖοηε
3236 5326 3645 5435 dispensationis

1724 5541 2040 5600 SCHULZII
2077 5545 2312 5603 ΝΟΤιλΕ.

460 5691 503 5762 ξ’
534 5692 768 5749 ἐδίκασε.
807 5695 1108 5751 ἐδικαίωσε.
1203 5699 1393 5754 "Act.
1452 5702 1474 5756 ί
1533 5718 1690 5758 conc.
1741 5703 1998 5762 Cbalced.

2080 5709 2135 5749 -η
2163 5711 2283 5764 Act.
2319 5710 2352 5765 8
2384 5727 2540 5767 conc.
2595 5715 2855 5772 Chalced.
2964 5721 3336 5779 ¹⁹ὲδικαὶωσε.
3410 5726 3458 5757 ’⁸
3533 5730 3636 5781 sta

2080 5793 2190 5850 cap.
2220 5780 2358 5851 ll,§
2394 5781 2457 5836 l0
2484 5783 2537 5838 in
2570 5784 2698 5842 line.
2777 5789 2821 5821 "
2853 5789 2971 5845 Vid.
3002 5792 3172 5848 Leon.
3224 5795 3385 5851 epist.
3430 5744 3530 5851 ὅθ

387 5758 478 5811 τοῦ
520 5761 653 5814 Θεοῦ
686 5764 838 5818 Λέων
872 5765 1106 5821 ἐδίκασε.
1184 5771 1227 5801 ¹¹
1262 5770 1593 5827 Monstravit.
1627 5758 1987 5847 Reliquaiv'idl

2092 5758 2358 5851 ap'fi't'fg
2387 5758 2540 5838 ira.“
2570 5758 2971 5845 niiéi'wii'vm.
3002 5758 3385 5864 ιῖἔὸἶιῗδῖὖῖἐι.
3430 5796 3464 5851 ὅ
