3950 6226
310 270 397 336 145
1454 274 1813 336 HISTORIA
1851 274 2357 337 TIIEODORETI.

3449 282 3551 351 μϐ

306 383 591 446 ueniente,
618 381 910 440 Abundius
940 385 986 416 “
1015 385 1096 439 vir
1114 387 1350 441 eximius
1372 386 1664 456 sapientia,
1688 402 1752 441 ac
1778 401 1873 438 va-
1903 391 1945 446 A
1975 386 2225 454 licitudo,
2274 405 2339 444 es
2384 389 2565 444 causis
2611 389 2845 444 maxime
2877 399 3111 460 quatuor
3154 386 3396 461 profecta
3428 405 3547 454 est:

309 475 391 528 riis
418 474 622 547 linguis
676 486 945 532 strenuus
975 495 988 531 :
1015 478 1186 532 additi
1206 480 1436 535 comites
1469 480 1718 535 Asterius
1752 480 1873 550 epi-

306 584 490 636 swpus
518 577 574 621 et
612 570 919 640 presbyteri
947 571 1057 625 duo
1081 571 1316 627 Basilius
1347 584 1402 627 et
1435 572 1665 629 Senator
1695 591 1709 626 ι
1758 582 1871 627 tra-

304 659 401 712 dita
430 658 474 687 “
502 654 631 714 ﬁdei
684 660 940 727 formula,
997 664 1227 734 epistola
1288 665 1501 722 scilicet
1545 664 1746 719 Leonis
1801 665 1870 720 ad

306 748 634 815 Flavianum,
659 766 786 805 cum
828 754 1159 810 testimoniis
1200 757 1422 811 Patrum
1448 772 1479 809 a
1519 755 1872 811 Theodorelo

304 842 642 911 subjunctis:
677 844 868 899 datum
909 845 1071 901 simul
1102 849 1441 914 mandatum,
1490 848 1871 919 permittenda:

299 933 541 987 Anatolio
567 936 837 1004 optionis,
857 938 1016 1008 cujus
1031 938 1272 1009 cpistola:
1285 940 1687 1009 subscriptione
1708 940 1873 995 vellet

300 1022 450 1077 fidem
481 1039 640 1078 suam
667 1025 1049 1084 demonstrare
1076 1047 1087 1082 :
1112 1046 1181 1085 an
1207 1046 1330 1101 qua:
1359 1046 1391 1085 a
1424 1031 1606 1086 Leone
1642 1030 1709 1085 ad
1741 1030 1868 1086 Fla-

297 1117 540 1182 vianum,
577 1134 651 1172 an
679 1136 803 1189 qua:
832 1137 861 1174 a
900 1120 1104 1193 Cyrillo
1136 1122 1381 1178 secunda
1445 1122 1512 1177 ad
1558 1124 1868 1178 Nestorium

296 1208 497 1277 scripta
538 1219 629 1266 est
697 1211 1012 1268 Mandatum
1058 1215 1304 1286 insuper,
1355 1227 1415 1270 ut
1468 1215 1722 1277 Maximo,
1775 1215 1870 1282 qui

295 1302 499 1355 Domno
529 1314 875 1360 successerat
901 1322 955 1359 in
982 1306 1167 1362 sedem
1197 1308 1618 1369 Antiochenam,
1671 1308 1870 1364 Leonis

294 1392 515 1462 epistola
561 1394 1045 1471 in'testimonium
1088 1396 1213 1452 ﬁdei
1257 1389 1866 1452 subscribendamit'te-

295 1494 457 1538 retur.
486 1485 619 1540 Erat
640 1487 788 1541 enim
818 1499 874 1543 et
892 1489 1006 1559 ipse
1034 1500 1319 1563 suspectus
1344 1494 1724 1549 consensionis
1742 1508 1866 1548 cum

293 1577 568 1643 Dioscoro,
600 1596 763 1649 aquo
786 1581 965 1637 fuerat
1004 1582 1337 1641 substitutus
1382 1585 1593 1642 Domno
1630 1585 1867 1641 letaliter

289 1670 596 1738 aegrotanti,
653 1688 779 1727 cum
829 1672 1219 1743 deponeretur.
1271 1675 1664 1759 Praescriptum
1704 1676 1863 1731 deni-

1976 494 2039 533 ex
2083 479 2444 534 conversione
2490 495 2694 543 rerum,
2731 495 2854 548 quae
2899 495 3027 535 mox
3073 482 3433 540 narrabitur:
3481 502 3547 542 ex

1973 569 2244 623 contraria
2298 568 2513 639 imperii
2570 569 2764 635 forma,
2816 578 3081 641 regnante
3121 588 3268 629 nunc
3300 574 3369 630 ad
3405 576 3551 632 arbi-

1973 658 2138 713 trium
2167 660 2454 716 Pulcheria
2484 678 2496 714 :
2534 677 2601 716 ex
2633 662 2926 719 formidine
2954 664 3240 735 utriusque
3270 666 3548 732 antistitis,

1970 750 2269 813 metuentis
2316 767 2383 808 ne
2430 752 2801 824 depelleretur
2855 754 2985 811 sede
3065 759 3119 811 in
3197 773 3361 829 quam
3414 760 3549 815 vitio

1936 912 1939 915 Α
1970 851 2196 900 evectus
2226 853 2344 898 erat
2381 863 2395 899 :
2438 861 2503 900 ex
2529 847 2799 902 industria
2822 848 3060 918 denique
3083 851 3386 921 legatorum
3414 861 3551 907 tetu-

1969 948 2103 1003 pore
2143 934 2416 991 utentium
2449 934 2519 990 ad
2556 952 2671 992 rem
2704 938 2831 994 ﬁdei
2869 941 3317 1009 promovendam.

2041 1024 2198 1079 Tunc
2225 1026 2491 1096 temporis
2552 1026 2933 1085 Theodoretus
2975 1030 3031 1084 iu
3095 1030 3374 1101 Apameno
3425 1048 3547 1088 mo-

1970 1116 2214 1172 nasterio
2255 1119 2600 1184 versabatur,
2642 1134 2765 1177 cum
2802 1120 2894 1175 lba
2930 1121 3168 1188 Edessae,
3201 1132 3257 1179 et
3291 1124 3548 1194 Aquilino

1967 1206 2124 1279 Bybli
2183 1208 2311 1263 olim
2358 1210 2650 1279 episcopis.
2688 1211 2767 1265 Eo
2813 1227 2872 1266 se
2902 1212 3002 1277 illi,
3035 1215 3121 1268 vel
3148 1216 3311 1270 amici
3335 1217 3545 1279 visendi

1969 1299 2138 1370 gratia
2177 1302 2547 1367 contulerant,
2595 1303 2681 1358 vel
2722 1303 2913 1359 eadem
2953 1313 3273 1377 tempestate
3306 1310 3544 1380 iactante

1972 1404 2312 1464 receperant,
2362 1398 2511 1453 velut
2558 1398 2626 1453 ad
2682 1414 3028 1454 communem
3068 1412 3308 1471 portum.

2040 1490 2151 1545 VII.
2194 1490 2274 1545 Eo
2321 1490 2424 1545 loci
2483 1492 2693 1562 perlata
2729 1503 2815 1547 est
2856 1493 3028 1547 sancti
3065 1492 3261 1547 Leonis
3293 1493 3539 1563 epistola,

1969 1582 2085 1636 sive
2127 1581 2344 1638 Maximi
2403 1600 2565 1652 cura,
2615 1586 2765 1657 quod
2808 1587 2897 1640 vix
2931 1596 3115 1657 putem
3140 1627 3155 1652 ,
3191 1587 3306 1641 sive
3339 1586 3545 1640 amico-

1972 1688 2091 1726 rum
2134 1686 2239 1742 ope
2276 1673 2493 1730 afﬂictis
2532 1677 2817 1734 exsulibus
2858 1676 3383 1733 commiserantium.
3414 1676 3544 1731 Eam

290 1778 415 1831 que,
444 1773 505 1819 ut
530 1765 599 1819 de
628 1767 962 1823 celebrando
986 1769 1042 1822 in
1082 1767 1397 1826 Occidentis
1421 1745 1671 1841 partibus
1729 1788 1864 1827 con-
1896 1745 1938 1801 Β
1968 1766 2351 1823 Theodoretus
2374 1768 2488 1839 jam
2525 1769 2736 1838 pridem
2789 1769 2897 1825 sibi
2938 1777 3123 1823 mitam
3170 1769 3336 1824 sociis
3375 1784 3544 1839 expo-

290 1853 415 1908 cilio
450 1855 751 1912 instantius
772 1873 898 1911 cum
922 1857 1255 1930 imperatore
1286 1871 1560 1931 ageretur.

357 1947 443 2002 Vl.
503 1946 802 2019 Legatione
832 1950 1122 2009 Abundius
1144 1969 1269 2008 cum
1314 1954 1480 2010 sociis
1526 1955 1599 2008 ita
1645 1955 1866 2009 functus

288 2046 392 2101 est,
429 2047 491 2092 ut
523 2048 764 2095 eventus
822 2042 1023 2096 summi
1064 2042 1340 2112 pontificis
1369 2059 1520 2114 spem
1566 2054 1731 2113 atque
1766 2060 1864 2098 ex~

291 2128 681 2195 spectationem
714 2129 983 2185 vinceret.
1020 2130 1153 2184 Nam
1180 2130 1465 2188 Anatolius
1510 2141 1566 2187 et
1602 2133 1866 2188 Maximus

289 2218 574 2286 epistolam
604 2221 844 2276 ‘Leonis
888 2220 1074 2291 (simul
1115 2222 1301 2277 oblata
1333 2222 1438 2295 est)
1483 2240 1593 2279 non
1638 2240 1864 2296 recepe-

290 2323 416 2364 runt
440 2311 626 2375 modo,
670 2312 821 2369 velut
870 2311 994 2366 fidei
1027 2314 1297 2384 regulam,
1340 2315 1436 2370 sed
1491 2315 1862 2386 recipiendam

290 2417 504 2472 quoque
534 2420 565 2458 a
604 2419 716 2458 sum
744 2403 981 2474 quisque
1002 2403 1260 2462 dimcesis
1304 2407 1580 2476 episcopis
1631 2407 1698 2462 ad
1734 2424 1868 2464 θοιν-

289 2494 472 2547 cilium
503 2495 737 2559 vocatis,
779 2505 1069 2551 curarunt.

356 2586 428 2640 De
473 2586 733 2642 Anatolio
786 2587 944 2643 testis
990 2588 1257 2659 locuples,
1306 2589 1399 2658 qui
1457 2589 1634 2645 Vitam
1689 2592 1862 2646 sancti

292 2675 521 2729 Ahundii
552 2677 920 2747 conscripsit:
953 2696 972 2729 ‹
1014 2679 1323 2743 Anatolius,
1345 2679 1543 2749 inquit,
1570 2681 1864 2751 episcopus

291 2766 436 2820 urbis
463 2766 623 2836 193
654 2765 1278 2838 Constantinopolitanae
1302 2784 1456 2822 novae
1494 2769 1697 2834 Romae,
1730 2785 1864 2824 con-

289 2858 530 2927 gregavit
571 2857 870 2912 concilium
924 2859 1169 2913 omnium
1203 2858 1615 2929 episcoporum,
1676 2859 1861 2914 archi-

288 2949 704 3011 mandritarum,
744 2951 1215 3022 presbyterorum,
1270 2960 1328 3006 et
1357 2952 1714 3007 diaconorum
1747 2971 1761 3019 ;
1806 2964 1863 3009 et

1967 1856 2108 1923 suit,
2155 1866 2213 1912 et
2261 1858 2542 1913 communi
2604 1858 2771 1913 trium
2815 1858 3220 1928 subscriptione
3278 1859 3544 1913 munitam

1965 1946 2496 2019 Constantinopolim
2553 1949 2622 2004 ad
2679 1948 2994 2005 Abundium
3043 1965 3167 2005 cum
3211 1949 3408 2005 litteris
3456 1966 3542 2006 rc-

1967 2037 2135 2093 misit.
2188 2038 2247 2092 In
2291 2038 2378 2094 his
2407 2047 2695 2109 postquam
2725 2038 2964 2095 Abundii
3005 2039 3058 2093 in
3085 2040 3325 2094 Ecclesia
3353 2040 3545 2094 Orien-

1968 2129 2063 2183 tali
2123 2130 2362 2201 juvanda
2417 2130 2682 2194 studium,
2724 2129 3056 2198 illaesamque
3108 2128 3541 2184 Occidentalium

1966 2218 2139 2279 ﬁdem
2178 2223 2456 2290 laudavit;
2489 2233 2601 2279 tum
2630 2222 2790 2279 fidem
2828 2238 2981 2278 suam
3004 2221 3318 2292 apostolicis
3346 2220 3544 2275 litteris

1965 2328 2262 2369 consonam
2313 2314 2622 2385 profitetur,
2678 2330 2913 2384 moxque
2962 2313 3116 2368 addit
3153 2315 3198 2345 “
3245 2331 3311 2368 ε(
3345 2313 3441 2367 His
3485 2319 3543 2367 ct

1963 2418 2065 2475 ego
2107 2403 2307 2458 litteris
2350 2403 2629 2470 consensi,
2674 2411 2729 2458 et
2753 2403 2881 2458 huic
2915 2402 3160 2472 epistolae
3207 2416 3339 2456 mere
3362 2416 3544 2455 exem-

1964 2493 2115 2564 plum
2159 2509 2349 2548 earum
2401 2494 2678 2564 copulavi,
2710 2493 2800 2549 cui
2827 2494 2994 2550 etiam
3023 2491 3348 2562 subscripsi,
3377 2499 3542 2561 atque

1964 2600 2029 2639 ex
2062 2585 2166 2640 hoc
2204 2584 2455 2654 probavi,
2514 2583 2671 2656 19!.
2725 2583 2874 2655 quod
2932 2583 3148 2655 regulas
3194 2580 3540 2650 apostolicas,

1966 2676 2071 2730 hoc
2118 2683 2223 2739 est,
2274 2692 2403 2732 vera
2447 2676 2701 2748 dogmata
2754 2692 2977 2746 Sequor,
3036 2672 3309 2743 hodieque
3350 2672 3404 2725 in
3459 2670 3544 2724 his

1963 2783 2281 2838 permaneo,
2316 2777 2373 2823 et
2421 2768 2544 2824 ideo
2595 2767 2797 2823 bellum
2852 2767 3047 2838 patior.
3080 2763 3369 2820 Consensit
3411 2762 3541 2816 item

1963 2860 2220 2914 dominus
2268 2875 2425 2914 meus
2453 2859 2593 2924 lhas,
2636 2868 2691 2913 ct
2732 2858 3193 2931 dominusmeus
3229 2855 3540 2926 Aquilinus,

1964 2963 2155 3010 contra
2210 2969 2351 3024 quos
2398 2956 2795 3023 imperatorum
2845 2959 3173 3024 potestatem
3228 2949 3547 3051 inventores

299 3050 421 3095 ante
478 3050 833 3112 conspectum
889 3041 1136 3098 Olllltium
1204 3043 1432 3098 recitata
1487 3052 1573 3097 est
1630 3044 1932 3139 cpistolac
1965 3063 2120 3102 novae
2176 3048 2401 3103 bteresis
2443 3055 2817 3103 armaverunt.
2860 3066 2878 3097 ι

288 3133 455 3187 sancti
492 3132 717 3193 Leonis,
740 3149 905 3203 quam
947 3133 1141 3188 beatus
1181 3132 1471 3189 Abundius
1502 3148 1688 3187 coram
1741 3149 1861 3187 om-

289 3223 446 3279 nibus
476 3225 851 3294 praesentavit,
885 3223 1349 3279 concordantibus
1392 3224 1723 3280 testimoniis
1750 3226 1861 3279 Ro-

289 3329 567 3370 manorum
592 3316 813 3370 Patrum
829 3322 995 3385 atque
1017 3314 1421 3386 Argolicorum.
1443 3315 1726 3370 Anatolius
1746 3316 1863 3384 epi-

288 3422 479 3476 scopus
514 3406 1024 3477 Constantinopolis
1047 3406 1175 3461 huic
1195 3405 1440 3479 epistolm
1466 3406 1638 3460 sancti
1665 3406 1865 3461 Leonis

289 3497 457 3567 Papae,
480 3498 789 3553 continenti
826 3498 1111 3553 catholica:
1136 3499 1263 3553 fidei
1297 3500 1603 3563 veritatem,
1631 3516 1863 3554 concor-

288 3589 539 3645 dantibus
568 3591 735 3645 ctiam
772 3591 1104 3645 testimoniis
1133 3593 1353 3646 Patrum
1384 3590 1453 3645 ab
1494 3591 1684 3646 eadem
1728 3609 1861 3662 apo—
1896 3596 1901 3601 ’

288 3680 468 3734 slolica
499 3680 633 3734 sede
681 3680 909 3735 directis
936 3681 1111 3749 plenae
1150 3681 1459 3736 devotionis
1488 3683 1786 3744 consensit,
1810 3691 1866 3736 ct

287 3771 631 3840 subscripsit,
680 3772 977 3825 anathema
1007 3772 1199 3825 dicens
1226 3771 1460 3842 Eutychi
1499 3780 1555 3825 et
1588 3773 1862 3837 Ncstorio,

288 3871 340 3915 et
357 3862 617 3934 dogmati,
666 3863 751 3917 vel
789 3863 1158 3917 sectatoribus
1208 3878 1400 3917 eorum
1442 3880 1454 3915 :

291 3954 471 4009 Patres
496 3970 608 4009 non
643 3954 797 4024 parvi
822 3954 1039 4009 numeri
1079 3954 1275 4010 eodem
1319 3954 1482 4025 modo
1512 3956 1861 4026 subscripse-

290 4053 427 4100 runt.
470 4065 488 4097 ι
512 4100 517 4105 ,

352 4136 423 4190 De
440 4146 679 4207 utroque
698 4136 858 4191 simul
880 4143 1101 4190 sanctus
1117 4135 1228 4191 Leo
1248 4136 1293 4168 ’³
1314 4155 1325 4190 ;
1351 4155 1367 4186 ι
1388 4136 1579 4191 Totam
1598 4137 1863 4192 Constan-

290 4228 691 4299 tinopolitanam
725 4227 1025 4283 Ecclesiam
1067 4243 1189 4281 eum
1228 4229 1573 4284 monasteriis
1609 4230 1864 4284 omnibus

287 4327 339 4372 et
376 4320 559 4373 multis
592 4319 869 4389 episcopis
923 4318 1140 4393 noveris
1174 4319 1474 4388 praebuisse
1512 4334 1861 4384 consensum,

1507 3870 1638 3917 tunc
1679 3865 1863 3919 caeteri
1906 3863 1915 3872 ’

2579 3160 2804 3216 CAPUT
2853 3159 2941 3212 XI.

1962 3266 2004 3320 I.
2044 3266 2269 3320 Moritur
2307 3266 2636 3321 Theodosius.
2675 3264 2740 3317 ll.
2778 3262 3059 3317 Fate/aeria
3098 3261 3426 3314 dominatum
3458 3275 3542 3312 re.—

2034 3338 2213 3390 sumit.
2236 3337 2323 3391 III.
2343 3336 2687 3390 Tlteodoretus
2708 3334 2769 3388 ab
2792 3332 2974 3388 exsilio
2993 3342 3285 3387 revocatur.
3306 3331 3392 3385 IV.
3414 3330 3565 3389 Cra-_

2036 3408 2139 3459 tias
2184 3410 2293 3477 agit
2318 3403 3056 3477 patronis._V._Libeilum_de
3081 3402 3317 3477 _cog_euda
3345 3399 3543 3477 synodo

2036 3470 2284 3551 Augustis
2318 3470 2486 3599 ἓὲμενι.
2538 3475 2624 3530 Vl.
2675 3473 2915 3546 Synodus
2957 3470 3539 3551 Chalcedouerogitur.

2037 3546 2147 3599 VII.
2192 3546 2324 3599 Theo
2364 3556 2538 3599 oretus
2567 3556 2691 3599 ante
2723 3553 2899 3598 actam
2925 3559 3141 3597 causam
3170 3541 3465 3595 admittitur
3487 3556 3539 3591 ru

2037 3541 2147 3601 VIII.
2192 3541 2538 3601 Theodoretus
2567 3556 2691 3599 ante
2717 3541 2899 3598 actam
2925 3559 3141 3597 causam
3170 3541 3465 3595 admittitur
3487 3541 3540 3591 iu

2036 3634 2351 3671 consessum.
2404 3616 2537 3670 VllL
2593 3615 2903 3669 Reclamant
2939 3612 3195 3683 zEgyptii.
3222 3609 3335 3683 LIX.
3368 3608 3541 3683 Causa

2034 3689 2540 3758 peragiturﬂactione
2572 3694 2754 3758 octaua
2905 3679 3269 3758 Actu—concilii
3302 3680 3365 3734 de
3396 3679 3545 3758 resti-

2035 3751 2233 3810 tutione
2291 3756 2613 3811 Theodoreti.
2671 3754 2760 3809 XI.
2818 3754 2949 3806 Dicit
2997 3756 3199 3807 sincere
3257 3751 3540 3804 anathema

2040 3826 2297 3889 Nestorio,
2334 3837 2384 3880 et
2412 3826 2572 3895 ﬁdem
2617 3826 2915 3896 proﬁtetur.

2510 3941 2656 3990 Anno
2691 3938 2779 3987 450
2808 3943 2859 3986 et
2881 3936 2989 3985 451.

2034 4047 2075 4100 1.
2117 4046 2440 4116 Priusquam
2508 4043 2796 4099 Abundius
2849 4058 2973 4097 cum
3019 4039 3182 4095 sociis
3226 4039 3280 4093 in
3338 4037 3539 4108 regiam

1964 4138 2158 4193 urbem
2210 4136 2542 4207 perveniret,
2592 4134 2829 4189 decessit
2873 4149 2903 4186 e
2936 4132 3049 4185 vita
3082 4129 3422 4185 Theodosius
3451 4127 3541 4183 die

1962 4232 2032 4285 29
2056 4230 2185 4286 Julii
2220 4246 2365 4283 anno
2388 4229 2511 4291 450,
2551 4243 2674 4281 cum
2718 4227 2943 4279 vixisset
2975 4239 3148 4277 annos
3183 4219 3539 4291 quadraginta

1966 4339 2184 4387 novem,
2239 4322 2561 4391 imperasset
2609 4316 2974 4388 quadraginta
3022 4314 3161 4369 duos
3208 4320 3263 4367 et
3326 4326 3542 4365 menses

289 4417 338 4462 et
386 4410 880 4479 subscriptionibus
913 4409 1026 4463 suis
1045 4410 1355 4464 Nestorium
1388 4420 1550 4481 atque
1576 4412 1859 4482 Eutychen
1894 4409 1935 4462 Ξ)
1965 4415 2078 4470 fere
2130 4425 2261 4468 tres.

290 4513 402 4553 cum
460 4500 577 4554 suis
645 4497 1135 4554 anathematizasse
1203 4500 1566 4568 dogmatibus.
1634 4502 1862 4557 Noveris

290 4592 438 4645 etiam
500 4591 750 4661 proxime
800 4606 888 4645 me
936 4592 1220 4661 epistolam
1275 4592 1861 4661 Constantinopolitani

290 4684 515 4753 episcopi
568 4683 869 4753 accepisse,
905 4698 1027 4752 quae
1069 4683 1254 4748 refert,
1304 4684 1704 4737 Antiochenam
1743 4684 1861 4753 cpi-

293 4791 522 4845 scopum,
554 4776 736 4831 missis
775 4792 874 4846 per
908 4777 1214 4846 provincias
1249 4792 1376 4830 suas
1406 4777 1697 4837 tractoriis,
1738 4777 1861 4829 uni-

294 4881 463 4922 versos
506 4868 798 4938 episcopos
831 4867 1097 4937 coegisse,
1151 4877 1208 4923 et
1257 4868 1500 4937 epistola:
1554 4885 1686 4922 inme
1720 4883 1860 4936 pra?—

296 4955 459 5014 buisse
492 4976 849 5023 consensum,
892 4968 948 5013 et
978 4958 1288 5013 Nestorium
1324 4974 1388 5013 ac
1428 4960 1709 5029 Eutychen
1744 4961 1858 5030 pari

299 5050 676 5123 subscriptione
729 5052 1045 5106 damnasse.
1071 5070 1089 5102 ι

358 5141 566 5198 Devotio
619 5153 794 5205 tanta,
843 5152 1063 5211 quantae
1105 5157 1230 5195 mox
1282 5141 1418 5197 facta
1467 5141 1569 5196 fuit
1627 5145 1852 5208 mentio,

297 5231 334 5285 si
369 5242 534 5291 tamen
581 5235 810 5293 devotio
853 5234 977 5293 fuit,
1027 5242 1083 5289 et
1107 5250 1214 5288 non
1252 5242 1499 5304 prompta
1542 5236 1723 5305 potius
1748 5238 1855 5291 sol-

2035 4508 2098 4561 Il.
2139 4504 2275 4560 Cum
2310 4505 2418 4558 vita
2460 4501 2765 4556 Theodosii
2820 4499 3036 4554 sublata
3085 4506 3169 4550 cst
3214 4484 3536 4564 Chrysaplzii

1963 4597 2246 4666 potentia:
2287 4594 2529 4649 habenas
2555 4591 2701 4644 enim
2742 4587 2958 4657 imperii
3006 4585 3290 4639 Pulcheria
3332 4597 3540 4635 resum-

1963 4689 2090 4758 psit,
2119 4698 2402 4758 postquam
2440 4680 2904 4753 quinquagenaria
2927 4677 3077 4747 virgo
3113 4675 3386 4729 Marciano
3415 4672 3540 4728 fecit

1961 4778 2209 4849 conjugis
2253 4792 2486 4839 nomen;
2535 4782 2704 4840 utque
2735 4767 2887 4836 regni
2926 4765 3193 4836 primitias
3225 4764 3338 4817 Deo
3381 4763 3539 4831 justi-

1968 4870 2165 4940 tiaequc
2199 4875 2567 4927 consecraret,
2606 4860 2858 4916 "rescissis
2902 4874 3023 4928 qum
3078 4873 3175 4926 per
3214 4856 3320 4908 vim
3356 4855 3541 4908 hacte—

1965 4977 2071 5015 nus
2101 4970 2157 5015 et
2201 4968 2390 5014 contra
2441 4958 2519 5010 fas
2557 4964 2673 5008 aeta
2712 4961 2919 5015 essent,
2971 4950 3037 5003 dc
3080 4949 3256 5002 danda
3284 4948 3539 5001 Ecelcsiis

1964 5070 2096 5124 pace
2142 5052 2493 5120 cogendaque
2540 5045 2750 5117 synodo
2789 5042 3065 5114 cogitavit.

2036 5143 2123 5196 Ill.
2167 5140 2319 5194 Fecit
2375 5155 2437 5191 ea
2491 5153 2674 5190 rerum
2712 5133 3021 5192 conversio,
3072 5141 3130 5185 ut
3163 5129 3540 5184 annitentibus

1963 5233 2280 5291 Vincomalo
2301 5231 2603 5285 ciliciorum
2630 5227 2907 5298 magistro,
2929 5234 2983 5281 et
3004 5225 3210 5279 Avieno
3231 5224 3452 5279 consule
3470 5222 3535 5282 ’⁷.

1626 5431 1891 5485 Siliil'lJ.
1924 5430 1937 5483 l
1978 5428 2212 5483 NOTAE.

345 5576 383 5606 "‘
409 5578 517 5632 Vid.
540 5579 724 5632 Vitam
850 5569 1116 5632 Abuudii,
1144 5586 1262 5636 cap.
1293 5570 1346 5627 ‘2,
1386 5585 1514 5621 num
1600 5569 1649 5619 8.

283 5643 449 5701 “vid.
504 5659 544 5704 t.
584 5649 674 5712 Iv,
721 5641 1050 5715 epist}?!-

1743 5571 1785 5599 ’⁸⁵
1822 5569 1940 5622 Vid.
1972 5570 2141 5624 Leon.
2180 5570 2340 5639 epist.
2379 5569 2560 5622 35-56.

1165 5634 1431 5692 "Animo
1464 5639 1693 5691 consule.
1726 5642 1816 5694 Vel
1849 5641 2049 5709 potius,
2086 5634 2285 5710 Aspare
2315 5640 2434 5693 viro
2466 5639 2759 5694 consulari.
2790 5634 2964 5692 Minus
2995 5646 3138 5691 recte
3164 5635 3308 5690 enim
3342 5634 3533 5695 Avieni

2379 5569 2503 5584 ἠ-

2642 5570 2685 5599 ²³
2714 5568 2769 5621 1η
2820 5568 2981 5636 epist.
3016 5567 3080 5619 ad
3122 5564 3531 5636 I‘asclmsinuut.

275 5729 452 5775 nomen
480 5721 535 5775 in
581 5710 847 5791 epistolae
876 5713 975 5767 I59
1011 5710 1362 5779 inscriptione
1400 5711 1682 5764 substituit
1707 5712 2022 5767 Carncrius.
