3950 6226
417 279 512 342 r31

1541 273 1922 335 GARNERII
1964 267 2464 332 DISSERTA’I‘IO
2503 269 2550 329 Ῑ.

3580 261 3684 329 148

415 393 770 462 Anatoliique
831 389 1063 460 patricio
1111 388 1248 443 viris
1307 389 1505 444 merito
1557 388 1991 458 potentissimis,
2024 391 2074 446 Α
2170 383 2228 437 ln
2255 383 2505 438 eamdem
2523 383 2750 436 omnin
2770 378 3097 436 sententiam
3120 377 3436 434 consuli”:
3466 375 3684 447 «Opor-

413 484 817 547 Theodoretus,
854 481 1013 552 cujus
1036 480 1088 534 in
1116 479 1303 534 sedem
1329 477 1552 532 infanda
1587 479 1831 550 synodus
1869 477 1991 531 nul-

407 581 519 633 lum
542 575 857 639 suﬁ‘ecerat,
895 573 964 628 ab
987 572 1182 627 exsilio
1203 578 1578 648 revocaretur,
1613 585 1836 639 suaeque
1864 569 1990 622 urbi

406 669 817 725 restitueretur.
861 667 935 721 De
974 674 1198 733 accepto
1251 663 1340 717 ille
1376 661 1646 717 beneﬁcio
1695 662 1993 731 unicuique

409 763 573 817 trium
615 760 924 831 singulares
977 757 1181 828 gratias
1223 754 1426 809 litteris
1482 754 1596 824 egit
1629 751 1696 818 ’⁸,
1725 753 1994 824 petiitque

383 853 492 924 agi
531 868 632 908 suo
685 850 906 904 nomine
950 846 1320 918 principibus,
1355 845 1451 900 sed
1485 845 1648 899 simul
1684 844 1753 898 de
1787 858 1994 898 convo-

407 947 621 1001 catione
643 942 835 1017 synodi
861 941 988 995 ferri
1021 954 1235 1010 preces.
1263 938 1533 1009 Sperabat
1565 936 1838 1006 siquidem
1882 934 1992 989 fre-

409 1048 499 1092 tus
545 1021 903 1106 patronorum
956 1049 1083 1104 cpe,
1131 1049 1287 1088 suam
1336 1047 1395 1086 se
1449 1031 1546 1085 toti
1603 1029 1724 1084 orbi
1771 1030 1790 1048 ‘
1838 1029 1996 1082 inno-

406 1130 645 1184 centiam
697 1126 1082 1198 probaturum,
1123 1134 1180 1180 et
1223 1125 1489 1178 Dioscoro
1521 1123 1694 1176 vicem
1727 1134 1995 1190 repensu-

409 1234 556 1274 rum.

479 1309 567 1366 IV.
607 1309 807 1364 Mirum
854 1323 1010 1373 vero,
1043 1307 1192 1378 quali
1243 1317 1360 1362 arte
1394 1306 1638 1360 illustres
1682 1305 1828 1359 viros
1859 1305 1996 1358 allo-

407 1404 619 1474 quitur.
655 1403 820 1459 Juvat
843 1417 912 1457 ex
943 1401 1178 1472 singulis
1207 1399 1457 1471 epistolis
1489 1397 1698 1470 aliquid
1729 1397 1996 1461 delibare,

407 1511 474 1549 ex
511 1496 732 1566 quolux
753 1494 999 1549 historia:
1022 1493 1299 1563 atl'ulgeat,
1323 1499 1378 1548 et
1407 1491 1566 1544 simul
1592 1497 1796 1560 pateat,
1833 1504 1998 1558 quam

407 1582 732 1652 eloquenter
758 1582 976 1636 animus
1009 1581 1210 1652 gaudio
1242 1580 1525 1638 exsultans
1557 1579 1878 1649 triumphet.
1909 1578 2000 1633 Sic

410 1673 576 1745 igitur
601 1675 668 1729 ad
715 1673 1090 1730 Anatolium“
1149 1691 1162 1728 :
1218 1691 1236 1723 ‹
1268 1672 1379 1727 Nos
1418 1672 1639 1742 quidem
1666 1676 1806 1726 'cum
1853 1672 1998 1725 nacti

409 1783 602 1822 sumus
640 1768 904 1837 quietem,
944 1766 1180 1821 libenter
1210 1781 1402 1820 sumus
1427 1763 1684 1834 amplexi,
1721 1763 1996 1832 utilesqne

411 1875 478 1916 ac
529 1861 891 1916 suavissimos
933 1861 1055 1930 ejus
1113 1857 1327 1912 fructus
1383 1856 1742 1928 percipimus.
1793 1854 1992 1910 Christi

409 1963 595 2008 autem
640 1968 830 2007 amans
873 1952 1174 2022 imperator
1219 1957 1427 2014 noster,
1479 1948 1704 2018 pietatis
1756 1945 1992 2001 fructum

409 2043 646 2113 adeptus
695 2042 1009 2113 imperium,
1055 2040 1275 2111 imperii
1320 2039 1594 2110 primitias
1635 2037 1850 2108 imperii
1888 2038 1996 2092 lar-

409 2138 568 2208 gitori
613 2138 816 2191 obtulit
855 2136 1391 2204 Ecclesiarnm,qute
1425 2133 1799 2204 jactabantur,
1841 2141 1994 2186 tran-

411 2231 766 2300 quillitatem,
798 2237 1128 2299 oppugnata:
1167 2226 1294 2282 ﬁdei
1332 2225 1694 2295 triumphum,
1725 2222 2000 2293 evangeli-

411 2337 602 2375 corum
624 2319 780 2390 195
798 2320 1112 2390 dogmatum
1137 2317 1445 2372 victoriam.
1475 2316 1572 2370 His
1595 2329 1726 2369 vero
1739 2313 1999 2384 praemisit

413 2411 578 2467 illatae
623 2411 785 2466 nobis
829 2410 1046 2482 injuriae
1081 2409 1443 2464 curationem.
1483 2407 1618 2474 Quis
1641 2406 1788 2462 enim
1833 2405 1998 2460 talem

412 2519 479 2558 ac
503 2511 710 2558 tantam
731 2501 1076 2572 iniquitatem
1103 2500 1316 2556 audivit
1338 2498 1622 2570 unquam?
1652 2498 1778 2568 quis
1800 2496 1999 2551 absens

414 2594 694 2651 homicida
716 2594 1051 2649 damnatus?
1073 2593 1199 2664 quis
1222 2594 1540 2663 nuptiarum
1572 2591 1863 2646 insidiator
1888 2604 1998 2643 non

413 2701 656 2758 praesens
678 2686 1118 2743 condemnatus?
1141 2685 1266 2755 quis
1288 2684 1565 2748 effractor,
1593 2691 1689 2737 aut
1719 2681 2001 2751 sepulcro-

415 2793 538 2832 rum
565 2776 818 2837 eﬂ‘ossor.
843 2785 940 2831 aut
957 2775 1259 2840 veneﬁcus,
1279 2785 1373 2830 aut
1398 2790 1680 2830 sacrorum
1706 2773 1996 2844 expilator,

414 2877 514 2926 aut
549 2868 644 2940 qui
680 2867 828 2923 aliud
867 2868 1153 2938 quidpiam
1186 2868 1404 2939 legibus
1435 2867 1668 2922 vetitum
1711 2865 2002 2921 commise-

414 2970 519 3024 rat,
541 2969 597 3016 et
616 2960 966 3033 adjudicium
988 2960 1198 3028 venire,
1217 2975 1342 3014 cum
1360 2959 1543 3023 vellet,
1566 2966 1649 3013 est
1666 2957 1997 3028 prohibitus,

411 3061 472 3110 et
493 3053 742 3126 judicum
773 3053 1048 3110 sententia
1068 3051 1260 3124 procul
1284 3051 1485 3107 absens
1513 3058 1598 3106 est
1621 3049 1946 3105 confossus?
1973 3067 1992 3099 ι
2028 3081 2068 3138 c

413 3147 484 3203 Et
511 3146 615 3203 sub
654 3147 817 3202 ﬁnem
863 3166 876 3203 :
920 3166 938 3198 ι
965 3147 1134 3202 Decet
1184 3152 1369 3200 autem
1392 3159 1510 3208 vos,
1557 3143 1651 3214 qui
1701 3142 1758 3197 in
1797 3141 2000 3212 pietate

411 3239 632 3296 educati
695 3239 852 3304 estis,
906 3248 962 3292 et
1011 3238 1236 3294 virtutis
1286 3253 1422 3308 opes
1475 3235 1794 3308 possidetis,
1854 3235 2003 3288 hunc

415 3331 594 3386 zelum
631 3346 947 3395 resumere;
977 3338 1032 3384 et
1051 3330 1264 3385 alacres
1291 3329 1404 3400 jam
1433 3343 1530 3398 per
1547 3343 1668 3382 sese
1690 3326 2001 3397 piissimum

417 3423 824 3493 imperatorem,
862 3420 1182 3491 Christique
1212 3427 1488 3475 amantem
1522 3419 1844 3489 Augustam,
1897 3418 2002 3472 ala-

415 3515 628 3570 criores
685 3513 1161 3569 cohortationibus
1213 3512 1467 3576 reddere,
1503 3519 1562 3566 ut
1594 3511 1858 3566 laudabili
1885 3511 2002 3566 zelo

417 3606 874 3678 gloriosissimum
927 3606 1221 3677 imperium
1267 3620 1428 3661 suum
1479 3605 1864 3660 corroborent.
1905 3623 1923 3656 ι

485 3696 565 3750 Ad
594 3696 973 3752 Vincomalnm
1018 3705 1201 3751 autem
1223 3697 1268 3728 '°
1303 3713 1316 3750 :
1350 3715 1368 3749 ι
1396 3697 1565 3752 Valde
1596 3713 1719 3753 sum
1749 3697 2000 3763 miratus,

419 3789 514 3844 ubi
565 3789 797 3859 cognovi
868 3788 1329 3860 magniﬁcentiam
1382 3797 1666 3854 vestram,
1727 3804 1854 3844 cum
1914 3805 2004 3844 res

417 3887 640 3934 nostras
696 3878 917 3948 penitus
970 3879 1270 3950 ignoraret,
1317 3895 1381 3936 ac
1424 3880 1618 3941 solam,
1658 3895 1780 3949 quae
1814 3882 1869 3934 in
1902 3895 2004 3934 nos

419 3969 560 4024 facta
591 3976 696 4031 est,
730 3968 986 4040 injuriam
1017 3969 1320 4034 didicisset,
1356 3969 1725 4040 patrocinium
1756 3979 2004 4024 nostrum

419 4057 749 4126 suscepisse,
781 4056 1076 4126 omniaque
1106 4057 1366 4122 movisse,
1403 4065 1462 4111 ut
1488 4065 1836 4127 comparatas
1874 4073 2006 4112 con-

419 4154 505 4199 tra
526 4161 628 4200 nos
648 4145 931 4200 machinas
951 4155 1257 4213 everteret;
1282 4146 1376 4202 sed
1397 4147 1762 4219 magnitudini
1779 4148 2002 4219 quidem

422 4244 617 4291 vestrae
655 4235 951 4291 muniﬁcus
990 4238 1035 4271 “
1065 4238 1330 4294 Dominus
1367 4239 1531 4311 digna
1581 4257 1812 4312 prorsus
1853 4259 2003 4298 com-

421 4329 741 4396 pensatione
783 4327 1068 4382 retribuet.
1109 4347 1127 4381 ι
1177 4329 1246 4384 Et
1277 4338 1403 4400 post
1443 4331 1712 4402 exposita,
1757 4349 1879 4403 quae
1916 4334 2001 4388 in-

2095 475 2284 541 tebat,
2357 473 2570 544 inquit,
2645 474 2785 528 hanc
2857 473 3024 528 etiam
3077 470 3146 526 ad
3205 470 3342 525 alias
3405 467 3689 524 fortitudi-

2097 567 2180 621 nis
2204 575 2308 621 tuae
2328 566 2614 636 pneclaras
2631 566 2876 620 actiones
2895 563 3140 636 adjungi,
3161 571 3222 617 ut
3239 561 3690 633 religiosissimus

2093 659 2410 728 Christique
2456 660 2666 714 amicus
2709 658 3010 728 imperator
3059 665 3270 721 noster,
3308 671 3472 726 quem
3493 654 3693 710 subdi.

2094 763 2278 808 torum
2314 753 2460 808 bono
2485 753 2669 808 divina
2705 754 2879 824 gratia
2905 751 3166 814 instituit,
3193 767 3293 821 per
3330 751 3692 821 magniﬁcen-

2099 847 2227 900 tiam
2277 859 2514 901 vestram
2554 847 2622 901 de
2667 846 2824 901 facta:
2867 845 2923 900 in
2957 861 3058 900 nos
3100 844 3314 915 injuriae
3356 843 3692 914 indignitate

2095 936 2298 992 certior
2362 937 2557 1000 ﬁeret,
2607 945 2663 992 et
2706 938 2854 1008 justa
2909 937 3028 1007 lege
3082 935 3258 1006 legem
3311 951 3421 989 non
3477 935 3691 1004 justam

2097 1029 2456 1084 rescinderet.
2484 1049 2502 1080 ι
2530 1029 2834 1099 Etpostea:
2862 1047 2879 1080 ‹
2912 1027 3037 1082 Ηωυ
3058 1028 3240 1082 omnia
3264 1026 3694 1098 magniﬁcentia:

2100 1130 2205 1176 tua:
2243 1122 2428 1177 studio
2472 1121 2696 1176 sustulit
2750 1120 3141 1176 serenissimus
3201 1121 3531 1191 imperator;
3582 1134 3694 1190 ego

2097 1229 2231 1270 VCI‘O
2272 1229 2501 1284 peccare
2551 1229 2639 1268 me
2684 1222 2856 1278 ratus,
2915 1215 2961 1269 Si
3014 1223 3276 1274 tacerem,
3313 1229 3419 1268 nec
3464 1227 3692 1284 agerem

2098 1307 2320 1378 gratias,
2357 1307 2424 1361 ad
2472 1307 2571 1362 has
2616 1301 2937 1362 scribendas
2982 1322 3104 1362 sum
3149 1307 3442 1370 adductus,
3481 1305 3696 1376 quibus

2101 1400 2534 1471 magnitudinem
2565 1409 2802 1456 vestram
2826 1401 3094 1465 obtestor,
3139 1407 3200 1454 nt
3225 1415 3324 1470 pro
3367 1397 3530 1453 nobis
3563 1397 3694 1451 fau-

2101 1503 2214 1549 stas
2248 1509 2412 1548 voces
2455 1493 2688 1558 deferat,
2739 1501 2854 1547 tum
2887 1493 3083 1547 victori
3129 1491 3446 1562 Christique
3479 1489 3695 1545 amanti

2103 1585 2442 1655 imperatori,
2473 1598 2588 1640 tum
2608 1585 2721 1640 Deo
2749 1584 3121 1640 dilectissimze
3149 1583 3695 1655 religiosissimaque

2105 1677 2380 1748 Augustze,
2415 1694 2516 1748 pro
2555 1679 2758 1748 quibus
2800 1678 3004 1732 bonum
3043 1677 3333 1732 Dominum
3371 1676 3588 1739 invoco,
3630 1682 3697 1727 ut

2103 1766 2317 1820 ﬁrmum
2352 1767 2486 1837 ipsis
2529 1767 2820 1837 imperium
2852 1767 3146 1832 custodiat,
3183 1766 3329 1837 quod
3363 1774 3418 1822 et
3450 1765 3698 1821 subditis

2100 1859 2398 1914 clementer
2441 1860 2713 1930 proﬁciat,
2763 1871 2820 1916 et
2861 1861 3113 1915 hostibus
3153 1868 3421 1915 terrorem
3452 1859 3693 1929 injiciat,

2099 1952 2574 2022 praestabilemque
2620 1953 2879 2008 omnibus
2928 1969 3118 2023 pacem
3145 1953 3421 2008 conciliet.
3465 1951 3547 2006 Ad
3582 1951 3694 2006 hoc

2098 2044 2264 2098 etiam
2315 2044 2384 2098 ab
2411 2044 2492 2099 eis
2537 2045 2926 2114 postulandum
2964 2044 3286 2116 magnitudo
3324 2053 3506 2098 vestra
3540 2042 3688 2097 ﬂecti

2074 2151 2157 2190 'se
2204 2136 2367 2201 sinat,
2414 2146 2475 2191 ut
2500 2137 2758 2191 Ecclesia:
2791 2139 3105 2206 tempestati
3156 2136 3466 2207 perfectum
3501 2135 3689 2195 ﬁnem

2100 2229 2404 2298 imponant,
2449 2237 2504 2282 et
2552 2227 2818 2300 synodum
2876 2228 3036 2300 196
3068 2229 3387 2299 congregari
3431 2228 3689 2300 jubeant,

2101 2337 2210 2376 non
2243 2335 2438 2376 eorum
2479 2321 2701 2385 iterum,
2749 2320 2844 2390 qui
2895 2321 3220 2374 tumultuari
3274 2320 3420 2376 soliti
3463 2319 3693 2374 turbent

2101 2412 2430 2477 concilium,
2483 2411 2579 2466 sed
2637 2411 2730 2480 qui
2789 2427 2913 2465 cum
2964 2412 3150 2481 quiete
3197 2411 3438 2475 illorum,
3473 2411 3568 2481 qui
3605 2411 3692 2464 di-

2101 2506 2227 2560 vina
2258 2505 2606 2568 suntedocti,
2632 2514 2688 2560 et
2725 2505 3021 2574 apostolica
3061 2505 3312 2574 dogmata
3336 2502 3688 2568 conﬁrment,

2101 2607 2158 2653 et
2189 2599 2377 2668 spuria
2418 2607 2583 2668 atque
2623 2614 2653 2651 a
2707 2598 2941 2652 veritate
3002 2597 3180 2652 aliena
3227 2596 3499 2667 rejieiant.
3531 2616 3549 2647 ι

2169 2688 2234 2744 ν.
2281 2688 2364 2742 An
2396 2688 2779 2743 Theodoretus
2810 2689 2924 2758 ipse
2956 2687 3215 2758 Augustis
3244 2687 3448 2758 gratias
3490 2686 3688 2756 egerit.

2104 2779 2372 2832 incertum
2413 2788 2531 2843 est;
2573 2787 2783 2833 certum
2822 2777 3202 2841 nihilominus,
3235 2777 3500 2831 obtulisse
3533 2775 3694 2830 libel-

2102 2870 2215 2924 lum
2247 2885 2492 2938 precum.
2548 2869 2684 2923 Nam
2722 2869 2774 2922 in
2802 2869 3037 2923 concilio
3069 2867 3526 2930 Chalcedonensi,
3560 2881 3690 2920 cum

2102 2978 2204 3033 pro
2228 2977 2285 3017 se
2334 2961 2834 3032 interloqueretur:
2882 2962 3140 3026 «Preces,
3181 2961 3360 3030 inquit
3407 2960 3470 3024 “,
3511 2959 3692 3014 obtuli

2103 3053 2509 3118 sacratissimis,
2531 3063 2587 3108 et
2609 3052 2892 3123 piissimis,
2912 3061 2966 3108 et
2986 3051 3478 3108 Christianissimis
3494 3051 3691 3106 mundi

2102 3145 2360 3211 dominis,
2385 3155 2440 3200 et
2467 3146 2721 3200 enarravi
2750 3162 2871 3216 qua:
2911 3145 2966 3199 in
2998 3161 3084 3200 me
3117 3155 3237 3200 acta
3278 3152 3405 3199 sunt
3436 3145 3692 3209 vulnera.

2100 3251 2157 3295 et
2201 3255 2396 3310 precor
2434 3239 2533 3294 has
2573 3238 2800 3309 perlegi.
2834 3258 2852 3290 ι

2173 3333 2261 3389 Ἥ.
2296 3331 2453 3398 Quod
2477 3339 2762 3400 tantopere
2786 3329 3030 3400 optabat,
3062 3329 3115 3383 id
3139 3329 3451 3399 postulante
3473 3343 3696 3383 summo

2101 3421 2361 3496 pontiﬁce
2411 3422 2715 3493 perfectum
2740 3430 2872 3476 est:
2923 3421 3193 3491 imperiali
3242 3420 3514 3490 siquidem
3558 3433 3694 3474 san-

2103 3516 2286 3571 ctione
2334 3514 2541 3568 indicta
2581 3513 2854 3584 generalis
2907 3512 3150 3584 synodus
3187 3513 3380 3567 Nicaeae
3421 3511 3700 3583 Bithynia:

2103 3607 2170 3662 ad
2195 3606 2466 3661 Kalendas
2496 3604 2838 3675 Septembris
2858 3605 2986 3659 anni
3022 3605 3146 3660 451.
3180 3605 3380 3660 Verum
3408 3604 3542 3658 urbs
3577 3618 3696 3658 non

2103 3697 2309 3767 placuit
2341 3696 2534 3766 legatis
2584 3696 2896 3766 apostolicae
2925 3696 3120 3751 sedis:
3168 3711 3339 3765 quare
3393 3694 3462 3749 ab
3512 3695 3692 3764 impe-

2105 3798 2285 3843 ratore
2312 3789 2678 3858 impetrarunt
2706 3788 3033 3842 commutari
3071 3776 3273 3860 locum,
3299 3787 3498 3855 partim
3525 3794 3582 3839 ut
3625 3801 3696 3840 ex

2103 3878 2372 3934 viciniore
2398 3887 2623 3949 possent
2653 3877 2788 3932 certi
2818 3879 2999 3932 nuntii
3025 3878 3178 3933 ocius
3202 3879 3256 3932 in
3290 3878 3482 3932 urbem
3520 3877 3693 3941 mitti,

2104 3969 2302 4041 partim
2337 3979 2398 4024 ut
2447 3969 2712 4040 principis
2770 3969 3154 4038 propinquitas
3210 3968 3474 4022 comitum
3507 3965 3690 4035 impo-

2109 4064 2333 4120 tentiam
2377 4064 2708 4125 contineret,
2767 4069 2823 4114 et
2877 4041 3327 4115 tumultuantium
3385 4059 3696 4114 seditiones

2103 4156 2514 4226 comprimeret.

2176 4249 2287 4304 Vll.
2328 4247 2722 4304 Convenerunt
2761 4250 2928 4321 igitur
2977 4245 3380 4302 Chalcedonem
3443 4244 3694 4296 sexcenti

2103 4350 2160 4395 et
2209 4341 2430 4412 triginta
2479 4342 2709 4395 Patres:
2766 4339 3025 4395 convenit
3071 4347 3125 4391 et
3153 4337 3266 4405 ipse
3309 4334 3696 4388 'l‘heodoretus

419 4419 580 4490 digna
606 4435 799 4490 passus
821 4428 1006 4475 esset:
1046 4437 1064 4472 ‹
1087 4419 1513 4491 Magnitudinem
1560 4439 1726 4494 porro
1759 4434 1994 4480 vestram
2032 4433 2072 4488 D
2104 4435 2426 4489 nominatim
2493 4434 2796 4488 accersitus
2827 4475 2842 4498 ,
2893 4432 3097 4505 quippe
3151 4430 3243 4499 qui
3304 4427 3584 4498 pontiﬁcia
3636 4435 3696 4480 et

417 4526 538 4576 ero,
587 4520 648 4566 ut
703 4511 908 4582 gratias
949 4511 1088 4567 meis
1123 4511 1312 4568 verbis
1348 4515 1521 4583 agatis
1551 4515 1755 4571 Christi
1793 4518 1998 4572 amanti

418 4600 726 4672 victorique
784 4603 1127 4672 imperatori,
1178 4613 1234 4658 et
1297 4605 1725 4675 religiosissima:
1778 4609 2000 4679 Deoque

421 4693 792 4750 dilectissimaa
827 4695 1104 4766 Augustae,
1157 4695 1303 4766 quod
1341 4697 1432 4768 pio
1480 4697 1713 4769 imperio
1768 4701 1999 4756 validam

424 4782 666 4838 radicem
700 4784 954 4842 dederint
992 4787 1276 4857 pietatem,
1322 4788 1650 4858 illorumque
1693 4791 1998 4860 potentiam

422 4874 682 4936 cxoretis,
740 4883 800 4927 ut
844 4875 1054 4931 ﬁrmam
1108 4875 1372 4935 Ecclesiis
1420 4894 1611 4948 pacem
1661 4879 1890 4945 efﬁciat,
1946 4892 2004 4936 et

425 4964 694 5035 synodum
746 4970 1062 5040 congregari
1116 4970 1331 5040 jubeat,
1395 4987 1506 5026 non
1552 4973 2006 5029 tumultuantium

427 5072 620 5112 rursus
659 5058 942 5114 hominum
990 5062 1083 5130 qui
1131 5076 1460 5120 conventum
1509 5067 1855 5136 perturbent,
1907 5068 2001 5122 sed

425 5151 675 5205 veritatis
703 5152 1004 5206 amantium
1033 5152 1127 5220 qui
1162 5153 1465 5209 doctrinam
1503 5159 1856 5226 apostolicam
1890 5169 2003 5214 sta-

425 5239 641 5304 biliant,
698 5257 1004 5312 novamque
1049 5242 1205 5295 istam
1251 5253 1307 5297 et
1352 5244 1716 5302 adulterinam
1770 5249 2002 5304 Ineresin

427 5336 818 5388 exterminent.
849 5353 866 5386 ι

2108 4527 2255 4598 regia
2305 4527 2636 4581 auctoritate
2683 4542 2838 4580 suam
2878 4526 2930 4579 in
2975 4524 3161 4579 sedem
3195 4530 3485 4577 restitutus
3519 4530 3697 4575 esset.

2174 4618 2422 4688 Cumque
2451 4618 2538 4673 die
2566 4618 2598 4671 8
2624 4618 2880 4672 Octobris
2926 4617 3118 4672 Patres
3148 4616 3384 4684 primum
3411 4611 3694 4684 consedis-

2106 4716 2247 4772 sent,
2287 4707 2558 4762 adn'tissus
2590 4707 2705 4776 ipse
2733 4721 2952 4777 quoque
2988 4714 3072 4760 est
3098 4705 3153 4758 in
3178 4718 3517 4758 consessum.
3554 4702 3696 4755 Rem

2105 4797 2380 4867 quomodo
2417 4806 2566 4866 gesta
2611 4797 2701 4860 sit,
2735 4803 2920 4850 narrat
2947 4811 3012 4849 ex
3037 4794 3174 4849 actis
3209 4792 3429 4847 concilii
3459 4790 3694 4844 Chalce-

2106 4889 2367 4943 donensis
2398 4887 2706 4952 Facundos,
2730 4903 2826 4942 eos
2851 4887 3125 4950 refellens,
3159 4885 3254 4955 qui
3278 4883 3695 4939 Theodoretum

2105 4996 2214 5033 non
2241 4980 2345 5033 nisi
2379 4989 2571 5033 octava
2617 4979 2863 5034 sessione
2902 4978 3200 5032 admissum
3239 4985 3510 5046 putarent.
3552 4993 3568 5023 ι
3623 4974 3696 5028 Et

2107 5071 2383 5141 quomodo
2434 5071 2691 5134 refertur,
2755 5071 2936 5139 inquit
2981 5069 3045 5133 ³⁵,
3100 5069 3152 5122 in
3200 5069 3445 5139 ejusdem
3493 5066 3692 5138 synodi

2107 5161 2298 5232 gestis,
2348 5159 2495 5229 quod
2545 5160 2606 5224 lin
2654 5160 2770 5230 ipsa
2828 5161 3003 5230 prima
3047 5170 3260 5214 actione
3307 5158 3695 5213 Theodoretus

2108 5253 2250 5306 inter
2297 5252 2435 5305 alios
2478 5253 2492 5271 ⁸
2541 5251 2830 5323 episcopos
2879 5253 3042 5316 sedit,
3099 5253 3382 5306 consulatu
3429 5251 3692 5306 Marciani

2111 5342 2364 5413 Augusti,
2416 5359 2511 5396 vm
2561 5336 2688 5397 ldus
2730 5342 3003 5397 Octobris.
3037 5343 3230 5397 Annon
3286 5343 3359 5396 ihi
3395 5343 3690 5397 continen-

1767 5496 2080 5554 SCHULZII
2121 5496 2347 5554 ΝΟΤᾸΞ.

498 5585 546 5662 ἲ
581 5583 714 5662 \'itl_._
757 5584 920 5662 t._lV_,
962 5586 1122 5662 epist.
1161 5587 1281 5652 138,
1329 5587 1478 5662 14οη
1524 5590 1715 5662 "Fid.
1764 5601 1804 5645 t.
1840 5593 1928 5653 IV,
1967 5593 2128 5660 epist.
2177 5593 2298 5648 I58.
2376 5594 2420 5627 ⁸ο
2451 5595 2623 5662 Epist.
2661 5593 2780 5646 HO.
2860 5592 2899 5622 "
2934 5590 3076 5644 Edit.
3119 5590 3288 5662 prior,
3349 5591 3686 5658 nmgniﬁrus.

427 5654 474 5686 "
497 5651 735 5730 Certen“.
783 5651 1146 5724 Potitia-viro
1207 5658 1499 5725 consulari,
1555 5661 1824 5730 ὑπατικῷ.

423 5739 544 5794 cap.
582 5722 637 5783 ἴ).

1931 5665 1976 5697 ³³
2000 5663 2165 5734 Epist.
2242 5665 2359 5722 :59.

2459 5661 2656 5719 1“\‘id.
2706 5664 2837 5719 Acta
2894 5677 3049 5716 conc.
3093 5661 3278 5715 Chalc.
3396 5663 3437 5694 "
3474 5663 3596 5716 Lib-
3629 5678 3686 5728 νο
