3950 6226
262 282 353 345 149
1430 293 1797 355 HISTORIA
1831 293 2340 357 THEODORETI.

3410 291 3515 360 150

257 404 340 449 tur
369 395 484 451 inec
527 394 701 452 verba
726 394 750 452 2
774 396 1173 455 Gloriosissimi
1199 398 1416 471 iudices
1458 414 1514 454 et
1551 396 1828 468 arnplissi-
1859 399 1908 456 Α
1932 407 2154 470 guatur,
2196 400 2307 456 huc
2331 399 2545 456 utiliter
2570 398 2756 454 aﬂerri
2781 413 2943 469 posse
2970 399 3084 456 visa
3106 407 3212 457 est.
3246 401 3337 459 Sic
3366 408 3512 460 enim

256 501 371 543 mus
388 499 617 545 senatus
639 490 908 546 dixerunt
932 508 947 546 :
972 492 1319 563 lngrediatur
1339 491 1832 548 reverendissimus

255 580 538 649 episcopus
580 579 999 648 Theodoretus,
1050 594 1112 639 ut
1160 584 1234 638 sit
1283 583 1562 653 particeps
1612 581 1828 653 synodi,

255 673 374 738 quia
393 679 451 724 et
472 673 725 729 restituit
747 673 800 728 ei
828 676 1212 745 episcopatum
1239 675 1621 732 sanctissimus
1654 675 1834 729 archi-

256 763 564 832 episcopus,
609 773 670 819 et
721 768 1134 823 sacratissimus
1167 783 1230 823 ac
1264 768 1546 839 piissimus
1594 768 1833 837 impera-

255 862 336 906 tor
361 854 543 908 sanxit
562 869 695 909 eum
727 857 927 913 adesse
962 867 1164 914 sancta:
1188 860 1418 931 synodo.
1452 859 1834 914 Theodoretus

256 945 751 1002 rererendissimus
808 942 1104 1020 cp'iscOpus
1156 951 1429 1007 transiens
1476 952 1529 1006 in
1588 952 1833 1006 medium

254 1033 431 1089 dixit:
478 1037 684 1093 Preces
729 1039 912 1094 obtuli
950 1042 1340 1097 sacratissimis
1388 1052 1446 1097 et
1478 1043 1834 1098 Christianis-

255 1127 404 1181 simis
443 1128 598 1182 orbis
642 1130 911 1196 dominis,
951 1140 1008 1187 et
1055 1134 1274 1188 narravi
1325 1150 1449 1203 quae
1486 1134 1542 1188 in
1587 1149 1672 1189 me
1714 1143 1832 1188 acta

258 1227 376 1270 sunt
412 1218 665 1284 vulnera,
724 1230 781 1276 et
819 1238 1014 1292 precor
1049 1223 1149 1279 bas
1191 1225 1421 1297 pellegi.
1457 1226 1523 1281 Et
1545 1236 1667 1297 post
1693 1226 1835 1282 hanc

257 1309 496 1379 ejusdem
527 1315 981 1370 rererendissimi
1009 1316 1345 1374 Theodoreti
1366 1319 1831 1389 prosccutionem,

260 1399 759 1471 interloquentibus
794 1406 992 1461 iterum
1026 1406 1438 1477 gloriosissimis
1473 1407 1756 1479 iudicibus
1779 1418 1835 1464 et

259 1499 467 1554 senatu,
524 1494 675 1562 quod
728 1503 785 1549 et
827 1486 1243 1553 a'sanctissimo
1302 1499 1563 1570 episcopo
1620 1499 1835 1571 inclytae

262 1583 407 1638 urbis
458 1585 649 1640 Romae
683 1588 967 1657 proprium
1012 1590 1195 1645 locum
1245 1590 1547 1660 recepisset
1577 1591 1832 1646 Theodo-

262 1682 420 1738 retus,
475 1684 533 1730 et
578 1678 957 1734 testimonium
991 1681 1221 1737 haberet
1254 1681 1472 1736 Maximi
1505 1682 1832 1737 Anti‘oeheni

1935 492 2169 562 singula,
2209 492 2325 548 sive
2363 491 2642 563 adjuncta,
2693 491 2811 547 sive
2834 491 3003 547 verba
3047 493 3510 562 observabuntur,

1933 582 2169 649 facilius,
2218 597 2322 639 nea
2367 582 2487 639 sine
2530 596 2713 652 operae
2752 581 2955 653 pretio,
3002 599 3127 639 cum
3163 584 3291 641 inde
3331 587 3514 642 multa:

1937 673 2059 728 ﬁeri
2107 674 2176 729 ab
2208 674 2442 731 eruditis
2477 673 2651 729 solitae
2684 674 3018 743 quastiones
3053 692 3164 731 non
3195 692 3392 748 magno
3417 697 3512 733 ne-

1935 764 2084 836 gotio
2129 765 2433 820 solvantur.
2480 764 2572 821 Sic
2627 780 2760 837 ergo
2808 766 2938 821 Acta
2992 782 3053 823 se
3096 768 3349 825 habent:

2012 873 2031 905 ‹
2056 856 2451 912 Residentibus
2494 857 2753 912 omnibus
2795 865 2923 913 ante
2960 861 3238 916 cancellos
3277 863 3511 917 sanctis-

1933 946 2061 1002 simi
2092 947 2282 1004 altaris
2318 948 2760 1003 reverendissimi
2803 948 3045 1019 episcopi
3091 951 3466 1007 clamaverunt
3495 970 3509 1005 :

1937 1036 2287 1093 Theodoretus
2313 1039 2465 1092 modo
2495 1041 2908 1094 anathematiset
2944 1040 3268 1097 Nestorium.

2011 1148 2030 1180 ι
2061 1129 2445 1185 Theodoretus
2484 1131 2981 1187 reverendissimus
3011 1133 3305 1204 episcopus
3330 1144 3510 1189 trans-

1934 1220 2053 1276 iens
2103 1223 2158 1277 iu
2197 1221 2441 1277 medium
2467 1221 2604 1278 dixit
2638 1240 2653 1277 ε
2696 1222 2763 1277 Et
2802 1239 2975 1293 preces
3001 1224 3164 1279 obtuli
3194 1226 3514 1293 divinissimo

1934 1332 1997 1369 ac
2021 1316 2251 1385 piissimo
2282 1317 2615 1386 imperatori,
2654 1324 2701 1368 et
2737 1315 2937 1369 libellos
2992 1317 3155 1371 obtuli
3196 1320 3513 1373 reverendis-

1931 1409 2079 1461 simis
2109 1409 2358 1478 episcopis
2392 1409 2662 1479 agentibus
2696 1409 2864 1463 locum
2898 1412 3314 1467 rererendissimi
3344 1413 3514 1466 archi-

1933 1501 2159 1570 episcopi
2185 1499 2395 1565 Leonis;
2431 1508 2501 1563 et,
2535 1501 2579 1553 si
2624 1500 2759 1555 vobis
2791 1502 3023 1567 videtur;
3048 1501 3293 1573 legantur
3336 1520 3515 1557 eorum

1933 1591 2093 1655 vobis,
2129 1598 2185 1645 ut
2228 1593 2364 1645 sicut
2408 1592 2558 1661 sapio
2612 1594 2959 1663 cognoscatis.

2014 1702 2031 1733 ι
2070 1682 2533 1738 lleverendissimi
2582 1683 2827 1754 episcopi
2881 1684 3257 1740 clamaverunt
3306 1704 3320 1738 :
3375 1685 3518 1741 Nihil

259 1762 524 1834 episcopi.
583 1767 731 1837 quod
790 1769 1076 1826 catholica
1125 1771 1251 1825 fidei
1317 1780 1495 1835 esset,
1552 1772 1694 1826 sicut
1752 1773 1827 1827 ibi
1864 1743 1906 1799 Β
1940 1774 2101 1846 relegi
2142 1773 2420 1838 uolumus;
2466 1743 3043 1830 modo-anathemati“
3088 1776 3408 1832 Nestorium.

259 1854 511 1924 scriptum
551 1865 657 1921 est,
711 1858 857 1914 sedit
902 1859 957 1915 in
1001 1862 1217 1928 medio;
1267 1862 1495 1933 ipsoque
1538 1870 1827 1933 praesente,

259 1953 309 1998 et
356 1945 500 2001 inter
558 1949 698 2004 alios
726 1951 1015 2022 episcopos
1063 1954 1407 2019 considente,
1443 1956 1667 2010 recitata
1705 1965 1832 2010 sunt

261 2052 369 2106 qua:
398 2038 505 2092 sub
553 2039 820 2097 Dioscoro
846 2041 1047 2111 Ephesi
1081 2044 1301 2099 fuerant
1358 2054 1528 2115 gesta,
1572 2055 1676 2101 etc.
1720 2066 1736 2097 ι

325 2127 452 2183 Vill.
497 2127 848 2186 Obstiterunt
888 2133 984 2188 diu
1036 2136 1369 2191 tumultuose
1402 2135 1638 2208 Egyptii
1666 2137 1829 2192 simul

259 2229 307 2273 et
330 2218 621 2290 illyriciani
644 2239 711 2277 ac
739 2223 1036 2287 Palaestini.
1065 2225 1429 2283 vociferantes
1482 2228 1636 2298 rejici
1673 2228 1829 2299 197

259 2308 530 2379 Cyrillum,
574 2327 701 2365 cum
749 2314 996 2384 magistri
1032 2314 1290 2379 Nestorii,
1321 2331 1445 2371 cum
1476 2317 1698 2373 Iudaeus
1725 2320 1829 2373 im-

263 2409 517 2471 pugnator
558 2402 679 2467 Dei,
724 2418 851 2458 cum
896 2414 1185 2461 accusator
1211 2406 1419 2478 Cyrilli,
1458 2424 1582 2464 cum
1616 2413 1829 2481 recipe-

264 2504 401 2549 retur
436 2496 626 2561 homo,
677 2498 773 2568 qui
824 2499 1077 2571 iniuriam
1128 2500 1348 2557 fecisset
1398 2502 1636 2570 Christo,
1665 2521 1829 2576 quem

264 2589 393 2644 Deus
425 2600 714 2645 aversatus
740 2591 833 2657 sit,
874 2592 962 2647 cui
986 2594 1242 2650 universa
1277 2597 1517 2668 synodus
1543 2599 1831 2654 anathema

265 2678 497 2735 dixisset.
539 2680 735 2737 Posuit
780 2683 1050 2739 tumultus
1094 2685 1596 2756 interloquentibus
1625 2690 1830 2759 princi-

265 2768 430 2839 pibus,
464 2786 739 2842 suumque
762 2771 967 2839 locum,
1001 2774 1096 2829 sed
1123 2776 1245 2845 jure
1276 2777 1498 2846 quidem
1526 2778 1828 2843 liduciario,

266 2860 634 2919 Theodoretus
667 2866 867 2931 tenuit,
908 2865 1083 2923 donec
1117 2868 1331 2925 actione
1365 2879 1555 2927 octava
1587 2873 1653 2928 lis
1690 2872 1831 2945 diju-

264 2950 428 3006 dicata
464 2962 571 3007 est.

2015 1886 2033 1919 ι
2072 1865 2454 1922 Theodoretus
2483 1867 2980 1922 reverendissimus
3011 1869 3305 1939 episcopus
3328 1869 3467 1924 dixit
3501 1887 3511 1921 ε
3548 1864 3553 1867 ’

1942 1959 2052 2030 Ego
2087 1976 2181 2029 per
2228 1958 2323 2013 Dei
2375 1958 2604 2029 gratiam
2646 1959 2711 2012 ab
2753 1958 3055 2013 orthodoa'is
3094 1976 3213 2015 sum
3265 1961 3515 2025 nutritus,

1941 2059 1989 2103 et
2030 2049 2314 2105 orthodoxe
2351 2068 2470 2106 sum
2513 2051 2743 2115 edoctus,
2782 2060 2835 2104 et
2871 2051 3032 2121 198
3062 2051 3346 2105 orthodoxe
3377 2069 3515 2123 prat-

1937 2145 2146 2209 dicavi;
2208 2151 2258 2197 et
2313 2160 2417 2197 non
2465 2143 2637 2198 solum
2670 2144 2971 2198 Nestorium
3025 2152 3076 2197 et
3104 2139 3394 2213 Eutychen,
3429 2145 3520 2197 scd

1938 2244 1986 2287 et
2024 2250 2231 2289 omnem
2276 2236 2560 2301 hominem,
2592 2237 2682 2306 qui
2741 2243 2878 2289 recte
2931 2252 3034 2289 non
3081 2245 3240 2306 sapit,
3283 2252 3516 2301 eversor,

1937 2334 1987 2380 et
2030 2326 2265 2382 alienum
2299 2329 2561 2384 existimo.

2017 2433 2034 2465 ι
2061 2413 2130 2470 Ει
2170 2414 2300 2469 dum
2345 2415 2557 2472 diceret
2607 2416 2743 2482 haec,
2780 2418 3227 2472 reverendissimi
3274 2418 3516 2490 episcopi

1936 2506 2316 2563 clamaverunt
2345 2528 2358 2562 :
2395 2508 2554 2565 Clare
2586 2511 2667 2564 dic
2712 2511 2999 2565 anathema
3034 2510 3273 2564 Nestorio
3301 2518 3357 2563 et
3384 2509 3517 2580 dog-

1939 2598 2169 2653 motibus
2223 2600 2369 2670 ejus;
2404 2602 2690 2655 anathema
2715 2600 2959 2655 Nestorio
2981 2610 3029 2654 et
3053 2599 3352 2654 amantibus
3379 2616 3518 2654 eum.

2018 2708 2036 2739 ι
2079 2688 2465 2745 Theodoretus
2493 2688 2990 2745 reverendissimus
3010 2689 3304 2760 episcopus
3331 2687 3469 2744 dixit
3495 2703 3514 2744 ;

1936 2766 2070 2834 Vere
2121 2796 2224 2834 non
2263 2780 2399 2845 dico,
2457 2782 2566 2834 nisi
2619 2788 2879 2852 quomodo
2941 2783 3060 2835 noui
3112 2780 3220 2835 Deo
3280 2778 3517 2852 placere.

1939 2870 2096 2926 Prius
2126 2870 2396 2941 satisfacio
2423 2871 2584 2937 nobis,
2628 2872 2755 2942 quia
2798 2886 2964 2943 neque
2998 2871 3061 2925 de
3089 2872 3296 2926 civitate
3327 2872 3515 2943 cogito,

1941 2980 2107 3035 neque
2144 2966 2337 3019 honore
2375 2981 2502 3036 opus
2531 2964 2716 3029 habeo,
2743 2981 2911 3037 neque
2944 2965 3005 3019 ob
3038 2966 3132 3018 hoc
3183 2963 3404 3029 adveni;
3429 2965 3522 3018 sed

326 3041 413 3098 IX.
447 3044 751 3117 Benignius
782 3057 967 3104 actum
1002 3058 1085 3107 est
1114 3066 1239 3106 cum
1268 3052 1638 3120 Theodoreto,
1667 3073 1829 3126 quam
1859 3100 1902 3157 ϐ
1940 3058 2064 3127 quia
2096 3055 2421 3111 cahmmiam
2469 3073 2654 3128 passus
2704 3074 2843 3119 sum,
2899 3057 3016 3111 ueni
3063 3055 3389 3126 satisfacere,
3438 3073 3520 3110 me

327 3148 375 3157 ..ρ
419 3133 656 3157 π..--ι.ε-
698 3137 889 3157 n-_._|_
920 3139 1026 3157 ____-
1114 3149 1128 3157 -
1168 3141 1179 3153 ι
1215 3140 1239 3157 ιι
1341 3141 1376 3157 ο.
1586 3153 1595 3157 _
1638 3144 1649 3156 ο
2171 3150 2181 3157 .
2250 3149 2261 3157 .
2817 3150 2829 3157 .
2977 3151 2990 3157 -
3246 3149 3259 3157 .
3509 3151 3518 3157 .

264 3147 375 3187 cum
419 3133 662 3190 Eusebio
698 3137 1050 3209 Dorylaensi,
1077 3141 1181 3196 etsi
1215 3140 1383 3197 fuerit
1414 3159 1513 3213 par
1542 3144 1830 3215 utriusque

265 3224 498 3280 conditio
528 3244 541 3277 :
591 3226 785 3283 ambos
828 3229 976 3284 enim
1006 3241 1130 3300 post
1164 3232 1517 3302 dijudicatam
1546 3251 1612 3289 ex
1641 3237 1832 3307 appel-

264 3310 457 3372 latione
515 3333 763 3384 causam,
825 3321 1120 3376 concilium
1167 3324 1474 3379 Romanum
1516 3326 1833 3382 restituerat

262 3408 316 3464 in
350 3409 557 3465 sedem.
605 3410 914 3482 Singularis
957 3415 1145 3485 gratia:
1191 3432 1355 3471 causa
1400 3416 1525 3482 fuit,
1573 3418 1720 3489 quod
1769 3436 1831 3474 cx

266 3502 636 3558 novemdecim
690 3504 823 3560 viris
870 3504 1195 3574 illustribus,
1244 3509 1337 3580 qui
1368 3526 1467 3580 pro
1505 3510 1836 3581 imperatore

264 3593 481 3651 aderant
520 3597 756 3668 synodo,
786 3598 977 3653 decem
1006 3598 1356 3657 Theodoreto
1397 3602 1646 3658 faverent
1676 3621 1688 3657 :
1725 3612 1836 3659 tres

264 3702 322 3740 ex
340 3687 702 3758 principibus,
730 3689 1037 3755 Anatolius,
1060 3691 1413 3749 Vincomalus
1431 3704 1488 3750 et
1512 3695 1832 3766 Sporacius;

265 3790 463 3848 septem
524 3796 594 3835 ex
655 3792 873 3845 senatu,
928 3782 1261 3849 Florentius,
1310 3784 1563 3852 Senator,
1606 3788 1832 3854 Nemus,

264 3870 611 3944 Protogenes,
643 3873 989 3939 Theodorus,
1013 3875 1355 3946 Apollonius,
1385 3888 1439 3934 et
1457 3879 1831 3936 Constantius.

264 3959 594 4033 Quamquam
635 3963 873 4021 faciebat
926 3966 1093 4021 etiam
1140 3984 1239 4038 pro
1275 3970 1619 4025 Theodoreto
1665 3989 1832 4041 pecu-

264 4053 404 4110 liaris
450 4056 613 4119 ratio,
647 4058 793 4126 quod
841 4074 965 4114 cum
999 4074 1160 4113 nemo
1199 4060 1323 4131 ipsi,
1364 4062 1591 4131 perinde
1620 4080 1683 4118 ac
1713 4064 1836 4119 aliis

266 4143 458 4215 Ephesi
501 4148 788 4218 depositis,
849 4149 1184 4207 substitutus
1229 4164 1394 4217 esset,
1451 4165 1666 4225 poterat
1706 4157 1836 4211 faci-

263 4235 360 4292 lius
405 4238 461 4292 in
504 4255 830 4296 consessum
881 4242 1096 4297 admitti
1135 4242 1251 4300 sine
1297 4246 1522 4300 alterius
1552 4257 1647 4301 aut
1691 4264 1832 4317 pra:—

260 4328 457 4397 judicio
493 4342 591 4386 aut
632 4334 1003 4403 oppositione.

1935 3165 2044 3203 esse
2076 3149 2442 3213 orthodoxam,
2476 3156 2526 3202 et
2557 3166 2764 3204 omnem
2809 3150 3126 3212 hareticum,
3169 3149 3259 3219 qui
3289 3151 3518 3203 conuerti

1937 3238 2182 3304 noluerit,
2223 3239 2635 3306 anathematizo,
2684 3250 2733 3295 et
2783 3239 3081 3296 Nestorium
3120 3247 3167 3294 et
3224 3240 3516 3311 Eutychen,

1936 3337 1985 3381 et
2032 3344 2239 3381 omnem
2289 3329 2551 3382 hominem
2599 3328 2856 3383 dicentem
2900 3327 2982 3382 uel
3012 3329 3315 3398 apinantem
3387 3330 3518 3383 duos

1935 3418 2097 3487 ﬁlios,
2133 3419 2543 3473 anathematiso.

2018 3530 2035 3561 s
2072 3511 2140 3565 Et
2172 3526 2297 3566 eum
2323 3510 2554 3575 diceret,
2579 3510 3023 3567 reverendissimi
3048 3510 3289 3581 episcopi
3315 3511 3517 3567 clama-

1938 3613 2177 3660 verunt:
2205 3602 2301 3658 Dic
2346 3610 2529 3675 aperte
2582 3603 2865 3657 anathema
2908 3602 3170 3667 Nestorio,
3215 3610 3264 3655 et
3296 3602 3380 3666 iis,
3429 3604 3519 3672 qui

1937 3713 2021 3760 ea,
2068 3712 2185 3768 quo:
2226 3697 2338 3766 ejus
2386 3703 2530 3757 sunt,
2569 3696 2803 3764 sapiunt.

2015 3809 2032 3836 ι
2067 3787 2450 3844 Theodoretus
2486 3786 2975 3841 reverendissimus
3013 3788 3304 3856 cpiscopus
3335 3786 3514 3841 dixit:

1940 3882 2051 3953 Ego
2082 3882 2184 3934 nisi
2221 3895 2531 3950 exposuero,
2558 3877 2816 3951 quomodo
2848 3877 3020 3939 credo,
3053 3894 3156 3931 non
3196 3878 3329 3931 dico.
3365 3880 3519 3933 credo

1938 3982 2135 4027 autem.

2016 4084 2035 4114 ‹
2066 4067 2082 4084 ⁹
2116 4065 2180 4120 Ει
2217 4079 2341 4119 cum
2386 4063 2615 4127 diceret,
2653 4063 3094 4118 reverendissimi
3134 4064 3379 4135 episcopi
3408 4065 3509 4120 cla.

1937 4169 2226 4211 maverunt
2256 4175 2269 4209 :
2303 4156 2413 4210 Iste
2456 4157 2728 4209 liwreticus
2781 4162 2875 4216 est,
2910 4155 3006 4207 iste
3043 4153 3389 4209 Nestorianus
3419 4164 3516 4218 est,

1938 4249 2237 4301 haereticum
2286 4247 2429 4317 foras
2483 4247 2648 4301 mitte.

2020 4360 2037 4392 ‹
2067 4341 2452 4395 Theodoretus
2486 4338 2981 4393 reverendissimus
3015 4342 3307 4410 cpiscopus
3344 4341 3511 4393 dixit:

322 4421 455 4483 Cum
502 4425 721 4480 actione
742 4426 983 4482 secunda
1004 4428 1142 4483 lecta
1169 4439 1313 4483 esset
1351 4430 1610 4501 synodica
1632 4430 1831 4485 Leonis
1864 4435 1908 4492 D
1938 4434 2233 4489 Anathema
2257 4433 2495 4487 Nestorio
2524 4442 2573 4486 et
2599 4434 2666 4496 ei,
2694 4435 2782 4505 qui
2811 4450 2912 4486 non
2938 4434 3058 4487 dicit
3091 4433 3188 4486 Dei
3215 4435 3514 4503 genitricem

263 4510 425 4584 Magni
470 4516 537 4570 ad
586 4515 906 4572 Flavianum
953 4518 1017 4582 ³⁸,
1068 4519 1324 4590 illiusque
1383 4531 1491 4575 tres
1548 4523 1832 4577 sontentiai

264 4604 579 4678 illyricianis
623 4624 689 4664 ac
742 4610 1047 4666 Palaestinis
1078 4612 1203 4666 visae
1246 4623 1428 4667 essent
1472 4613 1828 4679 dubitabiles,

259 4695 461 4761 priores
500 4697 641 4752 duas
673 4697 861 4753 Actius
891 4698 1174 4761 diaconus.
1208 4702 1420 4754 tertiam
1453 4702 1833 4761 Theodoretus

259 4787 452 4858 Cyrillo
498 4791 796 4846 concinere
839 4792 1098 4846 ostendit.

327 4882 380 4938 Id
408 4898 538 4939 vero
576 4900 743 4954 quam
771 4893 985 4955 gratum
1020 4884 1283 4939 acciderit
1310 4886 1502 4949 Leoni,
1531 4888 1832 4944 ostendunt

263 4978 679 5048 expressissimis
727 4978 911 5034 verbis
940 4978 1137 5033 littera:
1166 4979 1231 5034 ad
1257 4980 1663 5034 Theodoretum
1692 4981 1830 5037 (lane

265 5079 374 5137 post
412 5071 717 5143 legatorum
765 5071 1001 5125 reditum
1037 5071 1102 5135 ³⁷,
1152 5072 1354 5141 quibus
1408 5089 1567 5126 Sillllll
1614 5073 1714 5143 ipsi
1774 5074 1828 5127 in

264 5160 447 5218 litteris
492 5163 808 5233 apostoliese
847 5163 995 5219 sedis
1032 5163 1390 5218 defendendis
1420 5166 1661 5221 studmm
1709 5182 1827 5235 grn-

270 5253 470 5309 tulatur.

329 5343 388 5399 X.
446 5346 731 5404 Actionem
780 5357 1032 5402 octavam
1094 5364 1199 5401 una
1250 5348 1362 5401 fere.
1425 5358 1589 5400 lotam
1655 5350 1829 5403 lenuit

271 5433 567 5498 Theodoreti
622 5457 816 5503 causa,
860 5456 984 5510 qum
1028 5442 1303 5507 quomodo
1354 5442 1403 5493 in
1462 5443 1607 5493 At'lis
1649 5443 1827 5493 rumi-

1943 4523 2200 4593 Virginem
2224 4522 2473 4586 Mariam,
2506 4531 2554 4574 et
2591 4524 2679 4591 qui
2703 4523 2757 4575 in
2779 4522 2907 4575 duos
2936 4521 3074 4590 ﬁlios
3099 4523 3327 4592 partitur
3353 4537 3514 4574 unum

1936 4614 2131 4669 Filium
2171 4615 2522 4684 unigenitum.
2582 4611 2692 4683 Ego
2754 4621 3007 4665 autemet
3069 4612 3192 4679 ﬁdei
3226 4610 3513 4678 deﬁnitioni

1932 4704 2234 4775 subscripsi,
2277 4712 2325 4756 et
2350 4702 2583 4773 epistola:
2617 4702 2935 4756 sanctissimi
2961 4711 3008 4753 et
3044 4701 3135 4752 Dei
3165 4701 3515 4753 amantissimi

1935 4796 2310 4866 archiepiscopi
2347 4795 2546 4849 domini
2594 4794 2798 4857 Leonis,
2838 4804 2885 4845 et
2942 4795 3014 4846 sic
3046 4795 3216 4862 sapio.
3268 4794 3334 4847 Et
3395 4800 3516 4862 post

1934 4889 2115 4942 omnia
2149 4890 2264 4943 haec
2320 4889 2456 4943 dixit
2487 4908 2498 4942 :
2535 4886 2763 4942 Salvete.

2013 4999 2031 5030 ‹
2066 4979 2454 5035 Gloriosissimi
2476 4979 2689 5049 jndiers
2721 4979 2979 5033 dixerunt
3011 5000 3021 5033 :
3053 4980 3232 5035 Omnis
3257 4982 3372 5051 jam
3413 4984 3511 5036 du-

1935 5073 2119 5126 bitatio
2150 5074 2212 5124 de
2258 5072 2573 5126 Theodoreto
2610 5073 3038 5125 rererendissimo
3063 5075 3299 5143 epist-apo
3326 5082 3398 5125 est
3432 5090 3516 5127 so-

1938 5164 2047 5217 luta
2082 5182 2097 5218 :
2144 5166 2335 5236 quippe
2389 5172 2438 5217 et
2474 5164 2772 5217 Nestorium
2814 5182 2993 5219 coram
3026 5166 3162 5219 vobis
3199 5169 3513 5220 attat/rema-

1937 5260 2136 5316 tizarit.
2185 5266 2231 5309 et
2263 5275 2293 5310 (ι
2332 5257 2664 5310 sanctissimo
2692 5266 2738 5309 et
2771 5256 2866 5309 Dei
2894 5258 3259 5310 anwutissimo
3291 5258 3512 5311 senioris

1939 5350 2079 5402 urbis
2118 5348 2298 5401 Romo:
2316 5347 2487 5400 Leone
2506 5357 2772 5417 susceptus
2804 5354 2898 5408 est,
2928 5356 2974 5398 et
3009 5345 3363 5413 deﬁnitionem
3391 5346 3515 5415 fidei

1938 5459 1969 5495 α
2002 5441 2348 5510 religiositate
2394 5448 2563 5491 vestra
2597 5438 2865 5508 prolatam
2920 5438 3140 5493 libenter
3169 5438 3415 5506 suscepit,
3466 5443 3512 5486 et

1574 5597 1623 5651 S'
1661 5597 1745 5652 ΠΕ
1763 5596 1890 5650 Lle
1936 5596 2163 5651 NOTJS.

321 5739 490 5798 “Vid.
526 5736 774 5797 Facund.
821 5734 926 5792 lib.
965 5747 1020 5797 ν,
1062 5747 1180 5801 cap.
1236 5730 1284 5783 Ii.

1366 5731 1405 5759 3'
1442 5728 1561 5783 Viti.
1609 5737 1643 5782 t.
1698 5730 1783 5793 iV,
1829 5748 1880 5800 p.
1930 5731 2061 5784 iiii?)
2097 5747 2211 5798 seq.
