3950 6226
3591 286 3615 349 1
3627 286 3698 348 πε

2204 401 2560 482 episcopatum
2572 400 2707 484 ζ
2721 401 2957 484 .;Ψι”ι“ξρές.
2974 419 3025 484 a’
3053 411 3258 484 sancto-
3287 400 3454 484 Lgonc
3471 401 3698 484 'li't-tf'ras

2196 469 2524 524 utilissimas.
2576 470 2686 525 VII.
2711 469 2787 524 De
2821 469 2957 524 Aetii
2990 470 3111 525 ﬁde.
3144 469 3279 525 νηί.
3315 470 3504 524 Scribit
3527 471 3696 525 Theo-

449 265 540 330 151
1602 280 1980 343 GARNERII

2113 284 2511 345 SSERTATIO
2550 289 2579 346 Ι
2587 334 2601 349 .

441 382 660 451 insuper
705 383 941 453 epistolae
978 392 1264 443 memorati
1303 394 1626 448 sanctissimi
1653 397 2030 466 archiepiscopi
2059 405 2101 458 Α

439 469 629 528 Leonis
665 475 989 547 subscripsit.
1021 479 1179 534 Deest
1204 483 1370 552 igitur
1396 493 1452 536 ut
1484 489 1740 541 sententia
1769 490 2014 560 profera-

439 569 529 614 tur
555 579 588 616 a
625 568 918 621 reverentia
950 575 1142 635 vestra,
1183 581 1240 624 ut
1266 571 1560 628 Ecclesium
1589 593 1741 631 suam
1770 582 2012 651 recipiat,

436 655 571 709 sicut
612 664 661 709 et
696 661 1060 715 sanctissimus
1096 662 1200 716 Leo
1256 665 1526 758 episcopus
1567 669 1846 738 judicavit.

515 763 534 796 ι
573 747 774 803 Omnes
826 752 1266 807 reverendissimi
1309 747 1550 827 episcopi
1595 756 2010 818 clama'veruut:

439 831 785 890 Theodoretus
833 838 1023 910 dignus
1060 850 1137 895 est
1178 846 1318 909 sede,
1350 845 1588 902 Ecclesia
1627 859 1891 920 pastorem
1928 872 2011 908 re-

433 926 593 995 cipiat
625 943 644 981 :
664 931 1008 984 orthodoxam
1035 933 1295 988 doctorem
1326 936 1560 993 Ecclesia
1583 944 1820 1012 recipiat,
1849 945 2009 1000 Theo-

367 1051 370 1054 ~
434 1017 648 1072 doretus
687 1021 873 1090 dignus
898 1031 975 1076 est
1001 1023 1124 1077 sede
1152 1042 1170 1079 :
1205 1027 1596 1100 archiepiscopo
1625 1031 1789 1087 Leoni
1821 1035 2011 1092 multos

433 1123 620 1162 annos.
667 1107 790 1162 Post
824 1111 987 1165 Deum
1040 1112 1144 1167 Leo
1164 1115 1426 1184 judicavit
1453 1136 1465 1173 :
1508 1121 1735 1191 populus
1762 1127 2010 1180 orthodo-

429 1216 559 1254 ωιτη
590 1203 808 1272 recipiat
845 1204 1062 1277 dignum
1099 1223 1198 1260 sua
1239 1213 1382 1262 sede.
1424 1210 1736 1268 Theodoreto
1760 1216 2010 1272 catholico

430 1290 630 1344 doctori
677 1293 932 1348 reddatur
968 1294 1226 1352 Ecclesia.

511 1401 527 1431 ι
561 1382 924 1440 Paschasinus
969 1396 1028 1440 et
1069 1387 1368 1444 Lucentius
1406 1371 1852 1451 reverendissimi
1889 1400 2006 1469 epi-

432 1472 610 1542 scopi,
645 1481 702 1526 et
723 1473 1037 1533 Bonifacius
1059 1481 1556 1543 reverendissimus
1585 1486 1892 1560 presbyter,
1926 1493 2012 1546 in-

431 1575 596 1629 super
610 1569 664 1615 et
681 1562 933 1620 Julianus
946 1568 1438 1627 reverendissimus
1452 1574 1743 1645 episcopus
1758 1576 2006 1645 Coensis,

433 1649 700 1719 habentes
724 1654 906 1711 locum
923 1658 1239 1726 apostolicae
1255 1662 1402 1717 sedis
1416 1663 1702 1721 dixerunt:
1722 1666 2006 1724 Sanctissi-

432 1757 576 1796 mum
592 1751 643 1796 et
673 1747 1019 1802 venerabilem
1040 1753 1336 1824 episcopum
1351 1755 1723 1814 Thcodoretum
1742 1765 2008 1818 sanctissi-
2037 1746 2080 1800 Β
2107 1741 2170 1824 e

377 1847 387 1856 ·
433 1849 547 1886 mus
569 1842 619 1886 et
648 1835 972 1893 beatissimus
1004 1843 1260 1899 universa
1283 1844 1533 1902 Ecclesia:
1569 1851 1839 1922 episcOpus
1865 1855 2006 1910 urbis

431 1923 610 1979 Roma:
639 1926 744 1989 Leo
795 1929 996 1985 dudum
1029 1932 1084 1985 in
1114 1939 1533 1996 communionem.
1559 1944 1823 2013 suscepit;
1871 1947 2004 2001 sicut

431 2015 620 2074 litterte
657 2018 721 2072 ab
752 2035 810 2073 eo
830 2021 899 2075 ad
919 2032 1156 2078 nostram
1185 2027 1540 2084 humilitatem
1567 2033 1778 2088 directa:
1807 2043 2005 2091 testan-

431 2113 536 2160 tur.
569 2103 626 2159 Si
653 2108 816 2178 igitur
837 2110 996 2178 ﬁdem
1025 2114 1186 2184 199
1206 2107 1538 2184 catholicam,
1563 2123 1697 2176 sicut
1722 2127 2000 2194 promittit,

429 2205 478 2248 et
503 2197 788 2253 secundum
818 2202 1124 2272 prtedictum
1168 2206 1378 2262 beatum
1434 2211 1730 2283 episcOpum
1773 2215 1999 2270 subscri-

428 2287 657 2379 ptionem
682 2289 737 2343 in
787 2294 1000 2362 proprio
1031 2293 1205 2350 libello
1235 2298 1444 2366 direxit,
1479 2310 1529 2355 et
1562 2313 1755 2360 nostra:
1785 2306 2003 2379 insuper

426 2378 717 2435 humilitati
749 2381 856 2436 alio
888 2384 1011 2437 dato
1057 2385 1232 2442 libello
1267 2395 1598 2458 monstrauit,
1644 2378 1914 2466 quoniam
1953 2408 2002 2453 et

426 2467 725 2525 Nestorium
761 2482 810 2526 et
837 2473 1107 2546 Eutychen
1136 2495 1238 2532 non
1264 2481 1436 2536 solum
1468 2487 1682 2556 scripto,
1718 2488 1808 2541 sed
1837 2496 1885 2542 et
1905 2491 1999 2546 sub

427 2563 705 2628 prazseutia
735 2565 892 2618 totius
925 2582 1193 2624 consessus
1219 2588 1308 2626 ore
1334 2576 1546 2645 proprio
1577 2579 1998 2634 anathematiza-

427 2651 518 2715 uit,
552 2652 646 2708 hoc
669 2653 872 2724 judicio
934 2661 1268 2716 sanctissima
1304 2672 1353 2717 et
1395 2669 1842 2724 venerandissima
1871 2688 2000 2742 syn-

426 2741 576 2807 odus,
610 2744 826 2814 insuper
855 2764 976 2802 vero
1019 2760 1068 2804 et
1106 2761 1286 2808 nostra
1309 2756 1580 2814 humilitas
1609 2760 1758 2815 reddi
1784 2763 1833 2816 ei
1863 2741 1992 2833 pro-

426 2833 598 2902 priam
634 2834 920 2891 Ecclesiam
967 2838 1218 2908 deﬁnivit.
1255 2862 1274 2896 ι

494 2923 588 2986 Χι.
617 2924 924 2983 Extremam
954 2929 1096 2987 hanc
1119 2933 1451 2994 Theodoreti
1499 2940 1692 2996 Patres
1736 2947 1982 3014 compel-

424 3013 590 3071 lautis
625 3033 833 3085 vocem,
857 3021 1070 3084 salvete
1094 3066 1108 3089 ,
1158 3026 1500 3098 interpretati
1545 3041 1672 3086 sunt
1709 3013 1987 3089 Severiani
2018 3074 2056 3098 ,η

426 3104 484 3160 in
513 3107 805 3166 collatione
841 3127 966 3168 cum
1013 3114 1326 3184 Catholicis,
1358 3121 1587 3190 perinde
1637 3137 1700 3178 ac
1748 3124 1793 3178 si
1846 3133 1992 3180 esset

425 3195 661 3254 hominis
717 3201 1030 3270 impositam
1091 3207 1195 3261 sibi
1243 3210 1641 3266 commutanda:
1709 3213 1996 3268 sententias

423 3290 804 3345 necessitatem
843 3293 1197 3364 indignantis,
1227 3308 1394 3369 atque
1423 3302 1495 3357 ita
1514 3302 1655 3358 facto
1688 3312 1994 3360 retractan-

424 3377 517 3442 tis,
561 3380 707 3449 quod
743 3384 912 3438 verbo
957 3386 1168 3442 diceret
1207 3406 1219 3440 :
1259 3391 1481 3447 aiebant
1529 3394 1676 3448 enim
1710 3410 1836 3449 eum
1868 3383 1993 3449 cum

423 3470 573 3527 dicto
597 3472 916 3530 discessisse
965 3493 996 3531 a
1025 3493 1308 3533 consessu.
1347 3481 1406 3536 Id
1439 3498 1606 3551 porro
1667 3484 1990 3550 efferebant,

429 3571 489 3616 ut
512 3572 757 3620 sanctam
790 3567 1059 3637 synodum
1105 3568 1453 3638 damnarent,
1511 3575 1596 3628 vel
1653 3576 1856 3645 recepti
1914 3588 1995 3630 te-

425 3667 575 3707 mere
605 3653 864 3721 hominis,
893 3659 1050 3729 cujus
1094 3659 1261 3714 dubia
1291 3669 1456 3731 atque
1481 3664 1648 3718 etiam
1702 3665 1828 3719 ﬁcta
1853 3665 1992 3722 ﬁdes

422 3750 589 3808 esset,
630 3745 716 3804 vel
738 3749 1122 3804 consensionis
1152 3765 1277 3804 cum
1320 3752 1565 3808 Nestorii
1601 3754 1912 3813 fautoribus
1937 3763 1993 3810 et

421 3833 606 3908 Cyrilli
632 3837 890 3904 inimicis,
926 3855 1065 3910 quos
1098 3844 1453 3914 suscepisset.

492 3927 649 3995 Quod
671 3930 846 3996 aiunt,
877 3931 1284 3988 Theodoretum
1319 3934 1643 3992 discessisse
1667 3953 1793 3992 cum
1821 3938 1990 4006 dicto,

423 4017 686 4074 abhorret
721 4036 752 4076 a
802 4038 971 4078 vero:
1031 4024 1290 4081 abhorret
1334 4026 1523 4093 etiam,
1559 4028 1704 4098 quod
1734 4029 1992 4085 dissimu-

424 4110 604 4166 lanter
627 4112 935 4182 professum
971 4114 1376 4171 criminantur:
1421 4133 1546 4172 nam
1595 4119 1872 4175 desertum
1923 4122 1992 4176 ab

421 4215 490 4254 eo
515 4217 624 4256 non
661 4217 780 4257 esse
808 4204 992 4259 statim
1045 4221 1382 4273 consessum,
1443 4209 1571 4264 inde
1621 4212 1992 4279 concluditur,

422 4293 568 4363 quod
616 4294 823 4349 actioni
848 4312 936 4350 xlv
963 4297 1354 4368 subscripserit
1386 4318 1398 4353 :
1432 4301 1649 4358 sincere
1677 4303 1988 4373 professum

419 4401 487 4440 ex
508 4402 574 4442 eo
617 4396 852 4453 constat,
885 4388 1031 4458 quod
1062 4405 1125 4444 ea
1160 4391 1380 4461 scripsit
1409 4392 1453 4425 ³⁸
1474 4394 1841 4462 postmodum,
1868 4411 1988 4466 qua:
2020 4403 2064 4458 D

417 4477 771 4549 purissimam
858 4479 1255 4536 incarnationis
1331 4481 1493 4546 ﬁdem
1583 4484 1982 4541 demonstrent.

422 4566 654 4639 Scripsit
682 4584 816 4624 vero
847 4586 958 4629 non
980 4586 1150 4641 pauca
1177 4571 1232 4624 in
1255 4587 1476 4627 secessu
1514 4576 1706 4644 procul
1727 4576 1982 4646 negotiis:

422 4673 600 4728 neque
626 4661 772 4715 enim
804 4660 1026 4716 videtur
1054 4661 1122 4716 ad
1155 4663 1531 4731 episcopatum
1563 4664 1816 4729 rediisse,
1847 4681 1985 4720 con-

425 4759 608 4804 tentus
632 4768 984 4823 recuperasse
1009 4753 1355 4826 dignitatem,
1378 4768 1540 4824 quam
1582 4764 1776 4824 sponte
1803 4764 1989 4825 posset

423 4839 704 4896 dimittere

1013 4955 1237 5013 CAPUT
1270 4957 1386 5012 ΧΙΙ.

420 5043 462 5096 l.
499 5043 842 5116 Theodoretus
873 5048 1284 5116 postcoucilium
1317 5051 1524 5104 recedit.
1615 5051 1678 5105 ll.
1708 5050 1984 5108 Recedeuti

489 5111 770 5181 Sporacius
798 5111 1015 5168 mandat
1053 5120 1276 5171 scribere
1305 5121 1367 5172 de
1391 5121 1690 5175 lueresibus.
1723 5122 1810 5176 Ill.
1841 5122 1984 5177 Scri-

491 5183 562 5258 bit
597 5184 824 5258 quinque
852 5184 1007 5239 libros
1039 5185 1229 5240 callide
1250 5197 1297 5241 et
1325 5190 1628 5258 artiﬁciose.
1657 5191 1746 5246 IV.
1781 5191 1984 5246 Secedit

489 5253 545 5306 iu
581 5253 937 5320 solitudinem,
969 5272 1060 5309 nec
1089 5257 1308 5311 otiatur.
1336 5259 1398 5312 V.
1432 5253 1651 5314 Videtur
1689 5264 1987 5332 deposuisse

2193 540 2406 611 doretus
2464 540 2712 594 adversus
2755 540 2812 593 id
2860 540 2999 611 quod
3043 540 3106 594 de
3164 540 3313 594 Aetio
3353 542 3693 611 jactubatur.

2190 608 2277 661 lx.
2301 607 2367 663 Et
2397 611 2801 663 commentarios
2832 607 2887 663 in
2925 608 3319 666 Octateuchum.

2511 700 2589 772 Ab
2615 713 2743 749 anno
2775 699 2956 751 Christi
2981 699 3065 748 451
3091 700 3153 749 ad
3180 699 3288 750 458.

2187 811 2226 863 1.
2256 808 2385 875 Quae
2408 818 2532 878 post
2583 809 2825 864 solutum
2859 807 3151 863 concilium
3202 809 3388 879 gessit,
3431 825 3538 864 non
3575 820 3692 866 tam
3743 849 3748 852 -

2114 903 2346 956 fortasse
2371 901 2426 954 in
2451 900 2690 954 obscuro
2715 899 2909 962 latent,
2932 913 3094 968 quam
3123 898 3393 954 Baronius
3433 899 3692 954 Sirmun-

2113 992 2328 1060 ilusque
2370 990 2470 1045 rati
2513 1000 2640 1044 sunt
2670 1007 2682 1042 :
2712 1004 2839 1043 nam
2878 999 2934 1046 et
2980 1003 3147 1057 opera
3179 989 3290 1044 duo
3337 990 3686 1060 conscripsit,

2112 1078 2581 1150 praestantissimis
2627 1077 2938 1148 quibusque
2968 1077 3249 1146 prioribus
3285 1078 3468 1147 paria;
3501 1089 3558 1134 et
3589 1079 3689 1134 lit-

2114 1182 2258 1227 teras
2289 1170 2442 1226 dedit
2491 1170 2810 1240 aecepitque
2860 1168 2986 1223 ﬁdei
3043 1184 3156 1226 sua:
3209 1177 3410 1235 testes;
3463 1179 3519 1224 et
3557 1184 3687 1226 eam

2112 1264 2271 1318 iuivit
2301 1263 2570 1318 rationem
2594 1261 2741 1325 vitae,
2791 1275 2898 1330 qua
2927 1259 3230 1330 superioris
3265 1260 3527 1330 temporis
3562 1275 3684 1316 ma-

2110 1354 2263 1409 culas
2285 1352 2597 1421 abstergere
2626 1350 2829 1420 potuit,
2861 1349 3169 1422 dignusque
3195 1350 3449 1418 evadere,
3485 1351 3578 1422 qui
3616 1351 3687 1406 ﬁ-

2110 1459 2234 1499 nem
2270 1443 2387 1497 suis
2421 1440 2594 1496 initiis
2638 1441 2801 1516 plane
2853 1439 3192 1496 admirandis
3239 1457 3541 1512 congruum
3583 1443 3688 1514 ha-

2110 1537 2294 1592 buisse
2323 1535 2520 1593 merito
2545 1533 2790 1589 creditus
2821 1533 2912 1588 sit.

2178 1631 2371 1688 Statim
2395 1631 2561 1701 igitur
2582 1638 2804 1701 peracta
2830 1628 3060 1702 synodo,
3081 1629 3358 1701 proripuit
3380 1646 3499 1686 sese
3515 1629 3685 1687 Chal‘

2173 1726 2338 1786 done,
2382 1723 2500 1778 sive
2530 1722 2693 1793 200
2707 1721 2994 1777 turbarum
3019 1729 3306 1792 pertazsus,
3332 1737 3469 1792 quas
3489 1722 3684 1793 fugere

2101 1817 2211 1887 jam
2235 1830 2335 1885 per
2361 1814 2562 1869 famam
2589 1813 2824 1869 licebat:
2851 1812 2965 1868 sive
2994 1812 3046 1868 id
3067 1828 3281 1884 passus,
3307 1812 3455 1883 quod
3483 1813 3683 1869 huma-

2105 1907 2257 1961 nitus
2282 1904 2553 1975 contingit
2573 1905 2775 1960 excelsi
2809 1904 2977 1959 animi
2997 1903 3156 1970 viris,
3183 1903 3389 1974 quibus
3409 1903 3548 1959 nihil
3590 1908 3681 1958 in-

2106 1997 2452 2054 tolerabilius
2484 2003 2784 2068 conspectu
2837 1995 3122 2052 hominum
3181 2011 3293 2052 suae
3338 1996 3681 2066 paenitentiae

2109 2089 2353 2144 testium.

2171 2179 2236 2233 ll.
2272 2177 2511 2234 Abeunti
2549 2176 2906 2247 Sporaoius"
2936 2217 2952 2243 ,
2986 2191 3131 2234 unus
3168 2176 3236 2232 de
3287 2175 3680 2232 illustrissimis

2096 2269 2397 2341 judicibus,
2421 2278 2477 2324 et
2505 2267 2779 2340 singulare
2802 2267 3135 2324 Theodoreti
3156 2267 3492 2339 praesidium,
3518 2283 3679 2322 man-

2101 2361 2287 2416 datum
2307 2361 2458 2416 dedit
2481 2360 2550 2417 de
2568 2359 2890 2431 explicanda
2918 2359 3304 2415 hatreticarum
3331 2358 3670 2421 fabularum.

2099 2461 2369 2524 quotquot
2397 2452 2466 2507 ab
2504 2461 2630 2507 ortu
2668 2450 2925 2506 Ecclesia:
2971 2451 3324 2514 exstiterunt,
3361 2449 3680 2506 diﬁ‘erentia

2098 2543 2437 2614 singulisque
2468 2541 2864 2616 catholicorum
2895 2542 3208 2612 dogmatum
3242 2542 3474 2596 veritate
3502 2557 3678 2611 oppo-

2096 2634 2298 2690 nenda.
2353 2635 2411 2690 Id
2442 2634 2758 2706 eﬂlagitavit
2807 2634 3020 2690 scilicet
3057 2634 3142 2688 vir
3183 2637 3447 2704 Optimus,
3492 2636 3584 2690 et‘
3615 2635 3675 2690 in

2097 2729 2290 2798 paucis
2317 2727 2646 2791 catholicus,
2678 2743 2790 2782 non
2819 2734 2926 2781 tam
2955 2727 3092 2798 quod
3117 2737 3349 2799 cuperet,
3375 2735 3437 2781 ut
3475 2727 3678 2780 scribit

2097 2817 2498 2882 Theodoretus,
2517 2819 2669 2882 scire,
2697 2833 2816 2888 qua:
2843 2820 3092 2889 utrinque
3129 2828 3279 2872 extra
3312 2820 3447 2872 viam
3473 2825 3674 2870 rectam

2097 2919 2302 2964 novata:
2336 2911 2442 2962 sint
2463 2910 2681 2973 semitm,
2715 2925 2942 2978 quarum
2970 2910 3091 2978 ﬁnis
3116 2918 3189 2964 est
3214 2911 3524 2966 barathrum
3545 2924 3672 2980 per-

2095 3000 2306 3053 ditionis
2327 3039 2342 3064 ,
2388 3014 2549 3068 quam
2579 3007 2640 3052 ut
2661 2998 3010 3054 Theodoreto
3041 2999 3195 3055 daret
3215 3001 3558 3056 occasionem
3581 3005 3674 3052 at-

2093 3106 2200 3160 que
2231 3091 2394 3144 etiam
2425 3090 2811 3144 necessitatem
2864 3089 2989 3146 ﬁdei
3026 3106 3139 3146 sum
3197 3099 3280 3145 tot
3325 3090 3680 3162 argumentis

2091 3180 2408 3253 probandae,
2433 3187 2568 3250 quot
2590 3180 2828 3235 haereses
2854 3181 3180 3250 exponendo
3205 3183 3504 3238 damnaret.

2165 3271 2253 3326 Ill.
2276 3270 2424 3340 Opus
2446 3270 2570 3335 hoc,
2594 3286 2702 3324 non
2728 3271 3058 3327 laboriosius
3090 3288 3254 3342 quam
3285 3272 3670 3339 artiﬁciosius,

2095 3361 2253 3416 libris
2279 3361 2521 3431 quinque
2545 3361 3065 3431 comprehenditur;
3102 3362 3292 3431 ipsum.
3323 3378 3454 3417 vero
3481 3363 3672 3417 Theo-

2094 3455 2322 3510 doretus
2364 3455 2709 3510 elucubravit
2736 3470 2882 3509 anno
2901 3455 3025 3521 452,
3084 3455 3180 3510 sed
3236 3455 3412 3510 edidit
3449 3463 3674 3512 tantum

2093 3557 2362 3614 sequente
2397 3563 2409 3598 :
2441 3545 2786 3600 elucubratio
2809 3545 2955 3600 enim
2977 3554 3101 3616 post
3140 3547 3459 3610 concilium,
3493 3547 3672 3602 editio

2093 3646 2216 3706 post
2251 3637 2598 3692 consulatum
2631 3635 2901 3705 Sporacii,
2944 3636 3166 3691 accidit.
3213 3636 3520 3692 Concilium
3560 3653 3669 3692 au-

2093 3734 2202 3781 tem
2246 3728 2334 3781 die
2373 3723 2549 3798 prima
2574 3727 2906 3782 Novembris
2941 3742 3087 3782 anno
3120 3727 3217 3782 451
3280 3727 3492 3782 ﬁnitum
3543 3739 3668 3794 est;

2092 3817 2409 3874 consulatus
2437 3816 2682 3887 Sporacii
2711 3816 2968 3873 Kalendis
2992 3817 3236 3872 Januarii
3269 3833 3413 3871 anno
3444 3817 3549 3873 452
3575 3817 3669 3872 in-

2093 3908 2324 3964 choatus
2353 3917 2458 3962 est.

2163 3999 2518 4054 Laboriosum
2541 3998 2652 4053 dixi
2673 4010 2836 4069 atque
2853 3999 3207 4056 artiﬁciosum
3236 4017 3404 4072 Opus:
3424 4007 3668 4071 quantus

2090 4089 2238 4143 enim
2266 4088 2421 4143 labor
2450 4088 2738 4159 ponendus
2755 4088 2858 4142 fuit
2878 4089 2932 4143 in
2955 4090 3273 4146 evolvendis
3300 4089 3672 4160 scriptoribus

2093 4177 2188 4247 qui
2218 4177 2273 4231 in
2316 4177 2468 4231 illum
2512 4193 2686 4249 usque
2740 4178 2885 4232 diem
2939 4180 3222 4237 catholicze
3269 4180 3394 4236 ﬁdei
3441 4195 3667 4236 causam

2092 4276 2282 4323 contra
2335 4269 2572 4324 haereses
2631 4269 3044 4326 defenderant?
3094 4272 3201 4327 Sed
3248 4282 3466 4342 quantas
3523 4273 3669 4327 artis

2091 4370 2214 4415 erat
2237 4362 2302 4427 ⁸ο,
2355 4377 2628 4431 quamque
2659 4361 2889 4427 callidae,
2922 4363 2995 4417 ita
3026 4364 3093 4418 de
3144 4364 3374 4434 singulis
3395 4363 3665 4428 scribere,

2091 4459 2153 4505 ut
2173 4450 2507 4520 quilegeret,
2538 4451 2738 4506 sensim
2769 4452 2887 4506 sine
2919 4469 3083 4508 sensu
3105 4471 3204 4523 per
3228 4470 3286 4509 se
3308 4455 3426 4524 ipse
3456 4453 3670 4508 invidia

2089 4542 2470 4596 consensionis
2497 4557 2622 4596 cum
2660 4542 2934 4598 haereticis
2964 4555 3219 4601 oneraret
3248 4545 3413 4599 unius
3450 4553 3670 4599 natura:

2091 4632 2256 4687 Verbi
2286 4632 2578 4687 incarnatus
2609 4632 2948 4695 defensores,
2989 4635 3252 4689 liberaret
3275 4635 3503 4689 duarum
3529 4651 3665 4703 pro-

2093 4732 2452 4793 pugnatores;
2486 4723 2537 4777 id
2595 4733 2700 4788 est,
2750 4733 2811 4779 ut
2854 4735 3012 4779 erant
3037 4737 3303 4796 tempora,
3363 4734 3458 4779 aut
3507 4733 3666 4779 certe

2087 4813 2278 4882 opinio
2318 4814 2488 4884 vulgi,
2535 4824 2822 4870 accusaret
2845 4815 3130 4888 Cyrillum,
3185 4817 3494 4872 absolveret
3545 4815 3665 4870 Ne-

2087 4902 2350 4956 storium!

2157 4992 2351 5046 Mirum
2377 5008 2510 5049 vero
2536 5005 2638 5059 est,
2671 4996 2990 5061 discrimen,
3025 5014 3136 5067 quo
3168 4997 3432 5052 catholica
3455 4996 3668 5053 veritas

2088 5083 2157 5136 ab
2204 5085 2467 5139 extremis
2508 5085 2726 5141 duobus
2779 5089 3066 5143 erroribus
3115 5088 3492 5160 distinguitur,
3533 5106 3667 5145 cum

2091 5188 2271 5242 neque
2305 5186 2450 5228 esset
2482 5177 2778 5231 admodum
2813 5186 3001 5243 tenue,
3056 5195 3237 5248 neque
3271 5179 3429 5233 valde
3460 5179 3668 5233 obscu-

2093 5281 2239 5329 rum,
2263 5266 2488 5321 latuisse
2521 5276 2702 5323 tamen
2742 5268 3075 5323 Theodoreti
3111 5271 3339 5337 oculos;
3372 5271 3468 5326 sed
3517 5287 3667 5326 non-

1721 5379 2027 5438 SCHULZII
2068 5381 2295 5438 ΝΟΤᾸΕ.

492 5481 536 5512 ³⁸
561 5479 916 5570 ξαηειίνὶρρὶτ,
977 5497 1106 5570 etc-.8
1139 5487 1343 5570 florum
1400 5491 1701 5570 imm-emo:
1741 5493 1911 5570 fuisse
1948 5493 2176 5570 videtur
2219 5496 2538 5561 Garnerius,
2572 5513 2700 5570 cum
2737 5515 2799 5552 ea
2852 5500 3136 5562 scriberet,
3169 5515 3289 5569 quae
3331 5501 3507 5568 capite
3535 5517 3669 5570 pro-

423 5552 567 5630 ximo
591 5551 698 5631 ἐξ,
735 5551 985 5631 legimus.
1063 5559 1106 5589 ³⁵³
1144 5559 1265 5631 Vid.
1301 5561 1459 5631 Prrzef.
1501 5562 1596 5614 lib.
1653 5561 1846 5615 liceret.
1884 5564 1989 5631 fab.

2068 5564 2112 5595 ‘0
2138 5564 2395 5640 QttattltL’,_
2421 5574 2526 5640 etc.
2571 5568 2895 5640 lilirttnrest,
2931 5570 3070 5624 hanc
3097 5564 3335 5624 fabulam
3368 5564 3504 5640 adeo
3535 5564 3665 5640 'pla-~

423 5620 601 5708 fuisse
628 5620 915 5708 Gaffiot-io,
942 5634 1000 5708 ut
1039 5641 1158 5682 eam
1204 5629 1256 5708 in
1296 5630 1427 5683 diss.
1456 5631 1510 5688 2,
1540 5647 1658 5699 cap.
1691 5631 1743 5694 6,
1786 5620 1893 5701 ξὲξ
1927 5620 2174 5702 repetere
2214 5651 2318 5689 non
2367 5620 2714 5692 dubitaverit.
2752 5620 2921 5703 Quam
2951 5640 3122 5695 aliena
3159 5640 3224 5695 sit
3254 5656 3283 5694 a
3312 5639 3427 5696 veri
3452 5620 3662 5708 spc'cic.

421 5688 630 5762 lttigius
658 5693 854 5764 aliique
886 5694 1089 5751 dudum
1121 5700 1442 5769 probarunt.
