3950 6226
114 5480 119 5511 l

251 266 343 334 153
1412 266 1772 328 HISTORIA
1809 267 2314 330 THEODORETI.

3378 271 3484 338 154

248 374 368 430 dum
387 378 661 428 exuerant
706 379 885 427 totum
931 371 1065 427 illud
1095 386 1369 426 venenum
1416 370 1814 426 incredibiliter
1844 375 1886 429 A
1917 380 2099 437 cutus,
2123 374 2270 444 quod
2305 374 2436 429 olim
2465 374 2760 432 Sabiniano
2789 380 3093 449 gratulatus
3131 381 3332 445 erat“,
3356 398 3481 437 cum

247 465 458 528 subtile,
497 462 651 532 quod
692 477 853 517 amor
895 463 1081 534 gloriae
1135 473 1193 518 et
1247 463 1483 534 superba
1525 462 1812 522 hominum

164 570 167 571 '
247 555 537 613 reverentia
567 570 680 610 non
708 571 842 609 raro
864 555 1131 610 suﬁ’undit
1155 574 1168 609 :
1196 555 1249 609 id
1267 554 1413 625 quod
1436 555 1616 611 adhuc
1643 555 1815 610 hare-

243 647 353 712 bat,
403 661 655 702 secessus
713 647 773 701 in
818 642 1230 711 monasterium,
1283 646 1475 716 procul
1527 646 1811 700 hominum

244 739 543 808 colloquiis,
578 737 871 804 discussit;
900 753 1012 792 non
1035 746 1214 793 tamen
1244 745 1421 793 totum
1444 747 1689 808 repente,
1714 737 1811 793 sed

245 830 501 902 paulatim
552 844 657 899 per
693 839 884 900 partes
918 847 930 882 :
984 828 1121 883 adeo
1155 829 1265 884 alte
1315 829 1591 884 insederat
1628 830 1812 883 animo

244 921 575 978 Theodoreti
633 921 911 991 cupiditas
938 921 1144 992 gloriae,
1191 936 1301 990 qua
1327 921 1491 976 vellet
1531 919 1681 975 credi
1710 934 1809 990 po-

244 1012 408 1069 tuisse
441 1009 712 1083 Cyrillum
739 1011 1039 1067 Orientalis
1063 1012 1326 1068 Ecclesiae
1353 1012 1616 1067 eximium
1663 1012 1804 1066 anti-

244 1103 419 1158 stitem
455 1102 529 1157 ab
553 1101 751 1159 haeresi
794 1100 1116 1172 Apollinarii
1166 1102 1235 1157 ad
1281 1102 1445 1158 fidem
1486 1102 1810 1158 catholicam

242 1194 588 1263 compellere.

308 1283 486 1352 Atque
535 1282 657 1338 haec
703 1297 871 1338 causa
903 1284 1028 1349 fuit,
1070 1299 1172 1340 cur
1211 1298 1531 1354 nunquam,
1579 1300 1645 1339 ex
1698 1301 1810 1355 quo

244 1370 471 1439 primum
502 1378 771 1439 coeperat,
798 1371 1078 1429 destiterit
1130 1374 1387 1429 insectari
1431 1373 1667 1443 capitula
1697 1392 1710 1427 :
1741 1389 1808 1429 ea

246 1462 392 1531 201
424 1463 573 1517 enim
608 1463 1023 1533 impugnatione
1072 1473 1335 1535 perpetua
1382 1465 1706 1521 effecturum
1747 1479 1808 1518 se

244 1553 509 1621 sperabat.
548 1563 614 1609 ut
637 1570 794 1610 suam
828 1571 1018 1610 omnes
1044 1555 1100 1610 in
1130 1556 1380 1612 doctrina
1418 1558 1805 1620 constantiam,

242 1641 417 1713 Cyrilli
446 1645 898 1712 inconstantiam,
921 1647 1256 1717 alteramque
1275 1648 1505 1702 alterius
1522 1647 1806 1703 victricem

244 1741 619 1801 agnoscerent.
671 1734 787 1789 Nec
820 1749 947 1790 eum
983 1749 1083 1789 sua
1109 1750 1236 1806 spes
1267 1734 1503 1791 fefellit:
1539 1737 1811 1806 siquidem

243 1822 470 1891 capitula
525 1832 585 1878 et
620 1809 740 1885 suis
793 1830 852 1879 et
904 1825 1298 1881 catholicorum
1339 1827 1610 1896 pluribus,
1645 1829 1811 1884 etiam

248 1914 628 1980 sanctissimis,
679 1925 933 1986 suspecta
965 1932 1086 1971 esse
1123 1917 1429 1988 persuasit;
1469 1925 1640 1985 atque
1682 1919 1812 1975 inde

246 2005 459 2070 factum,
490 2016 555 2063 ut
582 2007 652 2063 de
685 2008 822 2079 ipsis
844 2009 1028 2064 nullus
1056 2009 1223 2071 fuerit
1247 2026 1427 2080 neque
1450 2012 1592 2067 inter
1612 2012 1806 2068 ineun-

247 2094 358 2151 ϐίω
378 2096 755 2152 Ecclesiarum
777 2114 988 2167 pacem,
1017 2115 1195 2169 neque
1229 2100 1287 2156 in
1312 2102 1550 2158 concilio
1575 2102 1810 2161 Chalce-

247 2186 489 2250 donensi.
516 2204 699 2258 neque
722 2189 777 2243 in
804 2189 999 2258 quinta
1025 2191 1256 2262 synodo,
1274 2192 1380 2249 nisi
1409 2209 1476 2248 ex
1497 2195 1807 2261 occasione,

247 2291 435 2336 sermo.

309 2368 391 2424 iV.
418 2369 744 2439 Cuiusmodi
790 2370 961 2426 fuerit
994 2371 1304 2429 secedentis
1337 2374 1596 2439 solitudo,
1624 2384 1811 2431 narrat

250 2459 350 2529 ipse
369 2460 566 2515 Joanni
608 2477 937 2517 teconomo:
973 2482 992 2515 ‹
1030 2464 1183 2529 Mihi,
1226 2466 1492 2536 inquit“,
1517 2477 1675 2538 grata
1720 2477 1809 2522 est

250 2552 410 2621 quies,
438 2562 496 2607 et
524 2553 640 2608 vita
666 2554 820 2608 curis
867 2555 1076 2621 libera;
1106 2567 1401 2628 propterea
1444 2572 1574 2613 sane
1602 2568 1658 2613 et
1684 2576 1808 2615 mo--

250 2641 462 2696 nasterii
499 2642 800 2698 atriensem
824 2644 1049 2714 ianuam
1105 2645 1376 2712 obstruxi,
1418 2656 1476 2702 et
1503 2649 1805 2704 amicorum

246 2733 651 2803 congressiones
705 2733 910 2789 devito.
940 2754 959 2787 ι
1010 2735 1154 2802 Quin
1206 2739 1374 2793 etiam
1418 2753 1449 2793 a
1498 2739 1808 2797 scribendis

247 2822 453 2887 litteris,
489 2823 833 2895 edendisque
874 2826 931 2880 in
953 2828 1235 2897 publicum
1267 2831 1594 2889 tractatibus
1639 2832 1809 2888 absti-

247 2929 366 2970 nere
408 2922 705 2982 statuerat,
739 2933 810 2972 ne
847 2917 981 2987 quid
1024 2929 1284 2975 avocaret
1311 2921 1554 2977 animum
1598 2940 1659 2979 se
1692 2924 1803 2980 frui

247 3008 525 3072 volentem,
547 3017 609 3064 et
622 3023 808 3064 rerum
831 3008 1141 3065 divinarum
1156 3010 1309 3068 sitim
1326 3012 1544 3084 explere
1561 3014 1800 3072 avidum:
1831 3043 1875 3101 ο

248 3115 344 3156 non
374 3100 497 3155 ideo
520 3109 710 3156 tamen
731 3100 988 3171 deposuit
1011 3117 1231 3159 omnem
1250 3106 1433 3176 gregis
1454 3122 1670 3173 curam;
1707 3110 1803 3164 sed

249 3199 301 3246 ut
328 3202 442 3248 erat
459 3194 860 3249 monasterium
886 3208 1055 3264 prope
1071 3194 1300 3266 Cyrum,
1334 3197 1408 3251 ita
1442 3197 1670 3253 vacabat
1693 3198 1806 3253 sin-

248 3284 373 3353 gulis
391 3284 562 3339 rebus
581 3285 964 3354 providendis,
993 3286 1183 3342 saltem
1204 3287 1527 3357 majoribus,
1552 3304 1719 3357 quam
1744 3299 1806 3344 ut

249 3388 276 3427 a
301 3375 712 3446 chorepiscopis
760 3376 1000 3443 duobus,
1045 3377 1278 3449 Hypatio
1319 3387 1375 3434 et
1407 3379 1687 3442 Abramio,
1718 3383 1804 3453 agi

249 3472 476 3532 possent.

305 3556 365 3612 V.
387 3557 520 3627 Non.
549 3564 757 3614 temere
783 3567 966 3615 tamen
995 3561 1265 3632 quispiam
1293 3563 1589 3632 putaverit,
1613 3564 1795 3619 Theo-

248 3646 483 3702 doretum
506 3648 763 3704 abdicato
782 3650 1099 3722 episcopatu
1125 3653 1358 3708 alterum
1379 3654 1484 3709 sibi
1510 3670 1542 3711 e
1564 3655 1802 3720 duobus,

249 3740 523 3811 Hypatium
552 3742 788 3808 scilicet,
835 3744 1207 3812 substituisse,
1242 3761 1412 3817 seque
1454 3756 1626 3802 totum
1662 3748 1803 3803 scri-

248 3830 426 3887 bendis
456 3833 639 3900 libris,
691 3843 788 3889 aut
815 3837 1131 3906 repetendis
1180 3837 1362 3909 potius
1396 3840 1640 3909 pristina:
1676 3841 1805 3896 vita

248 3923 498 3994 religiosae
515 3926 1012 3987 exercitationibus
1033 3928 1273 3985 dedisse.

305 4014 451 4070 Hauc
469 4006 790 4087 Opinionem
821 4019 1017 4075 suadet
1043 4021 1305 4091 primum,
1330 4022 1478 4092 quod
1508 4023 1798 4092 episcopa-

247 4111 323 4157 tus
348 4104 509 4159 taadio
538 4120 597 4160 se
633 4106 833 4171 teneri,
882 4108 1075 4163 saltem
1121 4110 1306 4165 studio
1337 4126 1449 4164 non
1494 4110 1793 4165 admodum

244 4194 387 4259 adici,
416 4212 560 4267 saepe
580 4206 815 4253 testatus
848 4199 923 4253 sit
952 4200 1033 4265 “;
1071 4216 1245 4271 eaque
1271 4202 1438 4255 animi
1461 4202 1679 4257 all'cctio
1703 4202 1803 4257 de-

244 4286 411 4343 buerit
432 4304 555 4344 esse
579 4298 741 4350 tunc,
784 4305 912 4346 cum
938 4301 1124 4348 essent
1174 4293 1488 4349 turbulenta
1529 4303 1798 4364 tempora,

244 4378 612 4435 vehementior
658 4388 825 4450 atque
857 4380 1150 4439 efﬁcacior.
1186 4382 1339 4437 Adde
1383 4382 1531 4452 quod
1578 4383 1797 4437 Maximi
1834 4376 1875 4429 D

234 4470 921 4543 Aatiochenipatriarchaa,
951 4488 1116 4543 quem
1145 4473 1439 4529 Dioscorus
1468 4474 1641 4529 hostis
1667 4491 1801 4529 suus

244 4563 569 4632 praefecerat,
593 4564 893 4620 amicitiam
918 4566 1098 4622 colere
1117 4582 1226 4621 non
1250 4566 1408 4622 facile
1437 4578 1639 4636 posset.
1659 4566 1798 4633 Quid

244 4657 377 4723 quod
402 4657 707 4727 provincia:
738 4658 980 4729 synodis,
1018 4672 1049 4712 a
1068 4658 1272 4727 quibus
1299 4658 1489 4713 abesse
1515 4675 1625 4713 non
1664 4659 1798 4714 lice-

247 4745 329 4800 bat
372 4749 670 4818 episcopis,
708 4764 837 4805 cum
890 4748 1151 4805 tractoria
1206 4758 1553 4813 vocarentur,
1608 4758 1801 4819 optan-

248 4835 365 4892 dum
401 4856 512 4893 non
562 4850 685 4894 erat
729 4840 1001 4897 interesse
1032 4840 1262 4906 homini,
1299 4840 1386 4895 cui
1421 4840 1548 4895 inde
1595 4848 1802 4895 structa

250 4928 362 4984 alim
404 4929 579 4986 luerat
610 4932 796 5002 gravis
836 4932 1112 4987 accusatio
1144 4949 1160 4997 ;
1213 4943 1269 4986 et
1316 4932 1403 4986 cui
1433 4932 1805 4986 tribuerentur

253 5031 416 5085 porro,
444 5029 675 5090 propter
707 5022 1003 5076 collectam
1052 5038 1118 5077 ex
1158 5022 1320 5092 longo
1368 5022 1703 5091 opinionem,
1749 5021 1795 5074 si

252 5123 357 5175 sine
381 5112 567 5167 ﬁerent
590 5113 645 5166 in
670 5113 738 5168 iis
765 5114 854 5167 vel
881 5113 1113 5183 imperio
1143 5114 1225 5167 vel
1256 5114 1512 5168 Ecclesiae
1537 5114 1745 5182 ingrata
1781 5129 1793 5165 :

1918 463 2242 521 invidiosam
2264 467 2584 525 cathedram
2628 470 2959 540 reliquisset.
2994 472 3240 541 Denique
3279 473 3332 527 id
3373 488 3482 528 non

1916 556 2151 612 obscure
2177 558 2291 627 ipse
2320 559 2522 626 innuit,
2574 576 2699 615 cum
2730 562 3050 632 prmfaretur
3074 564 3129 617 in
3152 565 3485 633 posteriores

1915 646 2238 703 Octateuchi
2282 652 2743 720 commentarios;
2777 654 3069 725 Hypatium
3122 657 3271 710 enim
3299 658 3486 725 operis

1915 738 2251 808 suscipiendi
2278 741 2615 798 incentorem
2653 746 2728 799 ita
2767 747 3061 815 compellat
3098 748 3198 801 ﬁlii
3236 750 3481 813 nomine,

1913 839 2140 899 propter
2160 840 2400 897 aetatem,
2424 845 2484 889 ut
2515 837 2902 891 auctoritatem
2934 838 3177 893 revereri
3212 839 3501 905 videatur,-

1912 929 2136 989 propter
2159 920 2497 992 dignitatem.

1983 1009 2071 1064 Vl.
2096 1010 2156 1065 ln
2184 1012 2290 1066 hoc
2308 1027 2527 1069 secessu
2557 1015 2839 1086 accepit“
2871 1032 2903 1072 a
2947 1028 3136 1074 sancto
3176 1020 3360 1076 Leone
3392 1021 3497 1075 litv

1913 1110 2076 1165 teras,
2109 1101 2313 1171 quibus
2362 1103 2607 1173 pontifex
2637 1122 2882 1162 amorem
2932 1108 2986 1163 in
3012 1110 3358 1179 gratulando,
3388 1128 3485 1182 pa-

1913 1200 2130 1245 ternum
2160 1191 2421 1249 affectum
2439 1194 2493 1248 in
2521 1196 2888 1261 exhortando,
2915 1199 3297 1254 auctoritatem
3322 1202 3482 1271 ΜΞ

1912 1282 1969 1337 in
2007 1283 2203 1339 dandis
2248 1285 2519 1341 mandatis
2551 1287 2811 1342 ostendit.
2848 1287 3164 1345 Gratulatur
3190 1291 3328 1346 tria:
3367 1294 3484 1361 pri-

1911 1388 2083 1439 mum,
2110 1374 2395 1430 victoriam
2420 1376 2487 1431 de
2514 1377 2840 1434 Nestoriana
2865 1378 3168 1448 impietate,
3190 1382 3484 1454 Eutychia—

1916 1478 1988 1521 ua
2052 1465 2296 1529 vesania,
2348 1466 2507 1520 hoste
2558 1467 2855 1535 Dioscoro;
2890 1468 3144 1535 alterum,
3203 1471 3499 1541 dignitatis

1912 1555 2319 1611 restitutionem
2371 1558 2594 1613 concilii
2644 1560 2959 1616 sententia'
3014 1562 3326 1629 ﬁrmatam;
3370 1571 3485 1617 ter-

1912 1642 2073 1704 tium.
2101 1658 2213 1698 suae
2238 1645 2482 1715 epistolae
2532 1646 2798 1704 adversus
2822 1650 3265 1709 contradicentes
3295 1652 3481 1709 defen-

1841 1717 1887 1775 Β
1913 1734 2122 1790 sionem
2150 1736 2264 1790 sive
2287 1737 2706 1807 eXpositionem.

1918 1846 1929 1856 ·
1983 1827 2303 1883 Vehementi
2329 1830 2582 1885 oratione
2609 1830 2863 1888 hortatur
2902 1832 2971 1887 ad
3021 1832 3183 1887 tidem
3229 1832 3480 1902 apertius

1912 1920 1968 1975 in
1996 1928 2279 1989 posterum
2323 1920 2694 1991 libentiusque
2721 1922 3101 1992 proﬁtendam,
3127 1936 3290 1992 quam
3322 1921 3497 1977 fecis-

1910 2021 1996 2075 set
2029 2014 2296 2069 hactenus
2328 2029 2439 2084 pm
2468 2014 2707 2071 Nestorii
2734 2031 2922 2072 amore
2946 2015 3190 2071 nondum
3220 2013 3483 2068 radicitus

1909 2104 2120 2161 evulso.
2156 2104 2344 2175 Neque
2372 2104 2518 2158 enim
2547 2104 2792 2175 pontifex
2836 2115 2955 2161 erat
2995 2105 3236 2169 nescius,
3271 2111 3478 2172 quanta

1908 2193 2055 2249 foret
2078 2194 2181 2249 hac
2214 2194 2268 2248 in
2295 2203 2451 2265 parte
2491 2195 2823 2251 Theodoreti
2873 2197 3179 2260 inﬁrmitas,
3205 2210 3479 2266 quamque

1909 2294 2096 2355 egeret
2133 2284 2418 2340 roborari:
2452 2301 2622 2355 quare
2666 2286 2735 2341 ad
2760 2287 2814 2342 id
2865 2287 3303 2358 persuadendum
3331 2286 3480 2356 quod

1910 2376 2242 2441 consuleret,
2265 2376 2491 2432 adducit
2517 2377 2764 2433 Dioscori
2807 2380 3141 2449 exemplum,
3176 2395 3338 2449 quem
3394 2381 3497 2435 sui.

1909 2468 2172 2539 Eutychis
2194 2484 2347 2524 amor
2368 2477 2559 2541 egerat
2588 2470 2643 2526 in
2674 2487 2935 2542 praceps.
2976 2492 2993 2525 ι
3024 2473 3198 2539 Licet,
3230 2473 3479 2543 inquit“,

1909 2568 2007 2615 tua
2038 2560 2377 2625 fraternitas,
2420 2561 2598 2617 solido
2653 2562 2780 2617 cibo
2811 2561 3048 2627 ﬁrmata,
3101 2562 3188 2617 his
3235 2562 3482 2631 indigere

1909 2651 2137 2706 minime
2164 2652 2457 2718 videatur;
2502 2660 2712 2718 tamen,
2744 2661 2825 2719 ut,
2850 2654 2995 2723 quod
3027 2653 3200 2708 nostri
3236 2652 3343 2708 loci
3374 2661 3480 2716 est,

1909 2742 2237 2813 impleamus
2275 2744 2419 2798 circa
2447 2758 2636 2802 vocem
2673 2745 2907 2800 dicentis
2923 2744 3166 2815 Apostoli
3187 2753 3213 2781 ιι
3241 2762 3252 2796 :
3281 2744 3495 2798 Praeter.

1908 2850 1993 2899 ea,
2006 2850 2122 2904 qua:
2137 2836 2454 2889 extrinsecus
2468 2844 2610 2901 sunt,
2626 2837 2883 2892 instantia
2896 2852 3013 2892 mea
3025 2835 3355 2899 quotidiana,
3375 2833 3483 2887 sol-

1909 2926 2122 2982 licitudo
2150 2927 2383 2981 omnium
2409 2925 2763 2980 Ecclesiarum
2783 2927 2934 2997 ;quis
2963 2927 3290 2994 inﬁrmatur,
3314 2931 3364 2978 et
3389 2940 3482 2993 ego

1909 3035 2015 3072 non
2036 3015 2321 3085 inﬁrmor?
2365 3018 2481 3087 quis
2508 3014 2928 3079 scandalizatur,
2964 3023 3013 3068 et
3053 3032 3145 3085 ego
3168 3031 3272 3068 non
3300 3030 3424 3066 uror
3457 3014 3483 3066 .9

1906 3107 2011 3162 hoc
2035 3106 2308 3176 praecipue
2341 3104 2595 3174 praesenti
2637 3104 2925 3158 occasione
2968 3102 3246 3156 credimus
3288 3100 3479 3155 a'dmo-

1904 3198 2167 3257 nendum.
2193 3196 2360 3250 frater
2388 3194 2726 3259 charissime,
2755 3203 2816 3247 ut
2838 3192 3273 3262 quotiescunque
3294 3190 3482 3246 divina

1904 3289 2077 3361 gratia
2104 3287 2542 3350 adnﬁnistrantc,
2568 3286 2692 3340 illos
2712 3287 2805 3355 qui
2832 3284 2967 3339 foris
3000 3291 3150 3347 sunt,
3188 3282 3339 3336 fonte
3378 3280 3480 3335 do-

1904 3383 2095 3437 ctrina:
2124 3390 2219 3436 aut
2248 3379 2654 3451 submergimus
2681 3387 2775 3432 aut
2804 3392 3123 3447 purgamus,
3156 3375 3213 3428 in
3241 3374 3394 3429 nullo
3410 3373 3480 3427 ab

1904 3472 2037 3540 illis,
2057 3486 2193 3542 quas
2220 3471 2456 3540 Spiritus
2479 3469 2650 3525 sancti
2676 3468 2934 3523 divinitas
2963 3467 3020 3521 in
3044 3465 3479 3521 Chalcedonensi

1904 3563 2137 3619 concilio
2189 3562 2442 3632 protulit,
2496 3560 2622 3616 ﬁdei
2680 3560 2882 3632 regulis
2934 3557 3276 3621 recedentes,
3336 3556 3481 3611 inter

1904 3662 2202 3723 utrumque
2225 3653 2438 3708 hostem
2463 3651 2692 3707 novella:
2728 3650 2971 3720 perﬁdiae
3014 3663 3324 3704 sermonem
3372 3662 3478 3701 no-

1903 3754 2078 3799 strum
2109 3760 2235 3799 cum
2274 3744 2426 3798 omni
2453 3742 2666 3797 cautela
2699 3742 2966 3797 libremus
2997 3759 3009 3794 :
3039 3757 3149 3795 non
3171 3742 3305 3810 jam,
3331 3739 3478 3808 quod

1904 3835 2075 3890 absit!
2106 3844 2366 3904 tanquam
2391 3833 2461 3888 de
2486 3833 2669 3888 dubiis
2701 3833 3089 3902 disceptantes,
3114 3831 3207 3887 sed
3233 3831 3479 3884 auctori-

1904 3934 2015 3981 tate
2043 3941 2275 3989 summa,
2300 3940 2423 3994 qua:
2442 3925 2583 3980 bene
2603 3923 2824 3979 deﬁnita
2849 3932 2996 3987 sunt,
3021 3930 3348 3976 astruentes.
3381 3940 3400 3971 ι

1972 4016 2251 4072 Pontiﬁcis
2301 4016 2484 4071 adhuc
2528 4016 2598 4070 de
2643 4014 2963 4069 inﬁrmitate
2997 4011 3330 4068 Theodoreti
3382 4026 3478 4065 su-

1902 4109 2076 4182 spicio
2098 4126 2167 4167 ex
2194 4109 2285 4165 his
2314 4124 2536 4165 rursum
2561 4107 2907 4165 manifestius
2954 4113 3183 4175 apparet
3209 4121 3222 4157 :
3265 4123 3283 4155 c
3321 4102 3478 4160 Unde

1904 4209 2010 4264 hoc
2035 4222 2258 4277 quoque
2294 4222 2397 4263 nos
2428 4215 2623 4262 contra
2665 4206 2854 4260 hostes
2879 4204 3139 4260 Ecclesiae
3188 4199 3477 4272 providere

1903 4301 2236 4372 condignum
2260 4307 2365 4365 est,
2409 4311 2472 4354 ut
2506 4299 2589 4353 eis
2635 4298 2841 4352 nullam
2892 4292 3264 4350 calumniandi
3313 4306 3476 4346 occa-

1905 4392 2137 4454 sionem,
2178 4389 2325 4459 quod
2349 4388 2416 4442 ad
2440 4403 2540 4442 nos
2565 4387 2782 4446 attinet,
2819 4385 3038 4454 penitus
3071 4382 3473 4450 relinquamus;

1905 4496 2008 4539 nec
2057 4495 2296 4551 unquam
2344 4476 2948 4533 contra'Nestorianos
2984 4483 3079 4529 aut
3110 4469 3478 4542 Eutychianos

1904 4580 2146 4641 agentes,
2178 4568 2367 4624 alteris
2387 4583 2581 4623 eorum
2603 4566 2884 4621 videamur
2919 4572 3066 4632 terga
3093 4561 3319 4615 vertisse
3342 4577 3353 4610 :
3380 4558 3476 4612 sed

1904 4670 2163 4729 utrosque
2190 4660 2390 4715 Christi
2418 4659 2604 4712 hostes
2642 4672 2797 4725 aequa
2830 4656 2983 4709 lance
3034 4652 3268 4707 vitemus
3311 4658 3476 4719 atque

1905 4749 2261 4815 damnemus;
2297 4749 2371 4803 ita
2400 4757 2461 4801 ut
2489 4763 2605 4813 eos,
2631 4746 2850 4816 quoties
2884 4740 3226 4797 audientium
3250 4746 3477 4808 quanta-

1906 4840 2044 4895 libet
2073 4839 2493 4909 poscitutilitas,
2530 4851 2655 4891 cum
2693 4832 3041 4904 dogmatibus
3072 4845 3265 4884 eorum
3310 4828 3475 4899 digno

1908 4932 2249 4986 anathemate
2280 4928 2689 5000 promptissime
2731 4934 2896 4994 atque
2926 4921 3334 4978 evidentissime
3393 4919 3474 4973 fe-

1910 5025 2151 5078 riamus:
2198 5038 2266 5077 ne
2311 5022 2356 5076 si
2388 5022 2492 5075 hoc
2515 5036 2543 5074 a
2580 5019 2738 5073 nobis
2772 5025 2867 5072 aut
2896 5015 3188 5072 obscurius
3246 5012 3362 5067 ﬁeri
3395 5014 3473 5063 vi-

1894 5113 2090 5166 deatur
2124 5122 2220 5165 aut
2249 5111 2480 5175 tardius,
2509 5118 2733 5179 putetur
2758 5108 3009 5162 invitum.
3033 5104 3187 5171 Quod
3226 5102 3473 5173 quamvis

256 5198 357 5255 ﬁeri
383 5218 506 5258 vero
554 5205 714 5274 plura
747 5203 991 5274 proclive
1037 5213 1174 5269 erat,
1225 5205 1512 5259 commotis
1561 5205 1739 5258 adhuc
1770 5220 1799 5256 a
1897 5203 2238 5273 prudentiam
2284 5210 2433 5254 tuam
2462 5216 2550 5254 res
2576 5199 2690 5268 ipsa
2715 5197 3012 5252 admonere
3038 5193 3288 5258 sufﬁciat,
3325 5205 3473 5246 nunc

258 5294 437 5351 meanti
481 5297 845 5353 contentione
876 5296 1096 5351 animis.
1173 5297 1396 5352 Videtur
1429 5297 1593 5351 ctiam
1628 5297 1678 5350 id
1717 5312 1798 5351 sc-

314 5457 337 5485 ³
363 5450 403 5506 ll
433 5451 555 5508 Cor.
584 5469 649 5521 ιι,
669 5452 765 5517 28,
797 5451 890 5505 29.

1903 5308 2079 5350 tamen
2109 5303 2165 5349 et
2217 5293 2591 5362 experimenta
2621 5291 2948 5346 docuerunt.
2996 5288 3101 5343 Sed
3148 5284 3474 5341 benedictus

1569 5560 1888 5616 SCIIULZH
1926 5562 2153 5618 NOTIE.

303 5680 339 5712 "
356 5683 518 5758 Epist.
548 5688 672 5746 “6.
755 5685 804 5717 ”
838 5683 1014 5753 Epist.
1048 5684 1107 5740 16
1130 5684 1209 5739 Ad
1235 5683 1375 5738 Iren.
1456 5681 1499 5713 ⁸³
1532 5683 1699 5751 Epist.
1744 5684 1804 5737 12

1937 5684 1977 5715 ⁵³
2006 5686 2214 5756 Accep’t
2265 5684 2407 5748 Vid.,
2442 5697 2480 5736 ι.
2516 5682 2601 5746 ιγ,
2650 5697 2699 5751 p.
2760 5680 2896 5735 1195
2926 5692 3040 5746 seq.
