3950 6226
456 239 558 307 155

1568 220 1946 306 (ξΑΒΝἘΒΠ
1983 245 2481 311 DISSERTATIO
2518 253 2567 312 ι.

3606 249 3722 312 156

456 355 600 408 Deus
635 362 843 417 noster,
884 354 1042 425 cujus
1095 353 1429 409 invlncibllis
1482 355 1707 418 veritas,
1755 353 1825 409 ab
1870 352 2019 408 omni
2052 359 2096 412 Α
2127 353 2275 409 illum
2312 357 2536 413 haeresis
2579 366 2864 414 auctorum
2895 357 3138 429 potentia
3158 356 3506 421 deterritum.
3560 358 3717 415 blu-

453 441 727 499 haereseos
796 445 1009 500 macula
1063 446 1327 501 mundum
1384 456 1457 510 te,
1522 445 1825 499 secundum
1879 445 2026 501 sedis

454 534 767 603 apostolicae
781 534 1011 606 judicia,
1034 536 1449 599 demonstravit,
1478 536 1564 591 cui
1599 536 1815 606 dignam
1862 534 2025 590 retri-

455 625 705 697 buespro
733 637 812 682 tot
846 628 1128 685 laboribus
1150 630 1401 700 gratiam,
1427 632 1470 685 si
1508 631 1671 684 talem
1696 639 1768 691 te,
1809 629 2023 699 qualem

455 716 812 786 probavimus
841 735 904 774 ac
922 720 1237 790 probamus,
1267 737 1364 791 pro
1392 721 1723 777 universalis
1770 721 2027 776 Ecclesiae

454 806 771 864 defensione
799 813 1123 866 servaveris.
1153 832 1170 863 ο

524 900 596 957 Ut
631 902 905 957 eﬂicacius
963 920 1131 972 porro
1167 903 1308 959 foret
1358 906 1494 960 tanti
1529 915 1747 976 tamque
1792 907 2028 962 amantis

454 993 653 1049 medici
703 995 1029 1060 remedium,
1068 998 1227 1067 203
1276 999 1490 1053 addidit
1529 1000 1869 1064 mandatum,
1914 1015 2024 1070 quo

457 1083 1106 1156 Theodoretumjuberet
1139 1089 1439 1144 identidem
1473 1090 1541 1143 ad
1578 1090 1763 1145 sedem
1801 1101 2023 1160 aposto-

455 1173 612 1228 licam
639 1174 865 1240 referre,
894 1192 1003 1246 quo
1024 1185 1167 1231 statu
1192 1178 1372 1232 forent
1397 1195 1486 1233 res
1519 1180 1799 1245 Ecclesiae,
1826 1196 2026 1250 quam-

452 1279 559 1334 que
584 1264 700 1334 ipse
732 1276 957 1322 navarct
995 1284 1218 1339 operam
1265 1260 2025 1340 exstirpandis'Nestoriano-

450 1373 571 1411 rum
591 1367 648 1414 et
677 1359 1145 1431 Eutychianorum
1172 1364 1436 1433 reliquiis.
1464 1365 1730 1419 Latebant
1752 1365 2021 1436 siquidem

450 1448 508 1502 in
533 1452 900 1517 monasteriis,
937 1456 1412 1525 erumpebantque
1455 1456 1709 1519 subinde,
1738 1457 2024 1514 monachis

450 1540 519 1593 ad
559 1543 823 1612 populum
853 1545 1328 1612 concionantibus,
1363 1563 1502 1616 quos
1525 1548 1687 1603 silere
1713 1548 1869 1620 jubet
1887 1549 2020 1616 Leo,

449 1633 696 1701 quandiu
754 1650 864 1691 non
909 1637 1114 1693 fuerint
1162 1639 1228 1693 ad
1267 1640 1714 1712 presbyterorum
1771 1640 2021 1697 ordinem

449 1723 648 1778 evecﬁ.

525 1813 634 1868 Vll.
674 1814 799 1870 Haec
851 1817 1022 1872 sancti
1072 1819 1349 1887 pontiﬁcis
1400 1820 1709 1879 exhortatio
1754 1822 1904 1890 fecit,
1938 1832 2020 1892 ut,

448 1917 615 1971 quam
673 1904 1056 1962 Theodoretus
1113 1909 1334 1964 silentio
1387 1910 1727 1968 obruendam
1772 1914 2020 1984 putabat,

447 1993 516 2049 de
567 1995 942 2053 incarnatione
987 2002 1346 2069 quaestionem
1386 2011 1647 2060 tractaret
1682 2005 2019 2077 diligentius,

446 2084 571 2139 data
595 2087 881 2143 occasione
915 2088 1078 2154 Aetii,
1116 2091 1415 2164 ederetque
1441 2110 1554 2151 suae
1586 2096 1711 2151 ﬁdei
1734 2099 2019 2168 publicum

443 2174 859 2234 documentum.
916 2181 1050 2239 Nam
1082 2199 1192 2253 quo
1237 2193 1484 2256 tempore
1519 2187 1901 2245 [hereticorum
1939 2191 2022 2260 fa-

444 2265 691 2321 bularum
718 2268 876 2323 libris
907 2271 1151 2341 quinque
1173 2276 1569 2344 componendis
1586 2292 1807 2347 operam
1834 2279 2017 2344 dabat,

444 2365 543 2408 aut
564 2372 758 2412 recens
806 2374 947 2429 opus
979 2360 1307 2428 absolverat,
1355 2365 1774 2422 archidiaconus
1808 2369 2016 2435 Aetius,

446 2456 506 2500 ut
540 2447 825 2503 hominum
863 2451 1003 2507 fama
1053 2463 1190 2518 erat,
1229 2471 1431 2510 novum
1472 2457 1759 2527 quiddam‘
1788 2459 1843 2514 in
1877 2462 2017 2515 urbe

442 2552 612 2593 ausus
630 2548 715 2594 est
736 2542 1020 2611 proferre;
1049 2547 1193 2615 quod
1219 2556 1277 2602 ut
1310 2548 1587 2605 refclleret
1615 2550 2014 2619 Theodoretus,

444 2627 641 2681 silendi
671 2633 1009 2700 propositum
1040 2636 1189 2690 velut
1225 2637 1552 2708 injuriosutn
1597 2641 1842 2707 Christo,
1897 2652 2019 2697 tan-

444 2718 616 2788 tisper
647 2720 1037 2778 inllcctendum
1073 2736 1224 2782 ratus
1245 2737 1349 2783 est.

515 2810 646 2864 Rem
687 2812 759 2867 ita
791 2814 906 2881 ipse
926 2824 1115 2870 narrat
1136 2817 1218 2872 “z
1259 2839 1277 2870 ‹
1309 2820 1600 2890 Postquam
1627 2833 1819 2879 contra
1847 2840 2015 2881 evan-

440 2900 669 2970 gelieam
729 2904 891 2959 ﬁdem
941 2922 1031 2962 res
1075 2923 1246 2964 novas
1296 2911 1505 2965 moveri
1542 2912 1731 2977 didici,
1768 2915 2015 2984 periculo

435 3006 627 3048 carere
676 2994 953 3052 silentium
983 3014 1093 3055 non
1134 3001 1413 3057 existimo.
1450 3004 1664 3059 Etenim
1692 3006 1735 3062 si
1796 3009 2010 3063 mortali

439 3097 568 3154 rege
603 3082 804 3157 injuria
840 3106 939 3160 per
975 3092 1189 3163 aliquos
1220 3094 1438 3161 all'ecto,
1475 3113 1586 3152 non
1628 3098 1694 3152 iis
1727 3098 1891 3155 modo
1917 3100 2013 3170 qui

439 3173 694 3246 injuriam
732 3179 1000 3246 fecerunt,
1029 3185 1122 3240 sed
1147 3186 1212 3241 iis
1243 3188 1408 3243 etiam
1432 3189 1527 3259 qui
1558 3200 1859 3261 praesentes
1887 3209 2013 3249 cum

436 3278 643 3333 essent,
697 3271 993 3343 injuriosos
1040 3278 1266 3335 minime
1337 3282 1682 3352 repulerunt,
1734 3285 2015 3357 impendet

438 3360 782 3430 periculum;
810 3380 971 3435 quam
1010 3384 1227 3437 poenam
1257 3387 1367 3426 non
1401 3374 1600 3429 merito
1637 3378 2010 3443 sustinebunt,

436 3450 533 3519 qui
561 3451 741 3509 illatas
761 3454 818 3509 in
844 3456 1013 3511 Deum
1040 3468 1096 3513 et
1116 3460 1456 3519 Salvatorem
1481 3476 1732 3522 nostrum
1755 3469 2013 3539 blasphe-

438 3543 576 3598 mias
622 3553 977 3604 contemnere
1014 3565 1123 3604 non
1164 3552 1455 3609 dubitant?
1506 3556 1604 3611 Hic
1633 3573 1719 3613 me
1753 3560 1919 3615 timor
1951 3562 2006 3616 in

437 3647 676 3701 pricsens
702 3637 943 3692 scribere
975 3641 1261 3710 compulit,
1312 3653 1369 3699 et
1390 3645 1793 3714 demonstrare,
1824 3667 1947 3720 quze
1979 3669 2009 3708 a

435 3724 718 3779 nonnullis
746 3724 996 3782 innovari
1026 3732 1280 3801 cognovi.
1306 3733 1457 3789 Multi
1489 3736 1660 3803 enim,
1694 3748 1755 3793 ut
1784 3741 2009 3810 quidam

434 3810 724 3902 afﬁrmant,
770 3815 827 3870 in
884 3819 1022 3874 urbe
1075 3822 1304 3892 jactant,
1338 3826 1485 3893 quod
1522 3828 1859 3900 presbyteris
1884 3835 2009 3902 qui-

434 3901 664 3995 busdam
692 3910 1004 3974 orantibus,
1040 3921 1095 3967 et
1125 3916 1362 3971 orationi
1390 3918 1611 3973 solitum
1650 3908 1819 3976 ﬁneni
1836 3901 2009 3995 appo-

435 3994 715 4059 nentibus,
741 3996 1184 4070 dicentibusque,
1204 4003 1327 4058 aliis
1349 4005 1595 4074 quidem,
1626 4009 1755 4077 quia
1789 4018 1840 4064 te
1862 3994 2008 4065 decet

431 4083 604 4154 gloria
635 4096 684 4140 et
712 4086 979 4145 Christum
1005 4099 1175 4157 tuum,
1206 4104 1255 4147 et
1280 4105 1520 4151 sanctum
1537 4106 1686 4153 tuum
1707 4099 1965 4171 Spiritum
1987 4120 2006 4169 ;

431 4175 553 4230 aliis
569 4192 720 4239 vero.
750 4181 928 4249 gratia
958 4191 1006 4236 et
1029 4184 1352 4255 benignitate
1381 4186 1575 4242 Christi
1620 4193 1717 4255 tui,
1750 4209 1869 4246 cum
1904 4212 2005 4264 quo

431 4275 482 4319 te
498 4267 641 4320 decet
668 4267 841 4340 gloria
874 4288 993 4327 cum
1018 4283 1200 4328 sancto
1226 4283 1315 4330 tuo
1344 4275 1586 4348 Spiritu;
1613 4283 1887 4338 mandarit
1921 4300 2007 4341 sa-

2128 447 2403 516 phemiam
2457 449 2741 521 indulgere
2792 451 3046 522 tempori.
3102 452 3396 521 Postquam
3421 452 3711 514 tutemis.

2128 536 2221 605 qui
2245 537 2675 608 blasphematur,
2706 540 3012 611 increpavit
3040 550 3231 596 ventos
3256 550 3313 596 et
3340 556 3508 604 luere,
3524 542 3712 612 jacta-

2129 626 2304 696 tisque
2338 628 2602 685 Ecclesiis
2634 634 2649 651 '
2698 632 3151 702 tranquillitatem
3195 630 3386 696 dedit,
3443 640 3500 686 et
3556 641 3715 684 terra

2128 720 2375 790 marique
2407 722 2782 791 apostolorum
2840 724 3045 793 ubique
3093 724 3471 794 promulgatur
3501 722 3718 792 praedi-

2130 811 2302 876 catio;
2340 828 2569 883 ecquem
2614 816 2793 869 losum
2838 815 3002 871 habet
3054 814 3439 884 blasphemia?
3481 814 3717 870 Etenim

2126 918 2229 958 nec
2258 904 2368 968 isti,
2405 906 2499 975 qui
2554 922 2717 960 unam
2757 907 2938 962 carnis
2984 907 3399 976 divinitatisque
3449 914 3714 960 naturam

2125 1009 2384 1064 perverse
2430 996 2593 1068 204,
2623 1013 2770 1053 nunc
2812 998 3209 1053 ecclesiasticis
3240 997 3592 1068 dogmatibus
3623 997 3717 1050 in-

2126 1094 2335 1151 serunt,
2365 1086 2645 1143 Christum
2678 1090 2970 1144 Dominum
3021 1088 3231 1143 laudari
3286 1096 3501 1153 vetant;
3535 1097 3717 1157 atque

2126 1178 2233 1234 hoc
2263 1178 2421 1235 facile
2450 1188 2533 1234 est
2576 1195 2642 1234 ex
2691 1181 2779 1244 iis,
2823 1181 2916 1250 qui
2959 1180 3114 1235 illinc
3149 1181 3456 1243 redierunt,
3496 1194 3717 1251 cogno—
3750 1192 3759 1195 '

2126 1286 2278 1326 scere
2314 1289 2326 1324 :
2360 1272 2855 1342 oportebatautem
2882 1272 3059 1336 illum,
3090 1272 3184 1341 qui
3219 1271 3400 1327 ordini
3443 1280 3717 1340 praeesset

2124 1363 2521 1428 ecclesiastico,
2550 1365 2791 1419 divinam
2814 1380 2977 1421 nosse
3011 1365 3373 1435 Scripturam,
3398 1382 3417 1414 ι
3448 1372 3557 1417 etc.

2195 1456 2419 1511 Mcntita
2442 1463 2527 1511 est
2564 1456 2849 1511 hominum
2887 1457 3028 1511 fama
3055 1456 3123 1511 de
3147 1455 3307 1510 Aetio
3338 1455 3460 1508 viro
3508 1462 3714 1506 catho-

2122 1546 2243 1601 licaa
2296 1546 2443 1611 ﬁdei,
2491 1555 2551 1601 ut
2600 1555 2820 1603 sanctus
2862 1546 2972 1601 Leo
3021 1547 3266 1616 loquitur
3293 1545 3357 1599 ⁸τ.
3407 1544 3501 1598 llle
3549 1543 3712 1597 enim

2125 1645 2350 1706 propter
2364 1636 2714 1692 sanctitatem
2741 1644 2796 1691 et
2819 1636 2947 1692 ﬁdei
2999 1636 3395 1707 integritatem,
3446 1650 3477 1689 a
3504 1646 3714 1689 sancto

2053 1723 2097 1778 Β
2126 1727 2368 1783 Sisinnio
2398 1727 2654 1798 primum-
2675 1728 2730 1782 in
2766 1729 2974 1783 clerum
3015 1727 3288 1797 ascriptus
3337 1733 3421 1780 est
3448 1766 3464 1789 ,
3496 1723 3713 1779 deinde

2123 1836 2154 1875 a
2192 1830 2383 1877 sancto
2403 1821 2601 1876 Proclo
2646 1821 2826 1876 factus
2849 1822 3137 1884 diaconus,
3162 1829 3350 1890 postea
3382 1834 3411 1873 a
3437 1817 3711 1873 Flaviano

2122 1920 2361 1983 martyre
2382 1928 2528 1967 unus
2548 1911 2888 1966 notariorum
2923 1912 2977 1966 in
3001 1927 3162 1966 causa
3192 1911 3456 1983 Eutychis
3492 1909 3715 1965 consti-

2123 2011 2310 2058 tutus:
2343 2019 2468 2058 mox
2509 2003 2565 2057 in
2594 2002 3027 2059 Chalcedonensi
3081 2003 3340 2068 concilio,
3368 2018 3492 2057 cum
3548 2008 3711 2057 esset

2119 2096 2461 2152 notariorum
2484 2095 2853 2166 primicerius,
2892 2110 3005 2151 rem
3029 2095 3314 2150 catholica;
3337 2094 3463 2149 ﬁdei
3494 2094 3708 2149 adver-

2121 2203 2215 2242 sus
2238 2188 2556 2243 Dioscorum
2592 2187 2836 2242 studiose
2872 2188 3166 2257 promovit,
3216 2195 3273 2241 et
3300 2185 3470 2241 sancti
3495 2185 3713 2240 Leonis

2119 2278 2411 2348 epistolam
2471 2294 2580 2333 non
2608 2285 2819 2333 tantum
2854 2277 3106 2347 exposuit
3149 2277 3547 2335 dubitantibus.
3596 2276 3704 2329 sed

2120 2371 2284 2425 etiam
2335 2368 2600 2425 adversus
2679 2369 3062 2440 impugnantcs
3112 2367 3378 2422 defendit.
3445 2366 3705 2435 Denique

2119 2468 2436 2514 constanter
2458 2458 2778 2513 adversatus
2808 2468 2891 2513 est
2938 2457 3277 2513 Nestorianis
3299 2457 3464 2512 simul
3501 2464 3558 2512 et
3576 2456 3704 2510 Eu-

2120 2549 2433 2620 tychianis;
2474 2549 2568 2603 sed
2604 2548 2961 2621 Eutychianis
2988 2548 3241 2611 maxime,
3269 2563 3410 2618 quos
3434 2547 3703 2602 Ecclesia:

2115 2640 2734 2710 Constantinopolitame
2774 2640 3025 2713 insidiari
3058 2640 3289 2696 sentiret
3317 2659 3330 2693 :
3382 2648 3546 2710 atque
3571 2638 3709 2695 hac

2117 2748 2279 2788 causa
2300 2732 2530 2796 exstitit,
2587 2748 2688 2787 cur
2709 2732 2981 2797 Anatolio,
3016 2731 3152 2786 foris
3196 2730 3493 2793 catholico,
3541 2730 3706 2784 intus

2117 2826 2480 2898 Eutychiano,
2515 2826 2726 2880 invisus
2750 2824 2948 2890 fuerit;
2985 2840 3085 2879 cur
3125 2824 3254 2879 item
3296 2838 3395 2894 per
3448 2821 3697 2893 speciem

2115 2916 2348 2972 honoris
2367 2932 2477 2972 non
2508 2922 2619 2969 tam
2650 2915 2704 2969 in
2728 2915 3113 2987 presbyterum
3143 2925 3364 2969 creatus
3384 2914 3475 2978 sit,
3516 2929 3695 2984 quam

2116 3005 2186 3062 de
2217 3006 2592 3061 archidiaconi
2627 3005 2801 3077 gradu
2840 3007 3120 3077 dejectus;
3155 3021 3253 3059 cur
3291 3004 3473 3059 ablata
3517 3004 3700 3059 tutius

2039 3069 2084 3127 θ
2116 3093 2377 3149 Ecclesiae
2449 3069 3075 3163 Constantinopolitanae
3108 3069 3115 3071 Ὗ
3175 3092 3651 3147 administratione
3673 3131 3697 3155 .

2113 3187 2490 3242 cmmeterium
2527 3186 2935 3257 procurandum
2975 3185 3283 3255 acceperit;
3314 3200 3415 3240 cur
3447 3184 3698 3255 denique

2111 3279 2432 3351 dispensatio
2488 3280 2644 3333 totius
2684 3294 2860 3333 causa:
2898 3287 2949 3333 et
3007 3295 3148 3333 cura:
3204 3276 3569 3332 ecclesiastica:
3628 3280 3698 3332 in

2111 3368 2378 3425 Andream
2431 3369 2888 3441 Eutychianistam
2932 3379 3145 3441 repente
3192 3369 3459 3426 translata
3504 3371 3595 3425 sit.
3628 3370 3694 3425 ld

2111 3462 2365 3531 queritur
2390 3460 2434 3493 ⁸⁸
2458 3461 2602 3531 apud
2644 3461 3029 3531 imperatorem
3082 3461 3413 3517 Marcianum
3447 3461 3695 3517 Pulche-

2112 3554 2361 3623 riamque
2390 3555 2688 3623 Augustam
2736 3553 2847 3608 Leo
2877 3554 3143 3623 pontifex,
3171 3555 3372 3611 litteris
3411 3570 3474 3610 ea
3525 3555 3594 3610 de
3630 3572 3696 3611 re

2110 3644 2360 3714 Opilione
2384 3646 2607 3699 consule
2635 3644 2983 3715 conscriptis.

2181 3736 2316 3791 Vill.
2341 3737 2542 3791 Verum
2565 3736 3062 3807 quomodocunque
3103 3737 3322 3791 tandem
3350 3736 3491 3791 Aetii
3521 3752 3694 3792 causa

2110 3844 2168 3884 se
2201 3828 2475 3893 habuerit,
2512 3828 2858 3883 occasionem
2891 3837 3041 3883 certe
3066 3827 3416 3882 Theodoreto
3443 3830 3691 3897 aperuit,

2109 3920 2177 3975 ad
2209 3920 2370 3974 ﬁdem
2424 3935 2578 3974 suam
2610 3920 2677 3974 de
2719 3918 3094 3983 incarnatione
3137 3918 3298 3974 Verbi
3352 3919 3694 3985 testandam,

2108 4013 2421 4082 librumque
2444 4011 2718 4067 edendum
2747 4030 2760 4065 :
2788 4010 3021 4079 (utinam
3040 4010 3253 4082 integer
3273 4009 3341 4064 ad
3363 4026 3467 4066 nos
3487 4027 3696 4081 perve-

2107 4103 2361 4175 nissetl)
2398 4119 2528 4173 quo,
2575 4103 2846 4157 mandatis
2889 4103 3095 4157 summi
3169 4102 3451 4172 pontificis
3515 4104 3693 4159 obsc-

2107 4208 2287 4261 cutus,
2310 4196 2688 4251 Nestorianam
2719 4195 3077 4264 impietatem,
3099 4194 3488 4264 vesaniamque
3510 4195 3698 4267 Euty-

2108 4290 2363 4344 chianam
2393 4289 2474 4343 sic
2507 4288 2825 4352 declinavit,
2862 4296 2924 4341 ut
2948 4286 3149 4351 media,
3194 4285 3246 4339 id
3275 4293 3379 4350 est,
3413 4286 3691 4341 catholica

431 4357 1280 4473 pientissim’us'arcliidiaconus,
1304 4384 1416 4424 non
1440 4382 1698 4441 oportere
1721 4375 2002 4431 Christum
2038 4419 2083 4473 υ
2105 4381 2193 4435 via
2224 4381 2485 4435 incedens
2509 4381 2734 4435 doceret
2755 4380 3025 4450 exemplo,
3052 4378 3327 4435 neminem
3349 4393 3556 4443 errare,
3588 4394 3693 4448 qui

428 4448 636 4517 dicere,
662 4452 758 4508 sed
812 4453 1167 4526 Unigenitum
1198 4460 1543 4530 gloriﬁcare;
1577 4466 1722 4533 quod
1758 4468 2005 4536 quidem,

429 4542 474 4597 si
498 4559 687 4598 verum
714 4555 821 4611 est,
847 4562 1064 4604 omnem
1088 4560 1312 4621 superat
1335 4554 1557 4610 modum
1586 4556 1902 4626 impietatis.
1945 4579 1963 4611 ι

497 4635 838 4706 lmpietatem
889 4640 1163 4710 ejusmodi
1236 4644 1489 4701 confutat
1536 4648 1821 4717 pluribus,
1879 4652 2010 4707 hinc

434 4741 665 4784 exorsus
693 4747 707 4783 :
752 4748 772 4780 ι
811 4730 919 4786 Aut
948 4732 1088 4789 duos
1117 4734 1171 4788 in
1202 4734 1370 4790 Filios
1397 4736 1596 4793 dividit
1619 4755 1788 4793 unum
1818 4742 2007 4796 Domi-

426 4832 559 4871 num
591 4827 841 4875 nostrum
864 4824 1049 4879 Jesum
1073 4825 1377 4899 Christum,
1405 4838 1459 4883 et
1482 4830 1835 4901 Unigenitum
1875 4834 2004 4903 qui-

427 4907 551 4963 dem
599 4910 900 4982 legitimum
940 4927 1097 4985 putat
1154 4936 1274 4976 esse
1304 4921 1501 4977 Filium
1557 4932 1613 4979 et
1669 4926 1997 4990 naturalem,

423 4998 701 5056 Christum
731 5019 864 5058 vero
896 5007 1211 5076 adoptivum
1256 5022 1313 5067 et
1340 5016 1570 5070 nothum
1601 5057 1615 5079 ,
1671 5033 1735 5073 ac
1768 5018 2001 5089 proinde

422 5091 710 5162 indignum
745 5096 1143 5165 gloriﬁcatione
1178 5120 1193 5168 ;
1228 5114 1323 5158 aut
1373 5106 1795 5166 insolescentem
1850 5124 2003 5166 nunc

424 5183 655 5239 lneresin
685 5188 933 5245 stabilire
959 5202 1208 5249 conatur.
1229 5198 1307 5252 Ac
1334 5200 1580 5268 quidem,
1616 5203 1659 5256 si
1703 5202 1823 5257 dira
1857 5213 1998 5257 tem-

424 5284 607 5344 pestas
629 5276 990 5348 incumberet,
1031 5287 1405 5355 suspicaretur
1447 5291 1674 5345 fortasse
1700 5294 1996 5363 quispiam,

494 5436 522 5463 °
556 5430 745 5489 Matth.
773 5453 875 5491 im.
908 5439 989 5493 16.
1071 5451 1098 5490 P
1128 5440 1259 5496 ibid.
1290 5442 1371 5496 18.

2101 5203 2349 5258 valebunt
2404 5205 2652 5254 adversus
2708 5212 2894 5255 comp.

2107 4472 2386 4528 Christum
2432 4489 2527 4528 ore
2545 4473 2689 4528 Petri
2722 4474 3039 4543 loquentem
3086 4481 3370 4541 sequatur.
3439 4490 3455 4523 ι
3486 4471 3688 4534 Nemo,

2107 4566 2307 4637 inquit,
2333 4566 2499 4620 alium
2528 4566 2839 4636 quempiam
2866 4565 3031 4619 stulte
3058 4572 3210 4634 putet
3233 4562 3513 4619 Christum
3538 4579 3690 4622 esse.

2107 4674 2269 4729 quam
2310 4659 2507 4711 Filium
2544 4656 2929 4728 unigenitum;
2966 4670 3145 4724 neque
3188 4670 3292 4709 nos
3322 4654 3696 4723 sapientiores

2107 4749 2348 4819 Spiritus
2372 4748 2545 4819 gratia
2572 4747 2949 4802 existimemus
2978 4761 3119 4809 esse,
3150 4745 3245 4799 sed
3273 4760 3530 4815 magnum
3576 4746 3689 4799 Pe-

2107 4850 2254 4895 trum
2294 4840 2582 4894 audiamus
2607 4840 2973 4894 clamantem:
3012 4838 3087 4892 Tu
3140 4854 3193 4891 es
3227 4837 3480 4895 Christus.
3517 4835 3691 4891 Filius

2106 4931 2203 4985 Dei
2227 4932 2384 4985 vivi".
2418 4930 2719 4985 Audiamus
2773 4930 3153 4985 et‘Christum
3202 4929 3494 4984 Dominum
3545 4945 3692 4982 enn-

2104 5025 2398 5081 fessionem
2433 5024 2573 5078 hane
2602 5022 3017 5077 conﬁrmantem
3051 5041 3062 5075 :
3094 5020 3265 5092 Super
3297 5024 3432 5076 hanc
3475 5031 3691 5092 petram

2104 5115 2374 5184 (edi/iraira
2411 5114 2697 5168 Erclesiam
2733 5130 2925 5176 meum,
2959 5122 3004 5165 et
3036 5122 3201 5182 porta:
3235 5113 3393 5182 inferi
3416 5129 3519 5165 non
3544 5129 3691 5181 pm:-

2976 5201 3186 5254 ldcireo
3243 5201 3694 5271 sapientissimus

2103 5295 2325 5357 Paulus,
2357 5315 2373 5344 ι
2407 5302 2513 5347 etc.
2569 5295 2737 5347 Paulo
2773 5304 2898 5347 ante
2947 5293 3179 5359 dixerat,
3217 5293 3364 5348 unde
3397 5293 3693 5350 videretur

1752 5558 2070 5615 SCIIULZII
2113 5559 2341 5614 ΝΟΤᾸῗ.

496 5652 546 5690 ⁸⁸
573 5656 769 5730 Inquit.
824 5662 967 5719 Loco
1002 5664 1184 5721 citato.
1266 5672 1306 5699 ³⁸
1338 5672 1505 5741 Epist.
1550 5674 1662 5728 116.

1743 5675 1786 5705 δ’
1815 5675 1986 5744 Epist.
2025 5676 2111 5731 s7.

2186 5675 2229 5707 ⁵⁸
2259 5675 2400 5728 Loen
2431 5676 2522 5728 cit.
2602 5675 2640 5705 "’
2671 5676 2841 5745 Epist.
2882 5675 2997 5728 liti.
