3950 6226
144 275 233 364 157

1298 290 1663 355 HISTORIA
1695 285 2208 352 THEODORETI.

3303 260 3405 325 158

141 418 438 473 retractare,
471 422 598 477 quae
635 405 902 461 acerbius
929 403 1000 461 ad
1029 404 1306 460 decimum
1333 401 1522 474 Cyrilli
1550 408 1717 470 caput
1746 405 1788 460 Α
1819 400 2064 468 Augusto
2084 396 2152 459 ",
2197 391 2293 464 qui
2319 404 2549 461 regnare
2583 384 2749 454 erepit
2776 397 2921 435 anno
2950 378 3081 439 457;
3120 374 3265 431 unde
3293 374 3407 427 eol-

140 503 261 559 olim
300 499 567 557 eﬁ‘uderat
600 517 615 552 :
662 497 929 554 Christus
976 496 1281 568 appellatus
1309 505 1415 559 est,
1446 501 1709 563 tanquam

1812 462 2132 561 ligi'potest,
2179 462 2359 555 neque
2404 480 2591 537 statim
2626 493 2658 533 a
2681 472 2921 531 concilio
2960 462 3402 526 Chalcedonensi

142 595 340 667 Spiritu
359 601 548 648 sancto
568 591 884 648 secundum
916 589 1197 646 hominem
1215 596 1435 653 unctus,
1461 594 1517 641 et
1534 586 1713 641 factus
1814 582 2037 645 obiisse,
2066 579 2211 650 quod
2235 553 2414 632 visum
2445 580 2529 627 est
2561 564 2877 629 Sirmondo,
2895 575 3074 631 neque
3099 563 3226 629 post
3252 553 3406 609 initia

2339 664 2351 667 -
2586 660 2607 667 -
2645 658 2657 667 .
2928 650 2948 667 ,I
2987 642 3381 667 ,ιξε-..1-,.Ξι.--ι

142 642 340 667 νι---η-
359 642 542 648 --ηπ-
569 642 883 648 τπ--ν---
1424 642 1435 653 ,

139 685 372 757 pontifex
395 693 585 740 noster
611 692 671 741 et
706 682 1021 755 apostolus,
1055 681 1215 752 205
1240 690 1297 736 et
1332 678 1622 750 propheta,
1658 686 1715 732 et
1815 642 2387 739 Leonis-imperatoris
2415 658 2774 732 superfuisse,
2802 650 2951 724 quod
2981 648 3105 704 aliis
3121 642 3412 715 placitum.

2318 756 2321 757 ν
2545 752 2557 757 -
2683 748 2695 757 .
2720 748 2734 757 .
2808 746 2840 757 -.
3158 732 3384 757 νηηλη

141 793 244 833 rex.
308 777 483 833 Moses
549 777 701 831 enim
753 775 981 831 divinus
1029 775 1187 845 longe
1243 782 1372 827 ante
1405 770 1711 827 clamabat:

143 869 445 940 Prophetam
468 868 613 921 vobis
634 865 914 920 suscitabit
946 863 1197 917 Dominus
1222 861 1363 915 Deus
1385 861 1446 915 de
1463 860 1716 932 fratribus

143 961 335 1023 castris,
365 960 501 1013 sicut
520 972 604 1011 me
626 966 676 1010 ιι.
697 956 770 1010 Et
791 954 1016 1010 divinus
1042 951 1212 1008 David
1244 950 1580 1007 vociferatus
1611 957 1714 1009 est,

144 1050 593 1108 dicenszlurauit
627 1048 913 1112 Dominus,
965 1053 1014 1098 et
1070 1061 1176 1098 non
1221 1041 1488 1115 paenitebit
1544 1057 1661 1093 eum
1699 1057 1716 1093 .-

144 1143 211 1197 Τι
244 1158 295 1195 es
342 1142 597 1196 sacerdos
669 1143 729 1194 in
783 1146 1065 1202 «ternum,
1125 1135 1413 1190 secundum
1481 1133 1721 1187 ordinem

145 1235 539 1291 lctclu’scdcc'.
590 1233 1009 1302 Conﬁrmatque
1077 1228 1424 1300 prophetiam
1503 1225 1723 1281 divinus

144 1329 446 1399 Apostolus,
523 1336 581 1384 et
624 1327 829 1383 iterum
854 1327 932 1381 ait
989 1344 1004 1380 :
1055 1325 1316 1380 Habentes
1379 1337 1503 1393 ergo
1549 1321 1724 1391 ponti-

144 1421 278 1491 ﬁcem
315 1438 602 1493 magnum,
638 1422 730 1491 qui
778 1420 1075 1490 penetrarit
1114 1419 1289 1481 cwlos,
1317 1415 1498 1470 Iesum
1530 1411 1724 1467 Filium

146 1515 247 1579 Dei,
282 1524 568 1569 teneamus
606 1514 991 1583 confessionem
1014 1517 1057 1565 ι.

200 1608 288 1663 ιι.
318 1608 485 1663 Hunc
515 1607 767 1662 laborem
791 1602 1183 1675 excepitalius,
1211 1609 1439 1673 rogante
1470 1600 1725 1672 Hypatio,

148 1699 456 1769 czterisque
493 1697 885 1762 familiaribus,
928 1695 1159 1759 veritis,
1219 1709 1289 1748 ne
1333 1708 1458 1748 cum
1511 1691 1729 1747 inﬁrmo

148 1790 419 1861 fractoque
444 1791 610 1846 annis
639 1797 697 1845 et
722 1789 882 1844 malis
908 1786 1241 1843 Theodoreti
1266 1800 1519 1856 corpore,
1553 1785 1728 1840 inter-

150 1885 241 1940 iret
268 1883 479 1940 esimia
510 1884 568 1937 in
636 1882 988 1938 elucidandis
1013 1880 1315 1950 Scriptura:
1340 1877 1613 1933 abstrusis
1647 1877 1731 1931 lo-

151 1977 235 2041 cis,
269 1993 381 2046 qua
405 1976 675 2047 pollebat,
715 1974 988 2030 doctrina.
1031 1992 1050 2025 ι
1081 1972 1314 2043 Scripsit
1343 1972 1509 2042 igitur
1543 1968 1732 2039 expla-

152 2066 424 2121 ntionem
478 2065 678 2135 (verba
722 2073 855 2119 sunt
900 2062 1173 2133 Photii")
1210 2063 1267 2116 in
1309 2060 1732 2125 Octateuchum,

152 2173 257 2227 qua:
291 2159 724 2229 inscriptionem
778 2167 943 2212 nacta
976 2165 1063 2212 est
1111 2155 1263 2226 operi
1315 2161 1732 2225 congruentem,

154 2248 201 2304 in
228 2250 467 2306 obscura
513 2259 573 2306 et
601 2252 857 2308 abstrusa
909 2249 1208 2320 Scriptura:
1236 2250 1354 2303 loca
1388 2247 1484 2301 :in
1537 2246 1739 2318 quibus

156 2351 264 2397 sunt
296 2353 353 2399 et
392 2344 463 2398 ad
511 2343 690 2400 libros
718 2343 951 2413 Regum,
981 2350 1036 2396 et
1062 2342 1117 2395 in
1152 2340 1590 2410 Paralipomena.
1618 2338 1738 2394 Uli-

156 2433 415 2490 lissimum
443 2445 633 2490 autem
659 2434 717 2490 in
751 2435 947 2505 primis
980 2434 1085 2488 hoc
1116 2448 1276 2503 opus,
1309 2452 1326 2484 ι
1364 2441 1473 2487 etc.

224 2525 461 2581 Miretur
486 2541 623 2581 vero
660 2525 937 2595 quiSpiam
958 2564 973 2588 ,
1011 2523 1291 2578 hominem
1319 2522 1741 2593 septuagenario
1780 2574 1787 2583 ,

157 2624 435 2694 majorem,
461 2622 688 2677 inﬁrmo
719 2637 972 2692 corpore,
1016 2619 1316 2689 fractisque
1346 2618 1583 2678 viribus,
1619 2626 1743 2671 tam

159 2727 257 2771 tum
287 2731 461 2787 opus,
498 2723 653 2770 tanta
685 2715 739 2768 vi
773 2714 997 2778 mentis,
1032 2722 1143 2767 tam
1176 2726 1344 2782 parvo
1373 2719 1614 2780 tempore
1647 2708 1743 2763 ab-

159 2808 404 2863 solvisse.
448 2806 561 2863 Sed
584 2807 789 2861 mirum
830 2805 1002 2875 magis
1022 2813 1127 2869 est,
1160 2803 1496 2873 dignumque
1519 2807 1746 2871 propter

158 2899 288 2968 quod
320 2899 620 2953 immensae
649 2897 748 2953 Dei
772 2896 1099 2967 benignitati
1132 2895 1324 2951 laudes
1352 2894 1617 2963 rependat
1641 2893 1746 2947 Ec-

161 2992 306 3047 clesia
329 2990 679 3048 Theodoreti
723 2989 1008 3045 laboribus
1034 2988 1245 3053 fruens,
1285 2986 1432 3057 quod
1470 2984 1747 3041 scribendi

162 3081 306 3137 simul
332 3089 403 3138 et
432 3080 660 3137 vivendi
689 3081 852 3137 ﬁnem
878 3080 1072 3136 fecerit
1097 3079 1243 3134 inter
1273 3077 1466 3133 laudes
1509 3074 1747 3131 incredi-
1777 3111 1819 3166 ο

163 3175 277 3232 bilis
296 3174 736 3241 misericordiae,
760 3191 869 3246 qua
912 3175 1058 3229 Deus
1087 3174 1368 3228 Manassen
1393 3171 1749 3241 castigatione

164 3270 224 3324 ad
258 3269 561 3324 meliorem
600 3266 811 3337 frugem
854 3265 1156 3337 compulit;
1208 3264 1465 3336 quodque
1501 3278 1655 3317 suam
1694 3262 1751 3317 in

166 3362 410 3420 llanasse
443 3363 669 3418 videtur
692 3361 1053 3417 adumbrasse
1088 3369 1314 3423 sortem,
1363 3358 1753 3426 sincerumque

166 3457 320 3512 animi
383 3471 614 3511 sensum
670 3453 1028 3523 expressisse.
1087 3452 1179 3507 Sic
1239 3451 1388 3506 enim
1438 3449 1751 3504 scribit“:

175 3568 190 3599 ι
214 3547 343 3603 Luit
393 3562 591 3618 poenas
631 3545 929 3616 impietatis
979 3544 1253 3600 Manasses
1287 3562 1300 3596 :
1335 3542 1567 3598 traditus
1608 3543 1755 3595 enim

169 3650 241 3696 est
281 3640 408 3712 regi
441 3639 795 3711 Assyriorum
839 3638 1171 3707 vinctusque
1199 3635 1255 3689 in
1297 3635 1629 3706 Babylonem
1658 3633 1756 3688 ah-

171 3733 401 3798 ductus;
440 3731 543 3788 sed
571 3731 703 3785 huic
728 3739 912 3785 tamen
952 3726 1343 3783 misericordiae
1386 3726 1566 3781 fontes
1597 3726 1757 3797 abys-

172 3840 256 3879 sus
279 3821 653 3894 benignitatis
675 3819 961 3891 impertiit.
982 3818 1266 3887 Postquam
1297 3816 1455 3881 enim,
1476 3817 1572 3880 ait,
1597 3787 1761 3869 coan-

174 3923 413 3986 διδωμι
431 3922 511 3969 est
534 3911 828 3976 Manasses,
863 3911 1036 3965 oravit
1071 3909 1357 3963 Dominum
1393 3906 1560 3961 Deum
1584 3925 1760 3973 suum,

178 4018 221 4062 et
247 4006 572 4063 hunsiliatus
604 4011 677 4059 est
716 4002 870 4059 ualde
914 4018 1094 4056 coram
1135 4000 1244 4054 Deo
1278 4008 1493 4071 patrum
1523 4015 1763 4063 suorum,

178 4112 219 4155 α
245 4102 567 4172 deprecatus
612 4106 688 4152 est
731 4113 873 4163 eum,
912 4103 962 4148 et
992 4094 1260 4149 exaudivit
1306 4109 1479 4147 vocem
1512 4091 1646 4162 ejus,
1684 4106 1769 4144 re-

181 4193 429 4264 ﬂuitque
461 4207 588 4245 cum
637 4185 1065 4258 Hierosolymam
1107 4186 1164 4240 in
1196 4201 1421 4255 regnum
1466 4200 1652 4245 suum,
1720 4190 1769 4234 et

182 4286 416 4358 cognovit
457 4282 733 4340 Hannsses
780 4279 922 4352 quod
958 4278 1214 4333 Dominus
1266 4280 1376 4347 ipse
1413 4282 1545 4329 esset
1585 4274 1768 4337 Deus;

186 4392 356 4448 usque
400 4374 542 4431 adeo
606 4372 923 4429 volentibus
988 4368 1216 4440 prodest
1264 4366 1554 4437 castigatio
1596 4382 1609 4418 :
1649 4381 1772 4434 quae

185 4470 326 4526 enim
358 4482 598 4541 regnans
622 4481 735 4522 non
758 4463 974 4531 habuit,
1006 4463 1123 4518 haec
1152 4460 1398 4518 serviens
1422 4457 1682 4515 obtinuit.
1714 4476 1730 4509 ι

752 4580 770 4600 ⁶
799 4576 1026 4634 CAPUT
1061 4575 1203 4631 XIII.

190 4673 230 4729 1.
593 4670 1099 4758 ειπεὶεἱριξιγεεηξῃαε,
1132 4682 1235 4758 'q'uo
1251 4665 1598 4758 Theodore‘tlu's
1612 4661 1767 4758 gbiit.

253 4744 321 4816 Il.
334 4744 523 4816 Diffcrt
548 4741 697 4816 ultra
712 4732 938 4816 modum
948 4732 1287 4816 Marcellinus
1301 4732 1773 4816 cont‘eszlll;T/‘teo-

251 4802 626 4900 ἀρηζιεεεοτ
654 4813 851 4900 ἱηηηιιξτ,
872 4809 958 4900 tv.
988 4808 1125 4900 ora:
1149 4825 1290 4900 a‘nno
1319 4806 1445 4900 ﬁt}.
1475 4805 1542 4900 γ.
1574 4802 1775 4900 Defun—

252 4895 371 4941 ctus
402 4887 457 4941 in
506 4899 638 4954 pace
689 4880 955 4954 Ειπςιεςςέςιι⁸
1002 4881 1280 4954 asseritur.
1458 4874 1777 4954 Assertionis

260 4948 579 5029 argenteum
606 4962 826 5026 septem.
861 4950 977 5008 VII.
1005 4950 1258 5021 Elogium
1287 4948 1538 5017 defuncti.

734 5064 883 5115 Anno
909 5059 1091 5115 Christi
1126 5061 1235 5111 458.

266 5176 431 5249 306
451 5175 497 5231 l.
526 5173 648 5243 Quo
676 5182 929 5243 tempore
957 5168 1343 5225 Theodoretus
1366 5163 1587 5229 obierit,
1624 5175 1786 5215 nemo

205 5268 424 5324 deﬁnite
457 5266 645 5324 tradit.
680 5263 1004 5322 Gennadius
1025 5261 1347 5317 defunctum
1373 5257 1449 5311 ait
1476 5255 1579 5310 sub
1603 5253 1786 5308 Leone

275 5422 484 5479 ςυευι.
508 5437 659 5492 mn,
685 5399 804 5478 15..
861 5430 883 5458 τ
912 5419 1054 5475 Psal.
1079 5434 1185 5483 (ιιι,
1213 5416 1265 5470 ι.
1344 5426 1364 5451 ³
1399 5412 1566 5467 Hebr.
1588 5427 1681 5471 vn,
1711 5408 1800 5460 “2|.

1820 765 1969 820 Facit
2011 732 2280 815 adversus
2304 752 2658 811 Sirmondum
2682 748 2738 802 id
2767 746 2958 808 etiam,
2981 738 3129 811 quod
3158 736 3199 791 Τ
3207 732 3414 791 heodo-

1820 863 1973 909 retus
2017 850 2183 905 fuerit
2217 846 2398 902 adhuc
2439 842 2496 896 in
2542 839 2684 894 vivis
2711 837 2800 891 die
2829 834 2896 888 l0
2931 830 3081 887 Junii
3116 825 3247 884 anni
3278 823 3409 887 453,

1820 961 1931 1017 quo
1958 954 2204 1012 tempore
2247 939 2462 993 litteras
2515 930 2585 986 ad
2635 944 2761 986 eum
2802 932 3027 981 sanctus
3064 920 3177 975 Leo
3221 914 3413 972 dedit:

1822 1007 1952 1093 facit
1998 1007 2190 1090 contra
2241 1030 2399 1094 alios,
2447 1020 2594 1098 quod
2643 1022 2713 1076 de
2748 1017 3101 1074 Thcodoreto
3135 1010 3286 1065 nulla
3320 1007 3415 1062 ﬁat

1823 1128 2031 1184 mentio
2060 1132 2183 1196 post
2213 1123 2412 1177 initum
2440 1135 2470 1173 a
2509 1117 2691 1171 Leone
2724 1107 3039 1179 imperium.

1894 1222 1959 1276 ιι.
1999 1195 2267 1273 meminit.
2306 1199 2887 1273 fateor,‘Tbeodoreti
2932 1195 3284 1252 Marcellinus
3323 1204 3419 1244 co-

1824 1327 1942 1367 mes
1970 1308 2037 1362 ad
2070 1320 2272 1361 annum
2301 1300 2507 1357 Christi
2554 1295 2676 1360 466,
2709 1292 2893 1347 Leone
2928 1286 3142 1342 setiiore
3184 1298 3242 1337 ιιι
3286 1294 3419 1334 con-

1827 1406 1965 1469 sule,
1982 1402 2096 1457 ind.
2114 1417 2194 1455 tv:
2216 1418 2234 1450 ι
2250 1395 2653 1454 Theodoretus,
2672 1385 2872 1456 inquit,
2890 1382 3179 1452 episcopus
3196 1384 3423 1431 sanctus

1826 1498 1951 1571 Cyri
1979 1493 2236 1555 civitatis,
2266 1487 2487 1558 scripsit
2519 1484 2589 1538 de
2632 1475 3008 1534 incarnatione
3055 1467 3271 1524 Domini
3320 1464 3419 1518 ad—

1828 1606 2023 1648 versus
2044 1586 2328 1658 Eutychen
2350 1589 2404 1637 et
2430 1580 2754 1634 Dioscorum
2767 1564 3148 1625 Alexandrinae
3169 1558 3425 1615 Ecclesiae

1831 1684 2174 1754 episcopum,
2188 1677 2283 1749 qui
2304 1676 2601 1729 humanam
2615 1668 2668 1722 in
2686 1663 2910 1721 Christo
2924 1670 3144 1714 carnem
3168 1657 3385 1721 negant.
3399 1667 3417 1699 ι

1762 1751 1805 1806 Β
1834 1745 1939 1831 Sed
1962 1745 2186 1843 apertus
2208 1745 2294 1824 est
2319 1767 2388 1821 de
2438 1772 2683 1832 tempore
2722 1771 2879 1813 error
2923 1745 3221 1807 Marcellini
3254 1761 3268 1797 :
3298 1755 3425 1797 nam

1835 1880 1959 1921 cum
1998 1834 2298 1923 -Gennadii,
2354 1853 2766 1910 Theodoretum
2810 1842 3084 1901 tradentis
3141 1834 3426 1906 scripsisse

1835 1967 2026 2013 contra
2047 1954 2329 2026 Eutychen
2358 1957 2415 2004 et
2433 1947 2775 2004 Dioscorum,
2803 1947 2860 1994 et
2879 1936 2983 1992 sub
3006 1933 3189 1988 Leone
3209 1927 3427 1983 seniore

1837 2058 2134 2112 mortuum,
2173 2044 2337 2100 verba
2365 2037 2706 2096 exscriberet
2731 2076 2746 2099 ,
2791 2028 3058 2100 temporis
3081 2020 3426 2079 indeﬁnitam

1836 2146 2021 2193 notam
2045 2136 2113 2191 de
2149 2134 2327 2188 media
2355 2139 2509 2201 parte
2534 2125 2747 2196 imperii
2785 2120 2986 2176 Leonis
3020 2117 3422 2183 interpretatus

1837 2239 1942 2297 est,
1980 2231 2035 2284 in
2060 2242 2171 2299 quo
2199 2227 2399 2281 mirum
2432 2230 2700 2292 quantum
2728 2212 3129 2274 hallucinatur;
3155 2202 3430 2275 siquidem

1840 2325 2155 2385 Eranistes,
2190 2317 2284 2388 qui
2316 2322 2506 2370 contra
2531 2308 2816 2381 Eutychen
2838 2314 2894 2359 et
2927 2302 3255 2357 Dioscorum
3296 2293 3440 2350 serio

1841 2430 1970 2490 ptus
1997 2414 2198 2470 dicitur
2229 2426 2260 2464 a
2307 2402 2611 2466 Gennadio,
2639 2397 2846 2471 prodiit
2872 2395 2927 2449 in
2957 2394 3136 2447 lucem
3166 2392 3294 2442 ante
3329 2398 3431 2437 an-

1842 2526 1975 2566 num
2004 2506 2129 2568 416,
2181 2513 2241 2557 ut
2277 2501 2334 2555 in
2365 2495 2687 2553 recensione
2734 2489 2976 2559 Operum
3024 2478 3316 2537 manifesta
3353 2490 3438 2530 ra-

1845 2604 1992 2658 tione
2017 2594 2311 2654 conﬁcitur
2327 2591 2396 2645 ³³.

1913 2693 2001 2748 lll.
2036 2686 2363 2744 Theodorus
2400 2680 2602 2735 Lector
2637 2674 2697 2729 in
2732 2662 3097 2729 Collectaneis
3120 2664 3166 2695 "
3195 2661 3312 2714 haec
3344 2656 3441 2710 ha-

1846 2789 1934 2843 bcl
1970 2803 1984 2838 :
2023 2803 2040 2835 ι
2079 2782 2288 2839 Urnam
2335 2771 2721 2829 Theodoretus
2770 2776 2968 2832 magno
3006 2754 3212 2814 Jacobo
3246 2749 3314 2804 ad
3349 2762 3440 2803 se-

1848 2879 2126 2950 pulturam
2165 2867 2410 2943 paravit;
2440 2864 2621 2935 ipsum
2641 2865 2824 2914 autem
2854 2849 3265 2907 Theodoretum
3288 2841 3445 2913 prius

1850 2935 1984 3024 inuri
2004 2935 2265 3035 contigit:
2292 2961 2348 3014 in
2368 2956 2562 3014 eadem
2593 2961 2773 3007 tamen
2806 2954 2863 2999 et
2883 2946 3000 3015 ipse
3024 2953 3255 3010 magnus
3282 2935 3444 2990 Jaco—

1851 3064 1956 3117 bus
1988 3032 2304 3114 reconditus
2323 3057 2428 3105 est.
2467 3066 2486 3099 ι
2540 3044 2672 3100 Inde
2702 3046 2883 3112 potest
2909 3052 3020 3091 non
3043 3032 3280 3087 obscure
3309 3040 3414 3080 con

1853 3151 2001 3208 cludi
2039 3158 2274 3216 tempus,
2302 3156 2414 3211 quo
2429 3135 2813 3193 Theodoretus
2840 3124 3103 3183 decessit.
3127 3120 3262 3176 Nam
3288 3117 3444 3172 Jaco-

1853 3246 1958 3299 bus
1990 3242 2081 3295 ille
2120 3206 2544 3301 thaumaturgus
2592 3219 3031 3301 vivebatadhuc
3064 3226 3210 3269 anno
3247 3206 3450 3263 Leonis

1855 3295 2207 3402 imperatoris
2252 3295 2518 3383 secundo,
2559 3315 2654 3387 qui
2694 3295 2900 3369 Christi
2935 3305 3060 3368 458,
3089 3304 3134 3357 si
3164 3315 3273 3371 qua
3303 3296 3439 3351 ﬁdes

1856 3422 2091 3494 Evagrio
2119 3421 2205 3472 "2
2248 3429 2427 3484 neque
2466 3412 2563 3466 diu
2603 3415 2887 3476 superstes
2912 3414 3032 3456 esse
3063 3394 3277 3467 potuit,
3323 3403 3452 3444 cum

1856 3516 1998 3571 foret
2025 3528 2089 3567 ea
2130 3513 2457 3578 tempestate
2482 3497 2778 3557 admodum
2809 3507 2999 3555 senex,
3049 3498 3105 3542 et
3143 3495 3456 3551 nonagena-

1860 3607 1977 3661 rius
2010 3576 2353 3664 saltem,'aut
2393 3595 2560 3650 etiam
2596 3589 2802 3659 major;
2838 3586 3044 3654 quippe
3077 3576 3171 3647 qui
3197 3576 3308 3644 jam
3335 3585 3455 3625 ma-

1861 3701 1951 3772 gni
1978 3699 2121 3753 foret
2154 3689 2392 3748 nominis
2425 3690 2651 3757 pr0pter
2698 3675 3068 3750 prodigiosam
3110 3668 3247 3722 vita:-
3278 3662 3451 3718 ratio-

1861 3754 2010 3854 :iem,
2049 3783 2274 3857 quando
2336 3754 2509 3834 Isauri
2534 3754 2792 3831 latrones
2835 3768 2995 3837 plura
3041 3758 3283 3817 Orientis
3329 3754 3450 3808 loca

1864 3845 2184 3954 depopulati
2216 3884 2347 3930 sunt
2365 3871 2435 3935 ⁵⁸,
2464 3865 2611 3938 quod
2646 3860 2876 3930 contigit
2899 3870 3043 3911 anno
3069 3851 3191 3906 404.
3221 3847 3277 3902 Si
3306 3845 3456 3900 enim

1868 3934 2035 3954 “'r'r
2424 3934 2429 3935 κ
2484 3934 2495 3938 -

1866 3986 2001 4033 tunc
2046 3978 2285 4042 ponatur
2327 3971 2492 4017 natus
2513 3971 2688 4012 annos
2723 3953 2812 4016 55,
2836 3964 2959 4020 quae
2993 3955 3173 4001 tamen
3197 3949 3331 3994 tetas
3368 3934 3463 3989 vix

1867 4072 2020 4120 tanto
2047 4056 2256 4115 nomini
2286 4069 2384 4125 par
2410 4049 2600 4111 fuerit,
2634 4041 2901 4099 dicendus
2937 4043 3022 4091 est
3051 4027 3463 4101 nonagesimum

1867 4168 2074 4211 annum
2118 4146 2440 4205 excessisse,
2472 4149 2601 4194 tunc
2629 4152 2755 4192 cum
2796 4133 2865 4187 ab
2910 4131 3248 4198 imperatore
3281 4119 3466 4173 Leone

1868 4244 2069 4301 litteris
2094 4241 2163 4295 de
2208 4248 2356 4293 tomo
2378 4224 2820 4289 Chalcedonensi
2869 4217 3200 4277 sententiam
3245 4217 3470 4282 rogatus

1872 4346 1974 4393 est.
1998 4333 2132 4401 Quis
2157 4345 2290 4385 vero
2315 4324 2504 4381 credat
2531 4316 2870 4389 superfuisse
2898 4313 2986 4367 vel
3032 4320 3239 4379 paucos
3270 4315 3466 4361 annos,

1804 4454 1845 4508 ι)
1875 4443 2000 4484 cum
2030 4433 2087 4482 et
2136 4422 2323 4478 senior
2369 4424 2516 4472 esset
2558 4410 2787 4481 reliquis
2821 4406 2943 4462 aliis
2977 4400 3275 4459 admodum
3307 4402 3468 4449 actate

1880 4516 2180 4591 provectis,
2208 4525 2443 4583 quorum
2477 4504 2865 4560 Theodoretus
2881 4496 3143 4563 deinceps
3163 4491 3302 4543 vitas
3340 4489 3474 4540 scri-

1878 4611 2021 4682 psit;
2058 4616 2113 4662 et
2141 4620 2261 4661 eam
2293 4602 2420 4655 vita:
2453 4597 2722 4652 rationem
2756 4597 2991 4649 teneret,
3018 4598 3180 4654 quam
3214 4576 3471 4632 Theodo-

1879 4669 2203 4764 retus,licet
2225 4694 2476 4751 oculatus
2509 4687 2685 4751 testis,
2716 4684 2807 4738 vix
2840 4686 3064 4751 propter
3089 4671 3249 4742 207
3289 4669 3473 4722 incre-

1882 4794 2203 4849 dibilitatem
2250 4799 2477 4841 narrare
2511 4795 2678 4835 ausus
2725 4782 2846 4838 est;
2891 4779 2949 4824 et
2986 4763 3237 4835 corporis
3279 4758 3473 4815 habitu

1877 4882 2087 4938 morbis
2141 4874 2416 4932 obnoxius
2474 4870 2635 4931 foret,
2689 4872 2745 4919 et
2793 4860 3044 4916 decimus
3100 4853 3296 4908 tertius
3343 4849 3473 4903 vita:

1876 4971 2241 5044 septenarius,
2284 4964 2379 5035 qui
2432 4959 2678 5016 omnium
2738 4951 2972 5007 maxime
3017 4944 3230 5009 letifer,
3284 4940 3339 4994 in
3374 4954 3474 4993 an-

1878 5082 2010 5122 num
2039 5058 2454 5131 nonagesimum
2480 5052 2717 5123 primum
2740 5040 3036 5101 inciderit?

1954 5155 2043 5210 IV.
2080 5122 2213 5206 Ilaec
2239 5156 2418 5202 autem
2448 5122 2635 5197 omnia
2665 5139 2708 5194 si
2737 5144 2887 5193 recte
2923 5147 2982 5189 se
3008 5130 3234 5193 habent,
3274 5122 3476 5195 proha-

1884 5249 2125 5315 biliaque
2165 5250 2312 5304 sunt,
2348 5237 2645 5294 ostendunt
2674 5229 3085 5287 Theodoretum
3106 5264 3120 5286 ,
3147 5220 3241 5290 qui
3277 5215 3481 5273 Jacoho

1885 5408 1901 5440 τ
1938 5403 2103 5458 llebr.
2128 5417 2214 5464 .lV,
2257 5399 2343 5451 Li.
2422 5407 2447 5434 ιι
2479 5394 2524 5447 11
2555 5390 2731 5447 Paral.
2768 5402 2956 5451 XXXI",
2990 5381 3077 5446 12,
3114 5379 3176 5433 15

1547 5539 1869 5600 SCHULZII
1908 5535 2140 5594 NOTAE.

304 5671 483 5734 “Cod.
511 5679 641 5735 ait.
722 5674 770 5707 ’ί
806 5667 946 5726 Vide
974 5685 1159 5795 Sagra,
1200 5675 1237 5720 ι.
1272 5665 1312 5723 ι,
1348 5682 1400 5744 ρ.
1436 5663 1559 5717 599.
1599 5733 1608 5742 .
1639 5660 1683 5689 δ’
1716 5656 1747 5709 L

304 5760 344 5795 ιι.
373 5749 418 5795 6Δ
447 5750 474 5795 ι
501 5751 546 5795 ta
630 5747 680 5782 σπι
712 5739 966 5795 ϐοηθεῖ..
1004 5742 1037 5795 lt
1088 5782 1098 5793 .
1132 5756 1167 5794 ι.
1248 5738 1290 5767 ⁸⁵
1322 5734 1438 5789 Lib.
1477 5749 1510 5785 ιι
1544 5731 1704 5791 Ητδιη
1741 5748 1747 5772 ε

1855 5646 2197 5778 cgipt.36%:j
2227 5661 2278 5769 εἰ
2471 5642 2517 5765 ἓ
2549 5638 2619 5761 (fit
2652 5639 2865 5760 inferte.
2893 5631 3013 5685 Vid.
3050 5626 3210 5745 igfira.
3245 5619 3379 5674 diss.
3413 5611 3469 5679 ἣν

1932 5763 1945 5776 .
2149 5735 2220 5772 ι.
2286 5755 2298 5768 .
2408 5754 2420 5779 ,
2520 5727 2638 5779 etg.
2714 5718 3012 5769 us.,(-ap.
3077 5729 3159 5747 ι..

230 5754 344 5817 ιιι».
373 5749 420 5820 6,
445 5750 474 5825 ι
501 5751 547 5808 ι.
630 5747 680 5782 ιδ
712 5739 966 5807 eoum,
1004 5742 1037 5795 ιι

1132 5697 1159 5731 ι,
1202 5697 1237 5720 ι..
1275 5697 1312 5723 ι,
1350 5697 1400 5733 γ.
1436 5697 1559 5717 υυυ.
1716 5697 1747 5709 ,υ

1132 5756 1167 5794 ι.
1248 5738 1290 5767 ⁸⁵
1322 5734 1438 5789 Lib.
1477 5749 1510 5785 ιι
1544 5731 1704 5791 Ilist.,
1741 5748 1747 5772 ι

1855 5697 2420 5779 νόΪἾῖΫίὁξιξιιι,
2472 5710 2638 5779 erig.
2697 5708 2840 5767 hist,
2894 5718 3012 5769 cap.
3073 5697 3159 5747 ili.
