3950 6226
491 250 592 317 159

1619 252 1995 312 GAR‘NERII
2040 252 2537 314 DISSERTATIO
2577 254 2627 315 Ι.

3666 249 3783 317 ιω

484 367 552 422 ad
595 368 911 438 sepulcrum
963 367 1198 438 praeivit,
1251 366 1397 422 diem
1449 374 1757 420 extremum
1803 361 2066 417 clausisse
2098 370 2139 422 A
2171 379 2279 433 qua
2313 364 2697 419 Tlieodoretus
2759 376 2894 414 urna
2932 362 3115 419 condi.
3163 364 3265 421 iste
3309 378 3448 433 quos
3492 363 3559 418 ad
3612 363 3789 417 iidem

484 474 597 528 quo
631 475 776 513 anno
805 459 939 523 Leo,
968 460 1063 529 qui
1096 459 1298 514 dicitur
1323 456 1539 521 Senior,
1573 456 1866 526 imperium
1889 470 2078 525 capes-

485 551 636 614 sivit,
672 562 765 605 aut
792 552 975 622 potius
997 552 1040 583 ⁸⁷
1094 559 1391 620 sequente,
1421 549 1515 619 qui
1562 547 1667 604 fuit
1708 546 1916 602 Christi
1948 548 2074 603 458.

560 644 621 699 ν.
674 644 732 698 in
777 660 911 714 pace
943 644 1203 699 Ecclesia:
1231 642 1538 697 decessisse
1577 640 1646 695 de
1677 640 1792 694 vita
1839 640 2077 711 probant

485 737 890 807 amplissimzea
934 736 1216 792 veteribus
1250 734 1566 804 sanctisque
1604 733 1973 803 scriptoribus
2020 734 2075 788 in

382 860 387 865 ι
486 825 666 895 ipsum
697 834 820 897 post
852 833 1083 879 mortem
1120 834 1393 894 congesta:
1432 823 1643 879 laudes.
1681 823 1891 879 Summi
1927 833 2076 878 certe

485 920 776 990 pontifices
800 920 1028 991 Vigilius
1051 920 1118 984 "',
1138 919 1392 989 Pelagius
1421 918 1462 982 1,
1497 918 1749 989 Pelagius
1774 917 1841 981 ll,
1864 916 2073 987 Grego-

485 1010 603 1066 rius
629 1012 854 1083 Magnus
874 1020 930 1066 et
965 1011 1081 1075 alii,
1122 1010 1490 1065 venerabilem
1516 1018 1681 1079 atque
1705 1009 2072 1065 orthodoxum

484 1102 695 1166 dicunt,
738 1101 1173 1172 defunctumque
1234 1101 1288 1155 in
1318 1100 1707 1156 communione
1748 1098 2075 1154 universalis

483 1194 744 1249 Ecclesize
776 1202 1071 1250 testantur.

545 1286 666 1356 ipsa
706 1289 873 1341 etiam
900 1288 1090 1358 quinta
1124 1286 1387 1359 syimdus,
1422 1285 1525 1340 etsi
1569 1282 1856 1340 erroribus
1888 1283 2071 1337 Theo-

478 1378 656 1434 doreti
681 1381 938 1450 graviter,
972 1389 1034 1436 ut
1058 1397 1154 1451 par
1174 1393 1313 1446 erat,
1340 1379 1572 1443 infensa,
1600 1392 1849 1448 persona:
1882 1384 2072 1430 tamen

480 1469 718 1524 detraxit
743 1470 905 1534 nihil,
938 1471 1049 1525 imo
1081 1471 1148 1525 ad
1174 1479 1408 1525 mortem
1447 1484 1623 1538 usque
1665 1483 1774 1521 non
1813 1481 2070 1536 perman-

482 1573 618 1615 srsse
644 1559 700 1614 in
730 1559 815 1624 iis,
845 1576 966 1630 qua:
999 1560 1309 1615 damnanda
1335 1559 1568 1629 putavit,
1593 1564 1785 1627 aperte
1808 1553 2007 1609 innuit.

553 1634 694 1705 Sunt
730 1659 785 1704 et
816 1652 921 1706 alia
964 1651 1285 1723 gravissima
1319 1650 1375 1706 in
1407 1650 1549 1704 hanc
1585 1664 1703 1703 rem
1733 1646 2068 1710 testimonia,

2180 454 2539 510 convertebat
2590 471 2657 510 ex
2706 453 3000 526 gentibus,
3046 454 3272 521 Judaeis,
3345 455 3644 520 haereticis,
3714 453 3790 509 ad

2181 543 2591 600 Theodoretum
2640 545 2934 610 mittebat,
2988 544 3380 601 benedictione
3417 553 3477 602 et
3518 544 3787 602 doctrina

2179 635 2608 692 conﬁrmandos.

2249 730 2525 785 Noluisset
2551 731 2743 800 procul
2759 730 2933 786 dubio
2959 747 3089 787 suos
3111 732 3329 791 cineres
3350 732 3595 787 haeretici
3619 730 3789 786 cine-

2179 818 2334 875 ribus
2371 819 2591 875 misceri
2634 820 2893 885 Jacobus,
2930 822 3169 878 eximius
3198 823 3289 878 ille
3328 816 3458 880 ﬁdei
3489 822 3793 879 catholica:

2175 909 2455 976 defensor,
2498 910 2595 981 qui
2643 922 2870 983 propter
2931 912 3244 970 doctrinam
3298 930 3426 970 cum
3480 915 3796 973 sanctitatt

2176 1002 2549 1072 conjunctam,
2597 1002 2666 1058 de
2712 1003 2907 1075 synodi
2955 1003 3428 1061 Chalcedonensis
3463 1003 3777 1061 retinendi:

2176 1089 2596 1148 deﬁnitionibus
2642 1093 2712 1147 ab
2764 1095 3099 1163 imperatore
3125 1110 3226 1166 per
3266 1094 3481 1150 litteras
3526 1110 3780 1165 rogatus,

2176 1195 2303 1234 cum
2340 1180 2614 1237 universis
2672 1198 2814 1252 pene
2851 1183 3008 1239 orbis
3054 1183 3387 1254 praesulibus
3441 1184 3788 1239 sententiam

2174 1271 2317 1327 dixit
2346 1290 2359 1326 :
2391 1273 2659 1329 noluisset
2706 1274 2916 1345 pariter
2949 1275 3199 1330 mortalis
3253 1276 3345 1330 ille
3404 1276 3637 1347 angelus
3689 1275 3788 1330 Si—

2175 1380 2361 1433 meon,
2392 1382 2558 1437 quam
2604 1368 2811 1438 ubique
2855 1377 3129 1423 terrarum
3176 1368 3538 1439 promovebat
3582 1368 3785 1434 (idem,

2174 1459 2567 1516 communione
2583 1476 2710 1515 cum
2742 1461 3004 1517 haeretica
3029 1462 3301 1533 polluere.

2247 1551 2490 1622 Uterque
2537 1559 2634 1608 aut
2679 1552 3094 1609 Theodoretum
3140 1554 3296 1610 novit
3343 1553 3575 1610 sincerae
3620 1553 3785 1616 ﬁdei,

2173 1651 2271 1698 aut
2293 1654 2355 1700 ut
2397 1643 2554 1700 ﬁeret
2590 1654 2719 1702 ante
2763 1646 3001 1711 obitum,
3028 1662 3140 1717 quo
3167 1648 3360 1703 ambos
3387 1649 3702 1719 praecessit,
3753 1666 3788 1703 a
3816 1702 3822 1709 ,

481 1756 605 1811 quae
629 1744 757 1812 quia
793 1744 937 1798 inter
966 1744 1259 1814 legendum
1296 1742 1498 1813 saepius
1520 1748 1841 1803 occurrunt,
1867 1738 2069 1809 sigilla-
2100 1736 2141 1790 Β
2171 1736 2283 1792 Deo
2337 1736 2582 1793 obtinuit
2610 1756 2623 1792 :
2651 1739 2940 1810 utriusque
2993 1749 3145 1796 certe
3195 1756 3410 1812 preces,
3463 1757 3588 1797 cum
3645 1743 3788 1797 vita:

482 1834 579 1887 tim
625 1836 882 1906 persequi
923 1851 1032 1890 non
1055 1845 1140 1891 est
1172 1851 1313 1906 opus
1341 1853 1355 1889 :
1382 1833 1531 1890 sileri
1562 1844 1741 1888 tamen
1768 1846 1879 1885 non
1904 1830 2069 1885 debet

478 1923 707 1980 Joannis
750 1925 1034 1981 Eucbaitre
1075 1927 1337 1996 elogium.
1375 1925 1604 1980 Vivebat
1654 1923 1744 1977 ille
1782 1922 1885 1976 sub
1925 1920 2069 1976 Con-

479 2016 722 2070 stantino
760 2017 1144 2080 monomacho,
1190 2017 1801 2086 ecclesiasticorumque
1838 2014 2070 2085 scripto-

480 2121 598 2160 rum
639 2108 890 2163 encomia
941 2109 1163 2179 scripsit
1210 2103 1459 2165 v'ersibus
1501 2108 1774 2164 iambicis.
1825 2106 1966 2163 Cum
1997 2105 2068 2161 ad

478 2196 886 2254 Theodoretum
912 2201 1176 2265 venisset,
1225 2201 1341 2257 haec
1362 2200 1580 2265 Ccciltit,
1622 2216 1744 2269 qua:
1781 2199 1853 2256 de
1879 2201 2068 2257 Greco

480 2304 638 2344 versa
663 2288 792 2345 sidut
815 2307 846 2346 a
884 2291 1178 2347 Sirmondo
1208 2333 1221 2347 .

480 2434 527 2510 '_°
559 2435 748 2510 Dogos
775 2439 1057 2508 magistros
1094 2439 1282 2493 litteris
1312 2438 1437 2493 dum
1470 2454 1782 2510 prosequor,

478 2505 608 2559 Jure
639 2505 977 2562 Theodoritus
996 2511 1135 2562 inter
1165 2510 1254 2563 hos
1283 2505 1570 2564 censendus
1612 2505 1712 2571 est,

482 2574 697 2650 iniitus
736 2594 795 2650 ut
817 2580 915 2650 uir,
955 2587 1004 2631 et
1033 2579 1285 2650 magister
1310 2582 1564 2650 optimus,

484 2644 632 2698 Fidei
661 2647 965 2702 orthodoxa:
983 2665 1075 2702 ceu
1101 2644 1353 2705 columnd
1372 2650 1653 2705 immobilis
1681 2667 1700 2705 :

479 2714 673 2789 Quodsi
704 2735 989 2787 parumper
1014 2726 1153 2773 sorte
1179 2721 1412 2789 quadam
1448 2731 1617 2775 motus
1650 2730 1751 2788 est,

476 2785 644 2839 Homo
681 2785 796 2842 erat
818 2805 836 2842 :
866 2785 956 2859 qui
976 2806 1027 2843 es
1058 2785 1234 2857 homo,
1267 2807 1331 2844 ne
1360 2792 1559 2844 crimen
1578 2785 1802 2863 inferds,
1827 2809 1973 2850 cave.

543 2938 632 2994 νι.
680 2942 695 2961 ⁶
727 2940 795 2995 Ει
818 2957 948 2996 vero
978 2942 1072 2997 Dei
1103 2942 1435 3014 benignitas,
1467 2962 1590 3017 quae
1628 2949 1683 3002 in
1710 2963 1903 3005 omnes
1927 2950 2064 3005 libe-

473 3030 605 3085 ralis
625 3041 729 3096 est,
756 3033 811 3086 in
837 3033 1247 3091 Theodoretum
1280 3052 1421 3107 pene
1447 3039 1593 3110 justa
1622 3040 1726 3096 fuit
1751 3059 1764 3094 :
1787 3057 1894 3112 qua
1913 3043 2059 3097 enim

472 3127 705 3191 ratione,
735 3127 780 3181 si
806 3127 933 3182 licet
966 3129 1037 3182 ita
1065 3129 1235 3199 loqui,
1259 3130 1478 3186 sivisset
1507 3132 1563 3187 in
1592 3142 1861 3190 aeternum
1883 3136 2059 3189 inter-

468 3211 606 3267 itum
632 3231 792 3269 ruere
832 3216 1008 3271 virum
1043 3233 1141 3286 per
1173 3226 1252 3273 tot
1279 3220 1541 3275 miracula
1567 3221 1829 3277 donatum
1869 3223 2059 3277 Eccle-

468 3304 583 3369 sire,
619 3313 768 3359 tanta
799 3322 1018 3375 passum
1053 3326 1151 3378 pro
1179 3310 1282 3365 iide
1304 3312 1373 3366 ab
1409 3313 1703 3375 haereticis,
1733 3322 1813 3368 tot
1843 3314 2063 3369 virtuti-

469 3392 576 3447 bus
609 3393 910 3465 insignem,
952 3413 1135 3452 rerum
1166 3400 1533 3454 humanarum
1584 3402 1722 3455 adeo
1750 3402 2064 3472 despicien-

470 3487 601 3544 tem,
632 3489 739 3535 tam
772 3482 1125 3539 laudabiliter
1153 3502 1379 3542 munere
1407 3489 1650 3559 episcopi
1688 3492 2059 3559 perfunctum,

469 3589 634 3642 quem
666 3574 1000 3630 sanctissimi
1025 3577 1230 3647 quique
1267 3594 1375 3633 non
1399 3581 1692 3635 coluerunt
1712 3590 1944 3644 tantum,
1964 3584 2060 3638 sed

469 3664 636 3718 etiam
681 3664 943 3735 singulari
1003 3669 1249 3725 amicitia
1316 3670 1666 3737 dilexerunt;
1724 3653 1835 3726 uno
1890 3674 2062 3728 verbo

467 3759 730 3814 eximium
761 3775 872 3815 non
907 3759 1201 3815 Orientalis
1225 3761 1407 3828 modo,
1439 3763 1532 3816 sed
1572 3762 1845 3818 universae
1875 3763 2061 3819 Eccle-

468 3850 564 3906 sia:
598 3852 805 3906 lumen.
828 3852 928 3906 Vix
968 3867 1070 3923 ego
1105 3852 1436 3907 crediderim
1481 3861 1698 3924 Spretas
1723 3871 1755 3909 a
1788 3855 1900 3910 Deo
1937 3871 2064 3924 pre-

473 3958 587 4006 ces,
633 3958 771 4013 quas
802 3943 995 4012 procul
1033 3942 1205 3998 dubio
1242 3945 1480 4000 incensis
1510 3946 1711 4001 studiis
1745 3962 1846 4017 pro
1881 3946 2063 4001 Theo-

468 4034 662 4089 dureto
695 4034 1017 4089 obtulerunt
1050 4036 1407 4092 admirabiles
1463 4038 1540 4092 illi
1582 4039 1880 4103 monachi,
1939 4039 2060 4094 sive

467 4138 705 4188 aliorum
748 4125 913 4180 vitam
945 4126 1295 4196 conscripsit,
1328 4143 1631 4198 precesque
1669 4128 1918 4199 expetiit,
1944 4131 2061 4185 vel-

468 4216 548 4271 uti
595 4230 694 4285 pro
733 4217 1017 4281 mercede;
1052 4218 1170 4273 sive
1201 4233 1435 4288 quorum
1474 4220 1726 4274 oratione
1766 4227 1929 4275 natus
1952 4229 2057 4285 est,

464 4310 741 4377 altusque,
774 4316 831 4363 et
850 4308 919 4363 ad
947 4317 1162 4364 aetatem
1195 4310 1399 4365 divinis
1424 4311 1591 4381 208
1621 4311 1904 4381 obsequiis
1936 4312 2057 4369 ido-

465 4413 626 4453 neam
656 4408 971 4470 provectus.
1007 4417 1245 4472 quorum
1297 4418 1356 4458 se
1403 4411 1460 4458 et
1485 4419 1589 4473 ope
1619 4404 1910 4459 hareticos
1956 4405 2055 4460 do-

467 4489 691 4553 muisse,
726 4499 783 4545 et
806 4492 1201 4548 consuetudine
1234 4494 1303 4549 ad
1321 4494 1650 4550 sanctiorem
1678 4496 1845 4551 vitam
1870 4497 2059 4554 incen-

467 4596 588 4635 sum
619 4598 762 4647 esse,
797 4582 986 4637 tradit.
1072 4576 1075 4579 ’

541 4671 648 4727 llos
670 4673 816 4729 inter
839 4675 1072 4731 eximios
1104 4676 1200 4732 Dei
1238 4687 1294 4733 et
1322 4676 1653 4735 Theodoreti
1685 4679 1890 4735 amicos
1917 4680 2057 4735 emi-

469 4773 706 4818 cuerunt
758 4766 890 4830 duo,
939 4768 1008 4823 de
1038 4768 1242 4839 quibus
1287 4767 1546 4822 dubitare
1598 4784 1764 4823 nemo
1816 4770 2059 4839 prudens

469 4866 655 4923 quoat,
688 4857 821 4925 quin
855 4859 1204 4915 Theodoreto
1244 4874 1464 4914 omnem
1499 4874 1659 4929 opem
1688 4861 1941 4925 tulerint,
1971 4862 2064 4916 Ja-

468 4949 662 5011 cobus,
720 4950 787 5003 de
827 4966 938 5020 quo
974 4951 1202 5017 dictum,
1243 4961 1300 5007 et
1346 4951 1569 5007 Simeon
1625 4969 1884 5024 magnum
1910 4953 2065 5009 orbis

472 5038 820 5104 miraculum,
872 5041 1035 5094 ambo
1083 5042 1368 5113 stupendae
1421 5044 1766 5108 sanctitatis,
1809 5044 2063 5099 thauma-

472 5130 618 5201 turgi
669 5132 854 5196 ambo,
880 5142 937 5187 et
971 5133 1265 5203 singularis
1307 5138 1451 5206 apud
1498 5140 1668 5191 Deum
1716 5137 1924 5208 gratiae.
1967 5138 2063 5193 llle

474 5218 528 5273 in
578 5218 785 5274 amoris
825 5220 1122 5291 singularis
1156 5223 1576 5289 monimentum,
1611 5226 1787 5281 voluit
1840 5227 2057 5290 eadem,

544 5368 567 5394 '
596 5358 616 5414 i
652 5358 796 5414 Tim.
817 5374 854 5426 ι,
884 5360 970 5425 15,
1001 5361 1086 5417 li.

2175 1826 2337 1881 taedio
2360 1836 2417 1883 et
2447 1828 2754 1900 emigrandi
2782 1830 3085 1901 cupiditate
3119 1840 3425 1897 teneretur,
3448 1833 3635 1889 verbis
3658 1848 3788 1904 pa:-

2175 1920 2422 1993 nitentiae
2457 1922 2795 1992 plenissimis
2818 1925 3070 1995 expetiit.

2244 2013 2528 2084 Ejusmodi
2567 2022 2716 2082 sunt,
2748 2033 2873 2087 qua:
2894 2018 3084 2074 Jacobi
3124 2018 3367 2091 elogium
3396 2018 3732 2075 claudunt“
3766 2036 3784 2073 :

2181 2121 2201 2155 ι
2239 2102 2462 2160 Pietatis
2487 2105 2821 2161 athletarum
2851 2109 3183 2180 agonorbeta
3212 2109 3375 2165 tinem
3415 2110 3548 2165 huic
3586 2119 3785 2165 certa-

2174 2196 2421 2252 minibus
2458 2197 2686 2269 dignum
2713 2200 2941 2266 tribuat,
2965 2210 3044 2268 ut,
3076 2202 3224 2273 quod
3266 2212 3520 2274 superest
3546 2219 3786 2268 cursus,

2174 2293 2345 2362 priori
2372 2294 2699 2358 consentiat,
2730 2294 3014 2366 victorque
3046 2296 3267 2352 tandem
3297 2298 3365 2354 ad
3403 2306 3605 2352 metam
3642 2314 3785 2368 pcr-

2173 2383 2379 2449 veniat,
2403 2394 2460 2440 et
2490 2385 2867 2443 inﬁrmitatem
2914 2399 3158 2445 nostram
3189 2389 3312 2460 eius
3338 2390 3599 2460 precibus
3631 2407 3749 2446 con
3770 2422 3786 2431 -

2174 2470 2377 2538 ﬁrmet,
2405 2481 2466 2528 ut
2506 2477 2853 2532 corroborati
2892 2480 3094 2535 multas
3116 2480 3301 2537 (lades
3333 2488 3550 2535 nostras
3584 2497 3784 2535 resar-

2155 2548 2403 2628 'ciamus,
2430 2573 2487 2620 et
2510 2583 2575 2621 ex
2599 2567 2700 2622 hac
2729 2568 2839 2624 vita
2864 2571 3103 2626 victores
3130 2570 3483 2626 excedamus.
3510 2591 3527 2622 ο

2244 2654 2384 2711 Sunt
2412 2666 2468 2711 et
2510 2658 2613 2713 ista
2668 2660 2723 2713 in
2772 2661 2951 2732 elogio
2982 2662 3256 2718 Simeonis
3292 2681 3351 2717 ει
3392 2663 3666 2719 Caeterum
3718 2665 3783 2721 iu

2172 2746 2257 2802 his
2274 2746 2404 2801 dum
2435 2760 2709 2816 versatur,
2740 2761 2905 2823 atque
2926 2754 3041 2809 haec
3066 2755 3249 2810 omnia
3279 2764 3523 2826 praestat,
3551 2765 3781 2812 sancta-

2172 2855 2296 2894 rum
2332 2840 2495 2896 simul
2521 2842 2895 2900 Ecclesiarum
2939 2847 3342 2916 providentiam
3375 2863 3487 2902 non
3515 2848 3781 2920 negligit,

2169 2945 2317 2985 nunc
2360 2948 2610 3002 pugnans
2648 2944 2841 2991 contra
2879 2938 3168 3009 gentilium
3212 2938 3585 3009 impietatem,
3615 2956 3782 2997 nunc

2167 3021 2483 3077 Judaeorum
2519 3024 2776 3096 frangens
2817 3029 3242 3094 contumaciam,
3270 3047 3419 3086 nunc
3464 3018 3773 3086 haeretico-

2165 3129 2285 3167 rum
2316 3123 2522 3170 turmas
2566 3117 2881 3189 proiligans,
2918 3129 3083 3191 atque
3124 3124 3398 3177 interdum
3431 3123 3498 3179 ad
3528 3125 3750 3193 impera

2165 3210 2337 3257 torem
2358 3203 2427 3258 de
2453 3205 2539 3261 his
2570 3206 2781 3263 litteras
2805 3210 3051 3277 mittens,
3084 3212 3364 3268 interdum
3394 3214 3662 3285 praesides
3698 3216 3776 3271 ad

2162 3294 2409 3351 divinum
2445 3299 2623 3353 zelum
2649 3301 2927 3367 excitans,
2963 3304 3111 3374 ipsos
3134 3306 3300 3361 etiam
3342 3307 3623 3363 interdum
3656 3294 3801 3364 Εεέ

2163 3387 2456 3443 clesiarum
2503 3400 2754 3460 pastores
2803 3393 3130 3459 admonens,
3162 3405 3221 3450 ut
3262 3414 3489 3469 gregum
3531 3415 3773 3454 suorum

2162 3481 2424 3550 majorem
2452 3497 2640 3537 curam
2671 3493 2884 3553 gerant.
2917 3504 2937 3537 ι
2983 3486 3049 3540 Et
3081 3496 3267 3556 postea
3302 3506 3316 3542 :
3360 3508 3377 3540 ι
3408 3490 3521 3560 Ego
3545 3507 3683 3546 vero
3709 3502 3773 3547 et

2164 3571 2342 3640 ipsum
2378 3573 2618 3643 propriis
2656 3576 3003 3632 orationibus
3048 3579 3294 3650 adjutum
3345 3581 3400 3635 in
3434 3581 3595 3637 bonis
3646 3566 3795 3640 ἰδιιέ

2163 3662 2449 3717 laboribus
2490 3678 2846 3733 perseverare
2875 3667 3062 3737 cupio.
3115 3677 3172 3722 et
3212 3669 3384 3723 Deum
3415 3686 3535 3732 oro,
3581 3686 3776 3726 meant

2164 3753 2339 3824 ipsius
2362 3755 2533 3809 vitam
2558 3757 2781 3829 corrigi,
2821 3767 2986 3829 atque
3014 3758 3081 3814 ad
3103 3762 3478 3833 evangelii-am
3506 3778 3772 3820 normam

2164 3845 2348 3916 dirigi.
2399 3865 2417 3898 ι

2236 3936 2428 3994 Tantis
2467 3940 2715 4010 patronis
2746 3941 2873 3996 addi
2924 3953 3157 4013 possunt
3202 3943 3441 4001 Joannes
3490 3948 3772 4019 Bttpl'sla,

2163 4029 2337 4084 sancti
2364 4030 2617 4100 apostoli,
2646 4039 2702 4086 ct
2738 4031 2925 4103 inclyti
2967 4043 3256 4106 martyres,
3296 4036 3499 4105 quibus
3543 4055 3770 4093 memo-

2164 4120 2275 4175 rias
2311 4122 2511 4186 erexit,
2539 4122 2746 4192 quique
2788 4123 3122 4195 singularem
3154 4126 3458 4195 laboranti,
3486 4129 3617 4185 dum
3660 4150 3775 4202 pro

2164 4212 2269 4268 ﬁde
2299 4223 2556 4279 certaret,
2585 4229 2746 4284 opem
2771 4217 3036 4271 tulerunt.

2234 4303 2375 4359 Addi
2397 4304 2565 4359 etiam
2594 4313 2775 4374 potest
2802 4305 3070 4360 immensa
3090 4322 3393 4377 pauperum
3428 4310 3767 4377 multitudo,

2163 4411 2329 4466 quam
2354 4411 2562 4466 pauper
2588 4396 2703 4466 ipse
2734 4395 2929 4461 factus,
2958 4399 3074 4453 suis
3099 4408 3154 4455 et
3180 4400 3438 4455 Ecclesia:
3466 4400 3630 4457 bonis
3656 4421 3769 4474 pa-

2165 4489 2263 4544 vit.
2296 4488 2580 4556 Quomodo
2606 4490 2752 4544 enim
2782 4490 3216 4547 misericordiam
3255 4510 3363 4548 non
3395 4494 3464 4549 sit
3491 4511 3762 4553 consueu-

2166 4591 2254 4638 tus
2279 4600 2310 4638 a
2336 4583 2499 4653 209
2522 4584 2631 4637 Deo
2648 4585 2815 4638 homo
2843 4593 2951 4639 tam
2980 4584 3203 4655 profuse
3227 4588 3585 4643 misericors?
3616 4607 3769 4659 pne-

2165 4676 2353 4732 sertim
2389 4692 2512 4732 cum
2554 4678 2800 4749 Apostoii
2824 4680 2993 4735 verba
3044 4696 3308 4750 usurpare
3337 4691 3557 4751 posset,
3589 4681 3766 4737 Blas-

2167 4772 2383 4841 pliemus
2400 4769 2474 4840 fui
2498 4772 2577 4841 (in
2602 4771 2926 4841 Christum),
2959 4782 3259 4843 persecutor
3291 4774 3512 4839 (sancte
3536 4778 3764 4847 synodi)

2165 4870 2215 4915 et
2246 4862 2657 4917 contumeliosus
2693 4863 2769 4933 (in
2793 4862 3107 4935 Cyrillum),
3140 4865 3513 4936 “dignorum
3548 4868 3647 4936 feci
3700 4871 3765 4924 iu

2164 4952 2554 5017 incredulitate,
2587 4955 2706 5009 zelo
2753 4971 2861 5025 prze
2902 4954 3116 5010 fervore
3164 4966 3404 5011 mentem
3437 4969 3761 5015 cmovente.

2165 5043 2625 5113 Superabundavil
2654 5054 2830 5100 autem
2846 5048 3023 5117 gratia
3046 5047 3258 5101 Domini
3296 5054 3463 5101 noslrt
3493 5067 3617 5104 cum
3649 5051 3768 5119 ﬁde

2165 5145 2212 5189 et
2240 5135 2534 5201 dilectione,
2575 5154 2692 5207 qua:
2714 5149 2788 5192 est
2817 5143 2872 5193 in
2900 5137 3111 5195 Christo
3148 5140 3275 5194 Iesu
3294 5150 3343 5195 τ.

2237 5227 2349 5282 VII.
2389 5228 2687 5295 Permitte,
2724 5229 2956 5294 Lector,
2995 5240 3057 5286 ut
3111 5231 3241 5287 loco.
3275 5231 3440 5302 ϐίοαῆ
3489 5232 3765 5292 defuncto

1810 5437 2130 5494 SCIIULZII
2169 5436 2403 5495 NOTAE.

540 5571 597 5646 '_’_
621 5568 725 5646 ενοι
785 5571 1153 5646 ροιίιιδςηγί-ιικ
1183 5573 1343 5636 infra,
1378 5574 1507 5628 diss.
1541 5576 1593 5637 Ξ,
1632 5578 1700 5629 ‹-.’
1728 5576 1770 5629 1.
1865 5580 1913 5630 1.

1992 5581 2035 5609 ⁸⁸
2062 5580 2117 5633 In
2146 5581 2465 5641 constituto,
2503 5581 2554 5633 in
2598 5580 2830 5635 Profess.
2872 5580 3017 5641 fidei,
3054 5580 3106 5633 in
3158 5590 3317 5649 epist.
3347 5581 3400 5637 3.
3427 5582 3509 5632 ΑΛ
3548 5582 3648 5632 lli.
3674 5603 3747 5634 ιιι.

472 5637 516 5721 ’ξ
560 5637 902 5721 Epigramma
929 5642 1089 5721 __illud
1144 5644 1436 5721 integrum
1465 5637 1868 5721 gustatliru'cc
1913 5657 1967 5701 cl.
2000 5649 2195 5721 Latine
2233 5651 2289 5705 in
2325 5637 2734 5721 Prolegomcnis
2768 5652 2855 5705 ad.
2893 5662 2931 5705 ι.
2979 5637 3166 5706 [εάίί.
3195 5637 3445 5705 ἠυδινεε.
3527 5654 3573 5682 ⁶⁹
3628 5654 3746 5710 \nl;

489 5714 530 5764 ι.
568 5708 827 5774 lll,llist.
866 5711 1036 5783 relig.,
1078 5730 1197 5784 cap.
1230 5716 1322 5769 ‘2].
1398 5717 1438 5747 "
1478 5715 1596 5771 Vid.
1635 5717 1795 5783 ibid,
1838 5734 1955 5788 cap.
1983 5720 2071 5772 ἐϋ.
