3950 6226
214 349 301 412 πει
1378 348 1738 408 HISTORIA
1778 348 2288 409 TH-EODORETI.

3356 355 3458 419 162

206 469 417 539 scripti,
440 482 597 537 quam
631 481 736 536 ego
761 467 993 536 concepi
1023 464 1373 526 Theodoreti,
1411 473 1506 518 aut
1539 463 1662 518 vine
1682 480 1779 534 ρο.-
1809 470 1849 520 Α
1945 463 2128 539 palam
2153 465 2548 539 jactqrmt.__v.
2586 465 2990 539 Adjuoabantnr
3019 466 3324 524 Theodoreti
3377 482 3459 526 te—

206 560 313 613 tius
339 575 371 612 a
402 557 745 612 Theodoreto
770 568 932 620 acte,
978 557 1214 627 speciem
1261 557 1358 609 tibi
1397 570 1588 609 rursus
1627 555 1780 609 ellln-

204 664 341 720 gam.
382 648 607 703 Videtur
637 648 800 706 mihi.
826 648 977 716 quod
1014 647 1170 700 initio
1189 645 1323 709 dixi,
1366 661 1474 699 non
1512 645 1779 700 absimilis

204 739 499 793 narrationi
560 741 878 800 lbeatricaa,
940 740 996 793 in
1025 754 1132 808 qua
1182 738 1536 792 induceretur
1592 739 1777 793 infelix

203 831 447 901 quadam
469 843 528 886 et
559 832 891 885 miserabilis
916 832 1110 893 virtus,
1139 831 1344 884 erroris
1362 830 1594 893 artibus,
1621 832 1775 901 quasi

201 920 440 984 Circeis,
490 935 634 989 pene
655 935 849 974 amens
884 920 1100 982 ed‘ecta,
1153 919 1385 972 alienam
1431 918 1663 973 formam
1695 920 1779 974 in-

202 1013 388 1074 duere,
425 1013 479 1066 in
514 1027 691 1081 eaque
721 1026 1018 1082 personam
1056 1027 1113 1065 se
1142 1011 1418 1082 indignam
1457 1011 1552 1065 diu
1592 1028 1774 1082 agere,

200 1105 371 1159 donec
395 1104 586 1158 divina
614 1105 965 1175 percutiente
990 1104 1136 1173 virga
1157 1104 1223 1157 ad
1256 1119 1315 1157 se
1350 1104 1590 1167 rediens,
1625 1112 1679 1159 et
1708 1105 1774 1158 ad

200 1203 472 1249 ostensam
526 1194 728 1248 divina:
775 1193 1027 1247 veritatis
1072 1192 1377 1246 columnam
1433 1194 1773 1263 confugiens,

201 1286 500 1356 prastigias
534 1285 748 1340 erroris
800 1298 913 1339 non
968 1286 1321 1340 erubesceret
1375 1293 1623 1348 tantum,
1678 1286 1775 1341 sed

197 1378 356 1430 etiam
390 1384 803 1431 exsecraretur.

257 1469 393 1523 Nam
428 1469 527 1538 qui
565 1469 712 1522 inter
742 1467 1007 1521 miracula
1033 1475 1090 1520 et
1112 1467 1331 1536 pietatis
1366 1468 1420 1521 in
1462 1468 1584 1522 sinu
1615 1476 1777 1522 natus

198 1560 403 1624 fuerat;
435 1561 533 1629 qui
554 1560 626 1614 ab
651 1558 879 1614 infantia
905 1566 1152 1614 creverat
1182 1559 1236 1612 in
1268 1561 1601 1615 monasterio
1633 1560 1777 1615 inter

200 1652 459 1705 virtutum
483 1649 801 1720 prodigiosa
832 1650 1110 1718 exempla;
1133 1649 1227 1719 qui
1254 1666 1345 1704 res
1366 1650 1634 1706 humanas
1664 1668 1774 1706 non

197 1742 341 1810 prius
363 1748 626 1805 noverat,
662 1756 826 1811 quam
854 1738 1137 1811 despexit;
1162 1742 1255 1811 qui
1281 1742 1336 1796 in
1365 1742 1577 1798 divinas
1607 1743 1778 1801 Litte-

197 1847 277 1886 ras
321 1831 669 1886 incubuerat
725 1831 912 1886 studio
964 1833 1170 1901 pariter
1214 1841 1271 1887 et
1294 1834 1494 1889 indolis
1532 1835 1771 1905 impetu;

193 1923 279 1990 qui
311 1923 586 1991 elegerat,
609 1939 640 1977 a
684 1938 794 1992 quo
821 1923 1135 1988 doceretur,
1167 1925 1359 1988 totius_
1380 1926 1661 1991 Ecclesiae,
1716 1935 1776 1981 ut

197 2022 315 2067 tunc
335 2014 649 2077 ferebatur,
685 2021 699 2035 '
743 2016 1099 2085 magistrum;
1137 2017 1232 2086 qui
1279 2016 1657 2086 imprudenter
1682 2028 1776 2074 aut

199 2104 491 2160 infeliciter
526 2107 713 2175 potius
740 2121 986 2161 errorem
1038 2107 1163 2161 inde
1194 2107 1406 2169 didicit,
1436 2108 1580 2162 unde
1630 2111 1772 2164 veri-

197 2205 352 2249 tatem
411 2197 713 2277 sperabat;
767 2213 871 2252 nec
906 2198 1097 2252 didicit
1125 2207 1356 2265 tantum,
1381 2201 1475 2254 sed
1500 2201 1774 2257 Theodori

196 2286 344 2351 fama,
378 2304 489 2357 qua
520 2296 669 2342 totus
687 2289 840 2343 orbis
864 2290 1211 2358 personabat,
1240 2291 1509 2346 incautam
1536 2303 1773 2348 mentem

195 2376 517 2439 fascinante,
573 2379 1068 2434 hesteriihteresin
1118 2390 1175 2435 et
1208 2375 1395 2453 Cyrilli
1449 2384 1609 2437 ﬁdem
1650 2401 1774 2455 per—

196 2467 408 2535 spicere
436 2484 549 2522 non
574 2469 784 2533 valens,
813 2469 1088 2524 Theodori
1105 2470 1380 2541 discipulo
1406 2474 1557 2540 favit,
1576 2476 1777 2547 Eccle-

195 2560 279 2613 sia:
307 2561 603 2615 doctorem
647 2560 928 2617 insecutus
964 2575 1066 2617 est.
1099 2564 1299 2619 Verum
1345 2575 1632 2637 postquam
1681 2569 1773 2624 diu

195 2664 283 2717 per
305 2651 502 2706 varios
526 2667 689 2708 casus
717 2662 881 2723 atqne
906 2655 1239 2710 calamitates
1265 2658 1503 2728 jactatus
1520 2670 1773 2726 errasset,

194 2729 309 2795 cum
346 2743 509 2798 velut
549 2744 753 2800 Christi
792 2746 967 2801 hostis
995 2754 1050 2800 et
1076 2748 1368 2818 impietatis
1403 2750 1614 2817 doctor,
1655 2762 1777 2822 post

194 2848 391 2887 novem
411 2843 469 2888 et
490 2836 683 2905 viginti
703 2837 1056 2907 pontiﬁcatus
1078 2852 1251 2895 annos
1274 2840 1340 2894 de
1362 2841 1490 2896 sede
1510 2842 1772 2914 dejectus,

192 2924 455 2979 exclusus
478 2925 724 2991 civitate,
759 2941 903 2996 aqua
939 2935 996 2982 et
1027 2928 1152 2999 igne
1188 2927 1535 2996 interdictus,
1577 2931 1633 2985 in
1664 2948 1778 2987 mo-

193 3015 440 3069 nasterio
488 3016 791 3072 Palaestina:
834 3018 1003 3073 latere
1040 3027 1264 3075 coactus
1310 3030 1485 3088 esset;
1517 3022 1737 3077 tandem
1760 3065 1775 3088 ,

196 3115 303 3174 post
354 3106 709 3177 imploratam
744 3107 944 3162 frustra
975 3117 1257 3178 potentum
1290 3126 1449 3181 opem
1470 3153 1484 3179 ,
1520 3114 1774 3184 despera-
1806 3143 1845 3192 ε

196 3204 419 3265 tamque
437 3211 593 3267 spem
618 3212 835 3252 omnem
860 3198 1044 3262 aliam,
1066 3207 1319 3270 tangente
1344 3202 1456 3257 Deo
1480 3217 1576 3257 cor
1597 3205 1778 3258 homi-

193 3286 290 3349 nis,
320 3286 404 3340 ad
434 3295 675 3341 mentem
707 3287 889 3347 rediit,
919 3287 1174 3357 sedisque
1218 3292 1554 3359 apostolicae,
1601 3312 1620 3344 ι
1658 3310 1779 3362 quae

194 3387 353 3430 recte
374 3374 505 3430 ﬁdei
535 3376 714 3431 radios
741 3376 921 3430 fundit
939 3377 984 3409 “
1037 3377 1223 3448 (verba
1255 3387 1383 3434 sunt
1415 3382 1777 3449 patrocinium

194 3466 598 3538 implorantis),
635 3482 756 3537 quae
776 3468 1149 3523 Ecclesiarum
1183 3471 1357 3526 totius
1385 3472 1541 3527 orbis
1574 3474 1780 3543 princi-

193 3568 381 3627 patum
401 3565 574 3622 tenet,
595 3573 717 3628 qua
740 3559 806 3613 ab
829 3560 976 3614 omni
1003 3575 1217 3629 semper
1236 3561 1487 3617 hmretica
1511 3565 1778 3633 pravitate

194 3647 460 3703 immunis
518 3647 643 3709 fuit,
696 3658 908 3703 rectum
972 3662 1037 3704 ac
1078 3650 1286 3720 justum
1319 3651 1560 3706 tribunal
1618 3651 1776 3707 invo-

194 3738 357 3791 cavit.
386 3756 404 3788 ι

258 3831 399 3885 Inde
428 3844 564 3884 vero
601 3830 885 3886 veritatem
917 3832 1155 3902 primum
1189 3833 1437 3899 edoctus,
1466 3835 1665 3890 deinde
1707 3838 1776 3891 ab

197 3919 386 3990 iniqua
402 3922 649 3975 Dioscori
674 3923 963 3987 sententia,
990 3924 1213 3979 meliore
1228 3926 1456 3995 judicio,
1474 3928 1772 3993 absolutus,

199 4012 419 4067 tandem
442 4011 724 4068 annuente
749 4015 987 4069 concilio
1015 4017 1255 4085 generali
1290 4017 1345 4070 in
1370 4018 1662 4086 pristinum
1693 4020 1773 4073 lo-

197 4119 319 4159 cum
342 4106 660 4170 restitutus,
683 4120 871 4161 veram
911 4106 1189 4176 pietatem,
1225 4123 1354 4162 vera
1389 4108 1494 4163 ﬁde
1533 4111 1773 4164 innixam

200 4196 390 4258 coluit,
415 4195 584 4266 idque
609 4197 724 4266 ipse
754 4197 1028 4267 praestitit,
1057 4197 1522 4268 quod-scripserat
1546 4200 1611 4255 dc
1636 4203 1773 4256 Pro-

200 4287 362 4353 pheta
406 4288 747 4341 exclamante
787 4288 854 4341 ad
899 4288 1067 4342 Deum
1105 4306 1117 4341 :
1157 4290 1319 4357 210
1361 4288 1600 4353 Bonum,
1648 4294 1772 4362 quia

202 4379 489 4433 ἔτιπιὶιὶωεί
526 4394 629 4443 me,
662 4387 721 4433 ut
747 4379 947 4433 discam
977 4379 1385 4450 jnstiﬁcationes
1423 4391 1542 4434 tuas
1568 4391 1632 4436 ιε
1663 4384 1773 4451 egit

2690 537 3017 591 abduxerunt
3083 540 3139 592 in
3201 556 3457 597 errorem.

1956 603 2064 657 VH.
2102 605 2450 659 Theodoretns
2491 622 2605 658 cum
2634 607 2834 666 synodo
2871 606 3277 663 Chalcedonensi
3308 612 3461 666 dam-

1952 681 2113 744 natur
2145 673 2619 744 Constantinopoli.
2654 673 2788 730 VIII.
2829 676 2897 730 Et
2931 675 3141 733 Sidone.
3180 678 3269 733 IX.
3305 681 3458 735 Artes

1947 740 2401 816 Eutycnianornm
2435 740 2504 798 ad
2545 746 2868 816 decipiendos
2891 749 3144 804 homines.
3176 749 3243 803 Χ.
3273 748 3459 806 Conci-

1955 813 2085 866 lium
2108 813 2666 885 Hierosolymitanum.

2385 906 2460 955 Ab
2479 920 2607 956 anno
2632 908 2723 957 458
2745 908 2803 957 ad
2829 907 2938 957 5l8.

1950 1007 1991 1061 Ι.
2028 1006 2142 1061 Etsi
2171 1006 2554 1063 Theodorctus
2583 1009 2793 1079 quievit
2842 1010 2898 1063 in
2942 1025 3078 1079 pace
3120 1019 3177 1065 et
3207 1026 3458 1066 commu-

1879 1096 2043 1150 nione
2078 1097 2370 1161 Ecclesiae,
2408 1098 2549 1153 fama
2592 1107 2771 1154 tamen
2794 1099 2969 1169 ipsius
2991 1116 3301 1169 nomenque
3336 1111 3461 1172 post

1878 1185 2089 1240 obitum
2122 1198 2376 1243 vexatum
2417 1200 2502 1244 est
2535 1208 2548 1243 :
2590 1206 2901 1261 quanquam
2959 1192 3278 1257 laborabat,
3310 1194 3458 1263 quod

1879 1277 2168 1333 honestum
2204 1282 2325 1344 fuit,
2356 1297 2464 1336 non
2497 1283 2640 1352 apud
2669 1281 3002 1347 Catholicos,
3043 1285 3138 1339 sed
3166 1285 3310 1354 apud
3341 1286 3458 1339 dis-

1878 1370 2004 1424 sidii
2028 1381 2307 1437 amantes;
2334 1388 2437 1425 nec
2455 1387 2552 1426 sua
2579 1373 2750 1426 solius
2773 1372 2997 1435 invidia,
3027 1374 3120 1427 sed
3149 1374 3461 1441 apostolica:

1879 1461 2043 1525 sedis,
2069 1476 2100 1515 a
2121 1477 2225 1531 qua
2257 1471 2510 1531 receptus
2531 1470 2671 1525 erat,
2708 1463 2817 1516 imo
2852 1462 3018 1516 totius
3037 1463 3314 1525 Eoi-Iesus,
3336 1478 3460 1531 quas

1879 1564 2067 1609 secuta
2103 1556 2299 1624 capitis
2344 1555 2713 1618 sententiam,
2766 1554 2970 1624 injuria
3023 1554 3341 1608 damnatura
3401 1555 3456 1609 in

1878 1654 2065 1700 sancta
2089 1646 2296 1717 synodo
2314 1646 2749 1701 Chalcedonensi
2772 1646 3025 1700 absolvit.

1950 1738 2080 1792 Erat
2110 1738 2394 1791 enimvero
2436 1745 2567 1791 tunc
2607 1739 2870 1803 temporis
2903 1736 2958 1790 id
2985 1735 3285 1807 gloriosum
3332 1736 3458 1792 uni-

1877 1826 2135 1896 cuipiam,
2168 1826 2390 1880 eosdem
2427 1826 2631 1880 habere
2679 1827 2885 1887 hostes,
2919 1826 3282 1895 eamdemque
3331 1842 3458 1881 cum

1877 1916 2007 1970 sede
2040 1916 2359 1985 apostolica,
2391 1917 2760 1986 universaque
2795 1916 3039 1971 Ecclesia
3070 1917 3309 1986 experiri
3341 1933 3462 1972 sor-

1879 2018 2009 2069 tem,
2054 2023 2156 2061 ncc
2188 2023 2349 2077 posse
2380 2007 2688 2071 criminari,
2725 2007 2857 2077 quin
2894 2008 3302 2064 criminationis
3330 2024 3460 2078 pars

1876 2100 2108 2153 iuaxima
2130 2099 2185 2152 in
2206 2100 2599 2153 meumenicam
2625 2101 2891 2170 synodum
2913 2102 3243 2155 redundaret
3270 2118 3283 2154 :
3308 2116 3456 2168 nam,

1876 2197 2041 2258 prout
2082 2188 2315 2257 quisque
2369 2188 2707 2242 adiciebatur
2758 2190 2942 2243 animo
2988 2204 3116 2259 erga
3163 2190 3455 2261 synodum,

1878 2281 1948 2334 ita
2000 2281 2273 2334 sentiebat
2305 2279 2373 2334 de
2422 2280 2803 2347 Theodoreto;
2854 2282 2948 2349 qui
2996 2281 3230 2351 Eutychi
3268 2281 3456 2336 stude-

1877 2372 2029 2436 bant,
2067 2379 2361 2441 utrumque
2402 2371 2833 2437 aversabantur;
2858 2372 2950 2441 qui
2978 2380 3165 2440 partes
3198 2372 3458 2427 Ecclesiae

1873 2452 2247 2533 sequebantur
2269 2502 2285 2527 ,
2312 2463 2591 2517 communi
2628 2471 2921 2533 utrumque
2941 2463 3124 2518 studio
3155 2477 3458 2533 proseque-

1876 2554 2096 2609 bantur.

1952 2644 2013 2699 ιι.
2050 2643 2139 2699 Sic
2158 2643 2445 2698 fuitunum
2471 2642 2586 2698 fere
2619 2645 2903 2711 saeculum,
2930 2644 3263 2699 Theodoreti
3293 2660 3458 2700 causa

1876 2749 1933 2786 se
1964 2744 2244 2803 utcunque
2293 2734 2495 2802 partim
2550 2734 2925 2788 studiosorum
2977 2735 3215 2799 artibus;
3256 2736 3457 2805 partim

1875 2824 2132 2878 Ecclesiae
2178 2823 2402 2895 iudiciis
2434 2831 2821 2880 sustentante:
2863 2841 3175 2895 quanquam
3224 2841 3319 2880 sex
3358 2826 3459 2880 im-

1875 2924 2191 2983 peratorum
2221 2916 2325 2971 sibi
2358 2917 2592 2970 invicem
2628 2916 3043 2971 succedentium
3069 2915 3269 2979 studia,
3296 2924 3459 2985 prout

1878 3008 2025 3061 varia
2072 3009 2419 3072 exstiterunt,
2455 3009 2529 3063 ita
2552 3008 2923 3062 conditionem
2948 3022 3130 3061 rerum
3176 3007 3459 3077 ipsamque

1881 3099 2208 3154 Theodoreti
2257 3101 2532 3156 fortunam
2572 3100 2918 3153 alternarunt
2945 3139 2958 3157 .
3013 3098 3191 3151 donec
3237 3098 3456 3152 tandem

1883 3187 2045 3241 unius
2082 3187 2343 3251 hominis,
2376 3195 2471 3241 aut
2497 3196 2646 3241 certe
2681 3187 2850 3241 trium
2876 3200 3069 3249 causa,
3101 3200 3225 3240 cum
3254 3186 3459 3240 evasis-

1881 3286 1964 3331 set
2010 3293 2303 3332 commune
2332 3287 2495 3348 atque
2539 3277 2733 3348 ingens
2766 3278 2935 3332 totius
2965 3276 3118 3331 orbis
3150 3275 3454 3343 negotium,

1882 3381 2104 3421 necesse
2138 3368 2261 3432 fuit,
2297 3379 2355 3422 ut
2382 3368 2692 3438 conjunctis
2732 3367 2989 3422 Ecclesiae
3024 3368 3349 3438 imperiique
3372 3369 3455 3422 vi-

1880 3458 2053 3522 ribus,
2090 3458 2295 3528 quinta:
2323 3460 2514 3530 synodi
2554 3460 2826 3530 generalis
2859 3459 3068 3530 judicio
3096 3459 3370 3525 ﬁniretur,
3409 3459 3455 3513 si

1883 3558 2062 3604 tamen
2098 3550 2182 3603 vel
2221 3550 2301 3604 sic
2340 3550 2491 3605 ﬁnita
2517 3560 2632 3617 est;
2670 3565 2770 3605 nec
2799 3551 2947 3606 enim
2977 3550 3225 3605 definitio
3261 3550 3454 3621 synodi

1880 3651 2097 3712 recepta
2133 3642 2236 3696 fuit
2276 3648 2458 3697 statim
2485 3643 2553 3697 ab
2576 3644 2834 3697 omnibus
2856 3642 3018 3697 simul
3048 3642 3330 3709 Ecclesiis,
3358 3642 3455 3698 sed

1879 3732 2138 3801 paulatim
2169 3740 2235 3786 et‘
2255 3732 2410 3801 quasi
2450 3748 2548 3802 per
2570 3741 2771 3802 partes,
2805 3733 2947 3788 adeo
2987 3742 3048 3786 ut
3074 3733 3131 3786 in
3161 3732 3296 3788 orbe
3321 3743 3454 3788 tunc

1879 3823 2190 3892 contigerit,
2224 3824 2371 3893 quod
2402 3822 2458 3877 in
2497 3824 2634 3877 mari
2675 3824 2835 3888 solet,
2870 3833 3159 3894 postquam
3198 3825 3453 3879 horribili

1881 3924 2201 3986 tempestate
2242 3925 2577 3971 commotum
2616 3927 2735 3982 est,
2769 3918 2965 3972 silente
2993 3915 3256 3973 nimirum
3290 3920 3451 3983 cmlo,

1876 4006 2058 4061 adhuc
2084 4006 2243 4061 unda:
2265 4008 2534 4078 mugiunt,
2557 4024 2620 4062 ac
2643 4009 2798 4077 211
2819 4010 2971 4063 velut
2997 4025 3140 4080 mgre
3166 4020 3451 4079 pacantur.

1878 4097 1934 4151 Id
1964 4114 2071 4166 qua
2105 4098 2316 4153 ratione
2341 4099 2969 4169 acciderit,quantisque
3013 4116 3197 4154 rerum
3221 4116 3451 4154 convcr-

1878 4188 2147 4251 sionibus,
2183 4189 2385 4258 quibus
2410 4187 2692 4242 hominum
2722 4189 2966 4253 artibus,
2992 4198 3087 4243 aut
3108 4197 3311 4258 quanta
3361 4205 3452 4256 po—

1878 4281 1988 4335 tius
2025 4280 2278 4335 Numinis
2323 4281 2666 4351 providentia
2694 4289 2975 4350 peractum
3018 4280 3109 4343 sit,
3151 4295 3449 4349 exponere,

1878 4371 2014 4426 nihil
2050 4371 2343 4425 admodum
2397 4378 2613 4440 Oportet
2670 4369 2735 4423 ad
2785 4371 3132 4433 institutum,
3181 4369 3291 4422 imo
3350 4385 3452 4423 nec

1950 536 2215 588 stimonio.
2285 535 2369 588 VI.
2437 536 2627 589 Multos

205 4482 393 4536 nempe
406 4469 632 4537 gratias,
674 4486 692 4518 ι
724 4467 799 4521 ob
823 4482 1016 4522 severa
1054 4466 1253 4522 medici
1276 4468 1538 4531 remedia,
1571 4468 1772 4521 sanita-
1805 4468 1845 4521 Ι)
1871 4477 2053 4544 operae
2071 4462 2308 4531 pretium
2329 4470 2431 4523 est,
2457 4475 2581 4515 cum
2601 4461 2768 4514 multa
2787 4460 3196 4514 Tlieodoretum
3219 4474 3284 4511 ex
3307 4457 3447 4510 obli-

208 4565 307 4611 tem
325 4573 652 4628 agnoscens,
685 4573 808 4627 quae.
831 4558 958 4612 inde
990 4557 1345 4627 processit".
1378 4578 1396 4610 ι

268 4646 495 4711 Exinde,
537 4647 738 4711 credo,
800 4655 986 4702 sancte
1024 4646 1188 4712 vixit,
1233 4648 1448 4717 pristini
1510 4646 1772 4716 temporis

208 4735 398 4791 damna
421 4737 686 4801 sarciens,
713 4746 878 4807 atque
902 4736 1068 4792 etiam
1093 4737 1258 4800 forte,
1291 4755 1414 4808 qua:
1440 4753 1651 4793 summa
1674 4735 1770 4791 Dei

209 4823 598 4892 misericordia,
622 4826 825 4880 meruit
844 4834 1068 4882 sanctus
1091 4828 1222 4882 dici.

779 4943 1006 5001 CAPUT
1043 4942 1180 4999 XIV.

210 5056 252 5111 I.
279 5057 621 5130 impugnotnr
646 5053 804 5130 ’ῥοδςῇ
831 5064 1051 5112 mortem
1073 5129 1077 5130 ν
1101 5059 1165 5111 ab
1184 5058 1516 5130 adversariis
1564 5061 1771 5115 concilii

276 5128 704 5199 Chalcedonensis
760 5128 1126 5199 Entychianis.
1181 5128 1244 5182 II.
1301 5129 1370 5181 Et
1415 5130 1623 5199 quidem
1656 5198 1659 5199 ν
1676 5149 1769 5199 per

271 5198 604 5263 60annos,in
648 5199 836 5268 quibus
878 5198 1084 5268 magna!
1103 5207 1491 5252 commotiones.
1523 5199 1610 5252 Ill.
1632 5198 1769 5264 Quid

270 5279 448 5321 contra
481 5269 758 5323 concilium
794 5269 1111 5341 Eutychiani
1135 5269 1491 5322 ntussitarcnt.
1515 5269 1601 5323 IV.
1628 5268 1767 5334 Quid

286 5433 315 5461 τ
346 5421 480 5477 Psal.
514 5440 690 5489 cum,
728 5424 818 5477 7i.

1874 4567 1984 4620 quo
2009 4559 2220 4605 tantum
2252 4560 2537 4621 spectent,
2573 4560 2629 4605 et
2668 4550 2721 4603 in
2744 4550 2824 4604 eis
2847 4547 3184 4618 exponendis
3217 4545 3443 4614 diligen-

1875 4650 1959 4695 ter
1984 4643 2185 4695 versati
2217 4643 2325 4696 sint
2349 4641 2644 4710 scriptores
2677 4640 2782 4694 [ide
2806 4637 3130 4708 dignissimi,
3153 4635 3317 4690 veluti
3351 4634 3451 4688 Fe-

1874 4732 1952 4786 lix
1976 4732 2236 4789 defensor
2268 4734 2527 4788 Ecclesiae
2552 4734 2811 4786 Romana:
2824 4731 2889 4794 “,
2914 4730 3202 4783 Liberatus
3222 4727 3449 4781 Cartha-

1877 4823 2121 4894 ginensis
2166 4824 2432 4878 diaconus
2453 4824 2518 4889 ⁸⁵,
2557 4822 2820 4877 Leontius
2855 4819 3266 4891 Byzantinus“,
3300 4819 3442 4871 Eva—

1877 4914 2029 4985 grius
2045 4913 2113 4977 ⁸⁷,
2147 4922 2202 4969 et
2231 4915 2345 4968 alii.

1947 5004 2341 5060 Prattcrmissis
2400 5005 2566 5075 igitur
2624 5001 2899 5071 pluribus,
2955 4999 3263 5071 cujusmodi
3318 5006 3445 5053 sunt

1875 5094 2133 5149 Ecclesia:
2175 5095 2554 5149 Alexandrina:
2603 5093 2919 5147 intestinum
2948 5101 3165 5147 centum
3202 5090 3315 5144 fere
3343 5104 3442 5142 an-

1873 5202 2068 5240 norum
2090 5187 2362 5249 duellum;
2392 5185 2653 5240 discessio
2682 5185 2847 5239 totius
2875 5182 3134 5239 Ecclesiae
3149 5179 3444 5236 Orientalis

1875 5289 1905 5327 a
1936 5274 2197 5338 Romana,
2232 5284 2455 5344 propter
2489 5274 2896 5344 improbitatem
2935 5272 3153 5336 Acacii;
3194 5268 3439 5324 Basilisci

1530 5539 1846 5597 SCIIi'Lle
1886 5539 2113 5595 ΝΟΤΑΞ.

283 5696 328 5730 ⁸³
350 5697 449 5755 Vid.
477 5701 650 5771 Epist.
691 5695 802 5771 “"5
834 5703 911 5771 et_
936 5694 1054 5771 liti.
1129 5697 1174 5728 ⁸³
1198 5695 1371 5771 Verba
1407 5706 1534 5771 sunt
1590 5695 1774 5771 Tlieod

1888 5695 2599 5771 [1111110γΙυθιΨιί--Υἱςξῖιι,
2653 5694 2691 5751 I,
2740 5710 2789 5760 p.
2850 5693 2976 5746 “57

3096 5695 3133 5725 θ’·
3161 5694 3426 5753 Brevicul.

227 5761 336 5822 Hist.
372 5761 595 5843 Eutyéb.
674 5770 723 5803 ⁵⁸
751 5766 998 5822 Breviar.
1037 5766 1254 5820 haeresis
1285 5767 1590 5820 Nestorian.
1669 5768 1710 5797 ⁵⁸
1746 5766 1865 5820 Lib.
1900 5766 1974 5819 De
1995 5770 2161 5820 sectis.
2240 5768 2280 5795 “'7
2316 5766 2452 5820 Hist.
2487 5764 2582 5818 lib.
2618 5780 2651 5817 ιι
2686 5772 2736 5816 et
2766 5778 2876 5830 seq.
