3950 6226
487 301 588 364 163

1605 300 1978 361 GARNERII
2020 294 2513 359 DISSERTATIO
2550 295 2602 355 Ι.

3632 294 3735 359 164

484 415 730 488 tyrannis
760 416 1080 487 religionem
1112 417 1374 471 ementita
1399 433 1413 480 ;
1450 415 1774 469 llenoticum
1817 416 2052 471 Zenonis
2086 428 2124 481 Α
2226 415 2312 469 IV.
2345 414 2473 468 Haec
2495 421 2549 467 et
2569 412 2675 466 alia
2697 410 2837 466 clam
2865 410 2966 473 illi,
2993 410 3169 480 palam
3195 426 3326 466 vero
3352 412 3726 481 querebantur

485 510 883 567 discordiarum
937 509 1309 572 incentivum;
1356 506 1676 577 patriarchae
1727 508 1911 577 plures
1955 523 2054 577 pro

484 605 713 661 libidine
740 605 1050 675 principum
1085 605 1316 659 subinde
1345 610 1359 626 ‘
1387 605 1648 673 depositi;
1683 607 1897 661 feminae
1921 615 2052 667 tres,

485 697 746 760 Ariadna,
775 697 1010 750 Zenonis
1038 704 1093 751 ct
1127 695 1431 758 Theodora,
1464 697 1780 750 uxoriorum
1820 697 2050 767 impera-

489 795 669 843 torum
701 789 1013 859 agitatrices
1058 789 1211 857 quasi
1265 787 1456 860 furize;
1487 787 1916 857 Origcnistarum
1943 804 2057 843 mo—

491 880 792 935 nachorum
822 879 1085 933 tumultus
1113 877 1165 931 in
1190 879 1496 940 Palaestina,
1520 888 1630 933 etc.
1657 878 1793 943 :his,
1813 880 2053 949 inquam,

491 974 894 1044 prtrtermissis,
931 975 1187 1042 prosequi
1221 982 1458 1043 oportet,
1490 991 1611 1044 quae
1639 985 1767 1028 sunt
1801 974 2055 1029 Theodo-

492 1065 720 1119 reti:ct
769 1063 898 1116 illud
954 1063 1245 1133 imprimis,
1278 1064 1424 1133 quod
1480 1076 1640 1119 antea
1680 1064 1886 1119 dictum
1949 1074 2054 1129 est,

491 1170 653 1224 quam
676 1163 824 1211 arcte
864 1156 1155 1225 conjuncta
1179 1156 1352 1225 ipsius
1382 1164 1436 1210 et
1456 1166 1660 1212 sanctze
1679 1156 1870 1229 synodi
1895 1144 2058 1211 causa

492 1246 828 1316 populariter
854 1247 1062 1301 credita
1101 1247 1193 1301 sit.

559 1335 649 1391 Ill.
686 1336 789 1403 Qui
831 1346 1017 1407 partes
1058 1338 1321 1407 Eutychis
1362 1338 1749 1408 sequebantur,
1798 1340 2061 1395 adversus

488 1426 932 1483 Cbalcedonense
945 1429 1235 1483 concilium
1257 1415 1424 1483 multa
1450 1430 1800 1499 objiciebant,
1828 1430 1923 1485 sed
1948 1430 2060 1485 duo

492 1520 747 1583 maxime,
776 1520 914 1573 clam
955 1536 1147 1582 unum,
1173 1520 1349 1590 palam
1392 1521 1658 1586 alterum;
1687 1523 1847 1577 ambo
1875 1538 1973 1591 per
2002 1538 2059 1578 sc

493 1609 713 1679 quidem
742 1609 1032 1669 levissima,
1061 1610 1244 1680 gravis
1276 1604 1455 1663 t'atnen
1482 1613 1739 1667 momenti
1766 1612 1912 1682 apud
1944 1615 2063 1668 vul-

493 1716 594 1772 gus
630 1700 780 1755 falsis
807 1701 1160 1769 opinionibus
1187 1710 1535 1772 occupatum.

2157 507 2280 561 tria.
2335 506 2599 570 Primum,
2661 517 2772 556 non
2813 508 3027 557 tantum
3076 502 3359 556 restitutos
3423 517 3454 556 a
3515 506 3734 574 synodo

2156 594 2562 650 Theodoretum
2606 603 2663 648 et
2723 592 2875 647 Ibam
2931 590 3116 662 Cyrilli
3163 590 3590 647 criminatores:
3635 594 3733 648 sed

2154 686 2320 741 etiam
2368 686 2591 755 scripta,
2616 684 2819 754 quibus
2856 691 3080 737 sanctus
3111 682 3237 737 ﬁdei
3278 682 3532 740 defensor
3560 701 3734 740 accu-

2157 780 2383 835 sabatur
2420 778 2667 842 haeresis,
2699 777 2898 847 partim
2930 775 3116 841 tacite,
3157 777 3357 852 partim
3411 786 3600 846 aperte
3633 792 3734 846 ap-

2156 870 2383 940 probata
2415 884 2558 923 esse.
2602 869 2871 929 Alterum,
2917 866 3228 920 damnatam
3267 864 3438 920 fuisse
3467 866 3735 938 Eutycbis

2156 962 2507 1026 sententiam,
2570 960 2844 1015 laudatam
2917 958 3278 1014 Orientalium
3340 958 3535 1023 fidem;
3603 974 3735 1013 cum

2160 1036 2341 1107 tamen
2388 1068 2492 1107 nec
2542 1052 2633 1106 illa
2687 1068 2718 1106 a
2765 1048 3056 1105 duodecim
3087 1049 3362 1120 capitulis,
3394 1063 3497 1104 nec
3552 1048 3663 1103 ista
3702 1062 3736 1101 a

2158 1143 2394 1199 Nestorii
2444 1143 2703 1214 opinione
2749 1141 3015 1197 diﬂ‘crret.
3046 1142 3413 1205 Postremum,
3443 1139 3734 1212 Cyrillum,

2157 1233 2259 1286 etsi
2292 1232 2475 1287 verbis
2511 1231 2828 1287 honoriﬁcis
2856 1230 3162 1300 appelletur
3191 1228 3248 1283 in
3286 1229 3516 1300 synodo,
3551 1229 3736 1298 reipsa

2162 1331 2341 1379 tamen
2364 1324 2539 1395 rejici,
2564 1324 2934 1394 pietatemque
2957 1322 3016 1376 in
3046 1337 3113 1377 eo
3143 1322 3467 1377 catholicam
3492 1321 3739 1391 proscri—

2160 1412 2251 1479 bi;
2286 1414 2729 1484 quandoquidem
2753 1413 2984 1468 duarum
3009 1411 3212 1467 Christi
3245 1421 3569 1467 naturarum
3606 1427 3735 1482 pro-

2160 1513 2492 1573 pugnatores
2524 1503 2976 1565 restituebantur,
3013 1499 3336 1555 defensores
3379 1499 3547 1555 unius
3593 1500 3736 1570 dcji-
3838 1510 3841 1517 ‘

2160 1596 2468 1649 cicbantur.

2239 1688 2296 1742 ν.
2325 1689 2515 1742 Ιειιιειῐιο
2550 1694 2972 1757 quantacunque
2999 1685 3107 1741 fuit
3133 1685 3379 1757 querela,
3411 1700 3521 1739 non
3551 1683 3737 1738 minus

563 1792 715 1848 Clam
750 1792 1132 1856 ntussit-ibant,
1177 1809 1286 1847 non
1334 1808 1454 1847 esse
1487 1802 1735 1847 coactum
1768 1793 1865 1848 Dei
1903 1804 2061 1860 nutu,
2096 1775 2134 1829 Β
2164 1780 2402 1836 habebat
2426 1778 2736 1842 calumniae:
2764 1793 2927 1847 ειυθω
2951 1777 3173 1833 inﬁdi“:
3202 1796 3214 1831 ε
3241 1777 3520 1832 "ﬂebam"
3553 1784 3736 1831 tamen

493 1883 590 1940 sed
613 1885 727 1939 sola
754 1883 918 1938 unius
949 1883 1166 1938 feminae
1210 1884 1398 1939 ulcisci
1443 1884 1752 1953 appetentis
1790 1884 2063 1955 impoten-

432 2012 447 2021 .
494 1976 566 2030 tia
595 1993 609 2029 :
636 1975 965 2029 Marcianum
1001 1973 1256 2045 Augustae
1292 1974 1445 2029 uxori
1480 1974 1798 2029 famulatum
1831 1991 1976 2040 esse,
2005 1985 2066 2032 ut

491 2066 602 2122 dati
646 2066 860 2137 imperii
893 2064 1220 2121 beneﬁcium
1255 2066 1541 2131 redderet;
1576 2067 1915 2122 Pulcheriam
1940 2084 2063 2122 mu-

490 2155 648 2211 liebri
678 2157 961 2212 iracundia
997 2157 1163 2212 ultam
1223 2158 1384 2212 amici
1420 2162 1503 2213 sui
1541 2159 1778 2213 Flaviani
1816 2160 2062 2230 injurias,

491 2257 547 2303 et
572 2248 771 2318 proditi
799 2248 860 2302 de
884 2248 1187 2303 ordinanda
1211 2248 1516 2303 diaconissa
1546 2250 1847 2320 imperialis
1866 2253 2064 2307 secreti

492 2336 666 2392 vicem
704 2336 1042 2405 rependisse,
1096 2344 1152 2390 ut
1200 2347 1577 2406 recuperatam
1617 2338 1933 2394 dominandi
1969 2357 2066 2410 po-

495 2435 748 2485 testatem
788 2433 1128 2490 ostentaret,
1189 2425 1380 2483 fratris
1435 2428 1586 2497 jussa
1628 2429 1796 2498 jussis
1844 2440 2063 2486 contra-

493 2516 613 2581 riis,
657 2515 799 2569 facta
856 2513 1016 2567 factis
1076 2513 1385 2569 rescidisse.
1440 2515 1659 2584 Indixit,
1720 2518 2061 2588 inquiebant,

494 2603 841 2660 Theodosius
886 2603 1182 2658 concilium
1217 2604 1446 2658 sororize
1486 2606 1764 2661 servitutis
1797 2607 1975 2675 liber;
2010 2618 2067 2664 et

492 2709 621 2751 ecce
644 2693 953 2758 Pulcheria,
980 2693 1153 2749 fratre
1174 2694 1264 2748 vix
1294 2694 1575 2757 defuncto,
1603 2696 1749 2750 aliud
1768 2699 1935 2769 cogit,
1956 2716 2066 2769 quo

497 2783 647 2855 prius
678 2783 829 2838 velut
852 2783 1200 2837 latrocinium
1217 2784 1616 2853 proscribatur.
1637 2785 1855 2840 Miserat
1883 2788 2063 2843 Theo-

495 2872 682 2929 dosius
725 2874 794 2927 ad
838 2873 1132 2929 concilium
1174 2875 1484 2944 cognitores
1519 2875 1678 2941 duos,
1726 2893 1960 2946 quorum
1998 2879 2064 2933 ﬁ-

495 2964 619 3021 dem
653 2973 909 3035 expertus
933 2972 1070 3028 erat,
1095 2964 1370 3034 Elpidium
1399 2966 1676 3030 comitem,
1700 2977 1755 3021 et
1775 2968 2062 3038 Eulogium

495 3056 817 3123 tribunum;
844 3056 966 3111 illos
1005 3056 1191 3111 statim
1225 3057 1510 3113 Pulcheria
1536 3059 1592 3112 in
1619 3059 1868 3114 ordinem
1904 3061 2063 3115 reda-

493 3158 614 3205 ctos
634 3149 796 3220 ejecit
824 3149 969 3203 aula.
1007 3146 1380 3217 Chrysaphius
1418 3164 1533 3203 rem
1580 3150 1800 3205 concilii
1842 3167 2062 3221 promo-

494 3247 670 3304 verat,
708 3238 821 3292 imo
862 3245 919 3292 et
966 3237 1281 3307 publicam;
1324 3252 1425 3292 suo
1458 3239 1722 3309 sanguine
1761 3241 2071 3311 parentavit

495 3326 792 3384 Theodosii
830 3328 1106 3384 manibus.
1138 3329 1384 3385 Jusserat
1406 3329 1750 3389 Theodosius
1777 3334 2069 3404 przrsidere

496 3418 741 3474 Flaviani
781 3418 993 3490 judicio
1029 3419 1352 3474 Dioscorum
1382 3436 1506 3475 cum
1540 3421 1802 3478 Juvenalc
1832 3435 1887 3477 et
1928 3424 2070 3478 Tha—

498 3508 681 3573 lassio,
734 3511 932 3580 spretis
988 3510 1248 3566 Ecclesia:
1315 3511 1573 3568 Romana:
1628 3515 1846 3584 legatis;
1897 3517 2072 3571 voluit

497 3599 788 3655 Pulcheria
817 3600 1023 3669 legatos
1055 3600 1202 3655 sedis
1240 3602 1552 3671 apostolicae
1584 3618 1815 3672 przecsse
1839 3596 2069 3677 judicio,

496 3689 645 3761 quod
689 3688 756 3744 de
812 3689 1091 3755 Dioscoro,
1126 3690 1387 3746 Juvenale
1417 3699 1473 3748 et
1522 3692 1804 3749 Thalassio
1857 3696 2069 3751 institui

492 3778 675 3850 jussit.
729 3778 1067 3833 Firmaverat
1100 3778 1441 3836 Theodosius
1486 3781 1682 3835 edictis
1723 3785 1942 3838 concilii
1985 3786 2068 3840 sui

497 3870 863 3936 sententiam;
918 3869 1098 3925 edicta
1152 3870 1351 3926 edictis
1395 3872 1556 3941 212
1607 3876 1898 3929 contrariis
1939 3876 2068 3931 Pul-

498 3958 684 4015 cheria
705 3959 1008 4030 abrogavit.
1034 3960 1233 4030 Ephesi
1261 3961 1547 4017 absolutus
1567 3962 1744 4018 fuerat
1765 3964 2066 4036 Eutychos;

496 4049 842 4106 Chalcedone
921 4050 1232 4106 damnatur.
1297 4052 1498 4123 Ephesi
1565 4054 1875 4119 Flavianus,
1944 4071 2069 4111 eum

498 4137 673 4208 iniqui
701 4138 917 4209 judicii,
943 4148 1057 4195 tum
1087 4140 1313 4197 haeresis
1349 4158 1380 4197 a
1413 4144 1680 4199 Dioscoro
1707 4145 2071 4202 damnationis

497 4231 824 4285 sententiam
875 4232 1107 4299 tulerat;
1133 4234 1380 4290 eamdem
1418 4235 1610 4291 iisdem
1647 4237 1717 4293 de
1760 4240 1941 4294 causis
1972 4256 2068 4310 pa-

498 4320 632 4376 titur
658 4319 1007 4379 Chalcedone
1034 4325 1347 4381 Dioscorus.
1381 4326 1796 4383 Damnationem
1829 4330 2068 4386 Flaviani

496 4425 789 4470 consecuta
811 4424 929 4471 erat
962 4416 1217 4487 dejectio,
1242 4419 1553 4490 deportatio
1575 4428 1631 4476 et
1665 4437 1853 4489 mors;
1879 4423 2070 4495 dejici-

496 4512 588 4559 tur
614 4505 930 4572 Dioscorus,
977 4507 1220 4578 Gangras
1258 4511 1313 4564 in
1345 4512 1598 4567 exsilium
1640 4516 1871 4584 rapitur,
1915 4531 2070 4572 exse-

496 4605 681 4653 cratus
704 4597 979 4668 Eutyches
1004 4613 1072 4653 co
1099 4599 1339 4670 ejicitur,
1375 4618 1485 4671 quo
1508 4620 1670 4659 nemo
1698 4606 1867 4661 novit.
1894 4606 2067 4679 Chry-

496 4687 720 4756 saphius
760 4689 1026 4760 obsequio
1072 4700 1351 4746 meruerat
1389 4693 1460 4747 ab
1493 4694 1825 4763 imperatore
1876 4698 2064 4770 diligi;

496 4785 632 4830 nutu
674 4779 975 4837 Pulcheriaa
1005 4782 1301 4839 occiditur.
1333 4784 1654 4840 Prohibitus
1686 4786 1863 4842 fuerat
1892 4790 2070 4845 Theo-

495 4865 722 4922 doretus
773 4869 963 4925 adesse
1009 4874 1216 4943 synodo
1274 4874 1586 4945 Ephesinae,
1622 4877 1694 4931 ob
1735 4878 1971 4948 scriptos
2013 4882 2067 4935 in

494 4956 754 5030 Cyrillum
786 4958 1057 5031 ﬁdemque
1088 4964 1288 5032 libros;
1327 4969 1515 5037 jussus
1543 4977 1628 5022 est
1669 4969 1859 5025 adesse
1908 4970 2070 5026 Chal-

495 5049 813 5115 cedonensi,
843 5061 898 5105 et
925 5052 1066 5107 inter
1093 5056 1284 5112 Patres
1305 5057 1615 5122 considere,
1640 5059 1805 5113 etiam
1839 5067 1963 5114 ante
1988 5061 2071 5114 di-

489 5139 791 5210 judicatam
818 5156 1061 5205 causam,
1096 5145 1260 5199 etiam
1318 5147 1677 5204 irretractatis
1718 5151 1893 5213 libris,
1933 5167 2071 5220 quos

495 5228 734 5289 siluisse.
785 5231 1121 5301 approbasse
1170 5234 1293 5287 fuit.
1354 5236 1609 5291 Ecclesir
1660 5239 1937 5310 Berytensi
1982 5243 2070 5311 jus

496 5323 813 5392 metropolis
872 5324 1142 5378 tribuerat
1189 5326 1532 5381 Theodosius
1572 5349 1585 5393 ;
1627 5332 1909 5400 abrogavit
1968 5351 2064 5402 per

495 5412 762 5484 synodum
792 5430 943 5470 suam
964 5416 1285 5477 Pulcheria.

2165 1869 2496 1927 Theodoreti
2524 1868 2813 1946 sententia.
2839 1868 3130 1925 Asserebat
3150 1869 3242 1924 ille
3262 1869 3308 1901 ⁵⁸
3334 1868 3585 1924 eamdem
3616 1883 3737 1922 esse

2163 1962 2546 2026 Orientalium,
2569 1976 2691 2031 quae
2724 1960 2984 2024 Nestorii,
3016 1960 3448 2024 confessionem;
3483 1959 3736 2015 eamdem

2162 2054 2370 2125 pariter
2393 2051 2604 2124 Cyrilli,
2632 2067 2758 2107 cum
2793 2067 2894 2120 pax
2920 2051 3056 2106 inita
3072 2059 3175 2115 est,
3207 2066 3328 2121 quae
3348 2049 3732 2115 Orientalium.

2165 2143 2327 2198 ﬁdem
2374 2159 2387 2196 :
2429 2152 2594 2213 atque
2652 2143 2727 2196 ita
2787 2141 3029 2211 jactabat
3080 2140 3556 2223 Cyrillum,_tunc
3611 2155 3738 2195 cum

2163 2233 2523 2290 Orientalium
2563 2232 2725 2288 ﬁdem
2782 2234 3074 2303 reciperet,
3122 2248 3411 2289 revocasse
3449 2249 3575 2304 quae
3611 2242 3735 2289 ante

2165 2325 2429 2381 docuerat
2459 2326 2515 2381 in
2545 2325 2836 2395 capitibus.
2863 2325 3130 2390 Addebat,
3159 2325 3337 2395 ipsum
3366 2327 3423 2381 in
3463 2327 3737 2397 capitibus

2165 2418 2313 2473 aliud
2343 2433 2624 2488 nunquam
2655 2417 2929 2483 docuisse,
2963 2433 3126 2488 quam
3157 2418 3303 2488 quod
3336 2426 3430 2474 aut
3452 2417 3736 2489 Apollina-

2165 2509 2282 2565 rius
2309 2510 2461 2575 olim,
2496 2518 2593 2565 aut
2644 2520 2775 2566 tunc
2819 2510 3112 2583 Eutychos.
3164 2510 3455 2566 Nitebatur
3482 2511 3527 2544 ⁸⁸
3569 2511 3735 2565 etiam
3827 2568 3830 2573 ,

2164 2599 2388 2669 querela
2412 2599 2530 2654 hate
2562 2599 2840 2654 communi
2866 2600 3110 2654 omnium
3134 2599 3394 2669 opinione
3417 2599 3730 2661 scientium,

2165 2692 2433 2747 Eranistte
2489 2691 2734 2762 dialogos
2782 2690 3130 2761 imperatoris
3187 2690 3445 2744 mandato
3501 2689 3735 2745 ﬂammis

2166 2782 2398 2837 traditos
2430 2782 2598 2837 fuisse
2618 2783 2686 2847 ⁷⁸,
2717 2781 2861 2851 quod
2905 2780 3091 2853 Cyrilli
3133 2789 3190 2834 et
3232 2780 3517 2851 Eutychis,
3555 2780 3733 2835 tacitis

2164 2873 2389 2943 quidem
2427 2873 2763 2938 nominibus,
2800 2872 2895 2928 sed
2931 2872 3099 2928 certis
3119 2872 3478 2942 argumentis,
3502 2886 3730 2927 consen-

2141 2965 2375 3018 sionem
2415 2962 2710 3017 ostendere
2749 2961 3117 3016 moliebantur

2236 3054 2325 3109 Vl.
2369 3054 2493 3109 Haec
2522 3069 2644 3108 cum
2678 3053 3009 3123 importune,
3047 3068 3376 3123 quocunque
3407 3061 3654 3122 tempore
3679 3057 3734 3105 et

2166 3160 2495 3215 quocunque
2533 3145 2657 3199 loco
2689 3145 2758 3199 ab
2780 3145 3136 3216 Eutychianis
3158 3144 3614 3207 obtruderentur,
3635 3155 3733 3196 au-

2168 3237 2354 3293 diendi
2401 3236 2800 3292 consuetudine
2849 3234 3049 3291 factum
3088 3246 3202 3299 est,
3241 3245 3323 3303 ut,
3372 3234 3519 3305 quod
3573 3230 3731 3288 tradit

2168 3327 2459 3385 Facundus
2485 3332 2551 3395 ⁷⁸,
2586 3329 2926 3400 populariter
2955 3328 3293 3393 crederetur,
3323 3328 3467 3381 inter
3496 3320 3732 3381 Nestorii

2167 3428 2224 3474 et
2264 3419 2528 3490 Eutychis
2572 3418 2901 3477 doctrinam.
2931 3417 3036 3471 hoc
3067 3426 3170 3481 est,
3206 3418 3350 3471 inter
3384 3415 3619 3470 duarum
3643 3427 3733 3466 na-

2169 3521 2415 3567 turarum
2448 3518 2503 3565 et
2529 3510 2693 3564 unius
2716 3509 3136 3572 confessionem,
3152 3508 3394 3563 medium
3419 3506 3582 3578 213
3602 3504 3730 3559 nihil

2166 3617 2325 3665 esse;
2375 3611 2541 3670 atque
2602 3601 2675 3655 ita
2731 3601 2836 3655 hac
2894 3600 2951 3655 in
3018 3599 3372 3654 contentione
3435 3596 3734 3668 quemlibet

2168 3700 2264 3745 aut
2307 3692 2660 3746 Nestorianas
2705 3699 2891 3762 partes
2941 3691 3097 3759 sequi
3142 3689 3367 3753 debere,
3426 3686 3523 3743 aut
3566 3688 3730 3754 Euty-

2168 3782 2414 3837 chianas.

2239 3876 2365 3931 Haec
2384 3875 2571 3946 opinio
2603 3873 3001 3931 incredibiliter
3030 3872 3247 3928 inhaesit
3270 3870 3598 3941 populorum
3621 3867 3734 3924 ani-

2170 3968 2296 4033 mis,
2341 3968 2459 4024 sive
2503 3967 2556 4022 id
2592 3967 2775 4022 effecit
2801 3981 2961 4022 error
2993 3964 3215 4028 mentis,
3238 3962 3354 4019 sive
3383 3961 3615 4017 affectus
3636 3973 3731 4013 vo-

2168 4060 2393 4116 luntatis
2421 4077 2432 4113 :
2460 4068 2621 4130 atque
2645 4059 2769 4114 inde
2798 4058 3062 4129 originem
3093 4056 3249 4111 duxit
3267 4055 3461 4126 ingens
3489 4052 3729 4124 quaedam

2170 4153 2341 4208 totius
2383 4153 2533 4208 orbis
2571 4152 2888 4218 commotio,
2923 4166 3046 4222 quae
3089 4151 3180 4205 vix
3216 4147 3511 4219 aliquando
3553 4144 3729 4202 sedata

2168 4253 2397 4390 est:Vll.
2434 4335 2571 4389 Dum
2620 4340 2914 4404 agerentur
2965 4331 3231 4386 luctuosae
3274 4329 3401 4393 illae,
3437 4344 3576 4400 quas
3609 4340 3729 4398 per-

2126 4426 2516 4522 ,strinximus,
2555 4424 2854 4496 tragoediae,
2886 4432 2943 4478 et
2979 4422 3337 4477 occidentalis
3370 4421 3597 4490 insuper
3631 4417 3726 4472 Ec-

2171 4518 2336 4574 clesia
2370 4516 2691 4572 orientalem
2713 4515 2911 4570 Acacio
2939 4513 3210 4568 addictam
3236 4511 3619 4568 communione
3641 4520 3730 4562 sua

2171 4610 2492 4670 abstineret,
2521 4617 2618 4661 aut
2656 4622 2765 4660 non
2800 4604 3131 4660 audiebatur
3153 4601 3483 4658 Theodoreti
3515 4612 3727 4657 nomen.

2170 4718 2283 4772 pra:
2314 4700 2465 4755 orbis
2496 4700 2734 4753 tumultu
2764 4715 2780 4763 ;
2809 4706 2905 4752 aut
2936 4696 2979 4752 si
3016 4696 3362 4758 audiebatur,
3387 4692 3533 4764 quod
3560 4689 3730 4748 credi-

2170 4792 2354 4856 bilius,
2400 4790 2531 4859 quid
2573 4805 2641 4844 eo
2698 4788 2890 4855 ﬁeret,
2943 4786 3224 4842 memoriae
3268 4799 3432 4840 nemo
3467 4778 3729 4838 tradidit:

2171 4884 2369 4955 conjici
2417 4892 2596 4937 tamen
2640 4892 2920 4953 utcunque
2973 4887 3153 4951 potest
3175 4896 3243 4935 ex
3275 4887 3522 4934 veterum
3548 4886 3734 4930 monu-

2172 4975 2392 5035 mentis,
2443 4990 2565 5043 quae
2617 4981 2936 5044 supersunt,
2979 4983 3037 5028 et
3076 4971 3292 5026 duobus
3334 4967 3633 5040 praesertim
3670 4976 3733 5015 οι

2172 5064 2444 5127 conciliis,
2503 5065 2648 5134 quod
2716 5073 3010 5134 utrumque
3052 5060 3371 5116 Anastasius
3424 5058 3728 5128 imperator.

2170 5155 2369 5225 partim
2397 5155 2889 5225 Constantinopoli,
2922 5155 3122 5224 partim
3153 5151 3355 5207 Sidone
3378 5150 3433 5204 in
3459 5144 3729 5204 Palaestina

2172 5245 2417 5314 coegisse
2452 5245 2694 5299 dicitur:
2721 5247 2945 5300 alterius
2975 5245 3159 5299 Victor
3197 5241 3562 5304 'l‘unonensis,
3608 5237 3732 5292 alte-

2170 5336 2286 5389 rius
2304 5336 2567 5405 Evagrius
2595 5336 2865 5395 meminit.

2244 5426 2318 5479 De
2370 5425 2553 5494 priore
2614 5426 2685 5480 ita
2729 5416 2912 5479 Victor
2935 5427 2978 5456 7'
3013 5445 3025 5479 :
3061 5445 3078 5475 ε
3115 5425 3291 5481 Gibbo
3324 5425 3386 5478 ν.
3425 5422 3485 5479 C.
3520 5415 3728 5480 consule

1799 5548 2113 5611 bCHllllll
2153 5556 2386 5613 NOTAE.

564 5638 754 5720 “yid.
783 5640 943 5720 epist.
982 5640 1054 5720 ad
1096 5639 1412 5720 Himerium.
1441 5645 1536 5720 _“
1572 5646 1708 5720 Vid._
1739 5657 1878 5720 νεῖ-τι.
1935 5665 1990 5720 Ill
2022 5664 2175 5705 conc.
2210 5649 2470 5709 Chalcrd.
2501 5665 2621 5720 cap.
2657 5651 2737 5706 l0.

492 5706 590 5765 lib.
620 5710 724 5763 Pro
750 5706 912 5765 tribus
938 5712 1094 5781 capit.
1175 5713 1219 5746 "
1262 5714 1398 5769 Vict.
1440 5715 1652 5771 Tunon.
1696 5706 1752 5771 in
1784 5718 2025 5773 Chronic.

2845 5654 2886 5683 ⁷⁰
2924 5653 3055 5709 Vide
3083 5669 3267 5725 snpra,
3301 5669 3337 5726 p
3394 5652 3516 5711 ίϐε.
3594 5652 3632 5682 ⁷⁸
3667 5643 3721 5702 In
