3950 6226
228 270 320 336 1ίῦ
1406 271 1770 333 HISTORIA
1807 270 2321 334 THEODURETI.

3394 274 3496 342 266

221 387 533 445 Anstasius
595 387 924 458 imperator,
998 387 1262 442 Flaviano
1331 387 1677 441 Antiocheno
1753 394 1810 440 et
1839 394 1882 445 Α
1915 384 2183 457 integrata
2220 388 2490 457 pravitate
2525 387 2845 444 Anastasius
2885 386 3140 442 infamem
3171 396 3226 442 et
3253 387 3493 444 irriden-

220 481 517 535 Philoxeno
570 478 992 550 Hierapolitano
1054 478 1419 549 prmsulibus,
1485 475 1803 532 Constanti-

219 571 459 642 nopolim
536 572 815 642 synodum
898 581 1220 643 congregat,
1292 580 1350 625 et
1414 578 1607 625 contra
1678 570 1806 623 Dio—

216 666 415 721 dorum
489 663 846 729 Tarsensem,
911 664 1263 720 Theodorum
1336 663 1801 734 Mopsuestenum,

214 773 339 812 cum
386 758 636 826 scriptis,
708 757 1108 812 Theodoritum
1178 756 1328 829 Cyri,
1410 757 1559 812 lbam
1630 757 1804 811 Edes-

217 866 434 914 senum,
466 849 774 912 Andream,
802 849 1373 921 Eutherium,Cyrum
1427 859 1484 903 et
1535 849 1801 904 Joannem

214 941 538 1010 episcopos,
585 949 927 1010 caeterosque
965 941 1120 1005 alios,
1154 941 1250 1011 qui
1316 941 1371 995 in
1418 939 1639 995 Christo
1666 940 1804 995 duas

218 1032 597 1102 pradicabam
663 1040 916 1097 naturas,
969 1032 1214 1103 duasque
1277 1032 1514 1098 formas,
1573 1042 1632 1089 et
1706 1034 1800 1104 qui

220 1139 328 1179 non
397 1123 802 1180 confiterentur
870 1139 1040 1179 unum
1116 1125 1187 1179 de
1271 1124 1539 1180 Trinitate
1625 1125 1806 1181 cruci-

222 1218 413 1281 ﬁxum,
448 1232 560 1272 una
595 1231 722 1271 cum
773 1215 959 1271 Leone
999 1216 1258 1287 episcopo
1301 1217 1571 1281 Romano,
1600 1226 1657 1271 et
1685 1218 1805 1287 ejus

224 1318 402 1375 torno,
440 1318 610 1379 atque
665 1306 1100 1364 Chalcedonensi
1155 1310 1363 1366 synodo
1423 1309 1623 1363 inferre
1670 1323 1803 1363 ana-

226 1403 404 1458 thema
436 1400 738 1472 persuasit.
778 1420 797 1452 ι
1152 1450 1174 1475 ³
1450 1452 1536 1479 ,Νη

293 1492 370 1546 Ex
413 1492 527 1547 illis
580 1499 710 1546 octo
757 1489 1033 1561 episcopis
1087 1488 1297 1559 priores
1341 1505 1435 1542 sex
1488 1489 1602 1543 noti
1652 1496 1802 1554 sunt,

229 1583 563 1653 posteriores
589 1583 703 1637 duo
741 1584 946 1653 partim
980 1599 1046 1637 ex
1075 1582 1407 1637 Theodoreti
1443 1581 1691 1651 epistolis
1717 1580 1805 1635 in-

232 1686 536 1741 notescunt,
569 1677 770 1747 partim
801 1693 871 1732 ex
909 1676 1047 1730 actis
1083 1675 1303 1730 concilii
1341 1674 1636 1745 Ephesini;
1676 1689 1803 1729 nam

1911 479 2036 532 dam
2066 480 2334 551 synodum
2363 479 2506 550 apud
2536 478 2794 535 Sidonem
2819 479 3120 545 civitatem,
3153 495 3289 533 Lxxx
3322 479 3495 535 ferme

1910 569 2249 639 perfidorum
2288 571 2564 640 episcopis
2610 571 2971 641 congregatis,
3000 570 3265 626 adversus
3301 570 3494 626 ortho-

1911 660 2178 716 doxorum
2213 662 2501 733 episcopos
2548 663 2669 717 fieri
2713 664 3021 734 imperavit.
3067 663 3355 718 Flavianus
3386 663 3497 719 Λη-

1913 752 2130 807 tiochia:
2171 754 2477 811 catholicus
2518 754 2860 826 patriarcha,
2902 766 2958 812 et
2997 758 3237 813 Joannes
3280 757 3496 813 Palten-

1912 844 2052 899 sium
2079 847 2270 918 oppidi
2301 849 2566 918 pontifex,
2600 850 2858 920 quoniam
2898 851 3046 905 hunc
3083 859 3286 906 cretum
3319 851 3493 906 sacri-

1908 937 2090 1009 legum
2118 939 2459 1006 refellerunt,
2491 942 2545 996 in
2572 944 2876 1008 castellum,
2906 943 3052 1014 quod
3081 945 3240 1001 Petra
3268 944 3491 1010 dicitur,

1908 1032 2128 1088 exsules
2162 1033 2313 1089 missi
2342 1045 2489 1090 sunt.
2521 1035 2601 1090 lhi
2631 1036 2919 1092 Flavianus
2950 1037 3231 1092 confessor
3262 1036 3491 1102 Christi,

1909 1121 1967 1177 in
2008 1123 2241 1180 Domino
2270 1127 2541 1197 requievit
2570 1146 2582 1180 :
2615 1128 2879 1184 Joannem
2915 1129 3164 1185 Justinus
3193 1128 3491 1200 Augustus,

1910 1228 2036 1268 mox
2075 1214 2376 1285 imperator
2406 1216 2602 1283 factus,
2639 1220 2935 1274 revocavit.
2976 1238 2994 1270 ι

1982 1307 2186 1361 Verum
2224 1308 2497 1364 Palaestini
2542 1310 2797 1365 monachi
2841 1311 2896 1365 in
2933 1310 3132 1366 litteris
3169 1311 3234 1366 ad
3272 1310 3496 1382 Alcyso-

1910 1414 2037 1453 nem
2069 1416 2183 1454 rem
2214 1403 2542 1472 explicatius
2570 1413 2800 1459 narrant
2830 1422 2843 1458 :
2880 1404 2924 1460 si
2956 1412 3156 1467 tamen,
3181 1413 3241 1459 ut
3268 1405 3495 1475 quihus-

1911 1485 2036 1541 dam
2069 1488 2307 1555 videtur,
2345 1507 2415 1546 eo
2455 1493 2753 1561 pertinent,
2790 1510 2910 1563 qua:
2942 1494 3009 1548 de
3035 1494 3240 1549 Xenaia
3284 1503 3339 1549 et
3372 1496 3495 1551 Fla-

1910 1579 2075 1635 viano
2110 1581 2457 1640 Antiocheno
2490 1586 2750 1656 episcopo
2767 1586 3033 1644 referunt.
3070 1605 3087 1637 ι
3125 1586 3383 1652 Xenaias,
3414 1588 3498 1643 in-

1912 1673 2114 1742 quiunt
2144 1676 2210 1741 7‘,
2247 1678 2435 1733 nescio
2482 1693 2593 1748 quo
2639 1678 2892 1744 consilio,
2932 1694 3035 1735 nec
3077 1695 3185 1750 qua
3227 1679 3296 1734 de
3335 1695 3497 1745 causa

235 1771 284 1826 in
313 1771 448 1827 actis
467 1770 651 1842 Cyrus
671 1770 881 1825 dicitur
901 1769 1380 1838 Marcopolitanus,
1407 1767 1647 1824 Joannes
1671 1768 1809 1825 Ger-
1843 1758 1881 1812 Β
1912 1776 2195 1838 susceptas
2218 1769 2486 1825 adversus
2522 1770 2841 1825 Flavianum
2874 1772 3186 1827 inimicitias
3210 1788 3493 1837 exercens,

235 1865 584 1920 maniciensis
623 1864 941 1933 episcopus.
967 1862 1049 1916 Ad
1092 1869 1388 1931 utrumque
1429 1860 1811 1917 Theodoretus

236 1958 482 2029 epistolas
526 1956 697 2022 fecit;
747 1955 818 2010 ad
863 1953 1067 2025 Cyrum
1117 1952 1390 2007 decimam
1446 1953 1696 2018 tertiam,
1741 1952 1808 2007 ad

233 2050 483 2106 Joannem
516 2047 885 2105 centesimam
925 2044 1243 2101 vicesimam
1281 2044 1551 2114 quintam,
1581 2053 1638 2099 et
1682 2059 1812 2099 cen-

237 2141 471 2194 tesimam
505 2139 831 2194 vicesimam
865 2143 1137 2208 quartam.

298 2230 411 2284 Erit
444 2229 703 2293 fortasse,
734 2227 830 2297 qui
859 2233 1079 2281 moneat
1111 2239 1219 2279 non
1249 2237 1373 2279 esse
1399 2223 1518 2278 sine
1548 2222 1809 2277 observa-

235 2321 372 2376 tione
401 2317 877 2392 praetereundum,
917 2315 1064 2386 quod
1103 2314 1172 2371 de
1208 2314 1427 2369 Andrea
1457 2323 1511 2368 et
1544 2313 1812 2368 Eutherio

232 2412 526 2469 scribitur:
556 2410 687 2467 inde
715 2411 868 2467 enim
893 2409 1071 2463 lucem
1103 2408 1355 2478 accipere
1380 2406 1527 2477 quod
1556 2406 1810 2471 traditur,

232 2515 343 2561 tum
369 2522 401 2561 a
434 2505 774 2577 Theophane
806 2504 866 2559 in
898 2502 1377 2575 Chronographia,
1406 2500 1678 2556 Andream
1715 2500 1814 2557 Sa-

231 2608 575 2655 mosatennm
615 2614 650 2653 a
693 2597 955 2653 Dioscoro
991 2595 1192 2667 Ephesi
1228 2593 1540 2664 depositum
1586 2611 1598 2646 :
1633 2601 1746 2647 tum
1779 2607 1810 2647 a

228 2691 515 2747 monachis
556 2690 861 2746 Palestina
894 2689 953 2744 in
997 2686 1243 2758 Epistola
1280 2685 1349 2741 ad
1386 2685 1712 2756 Alcysonem
1742 2683 1811 2739 de

232 2799 460 2840 numero
496 2783 907 2852 episcOporum,
938 2795 1075 2851 quos
1106 2777 1432 2850 Eutychiani
1463 2776 1810 2830 anathemate

230 2890 524 2947 percussos
553 2874 778 2929 vellent.
806 2873 1010 2929 Verum
1045 2871 1253 2926 fallitur
1290 2870 1478 2924 Victor
1506 2882 1659 2921 more
1686 2881 1808 2929 suo,

231 2985 333 3025 nec
377 2967 747 3037 Theophanes
793 2964 1106 3020 audiendus
1147 2972 1261 3027 est,
1312 2961 1554 3031 fidesque
1601 2969 1809 3014 temere

229 3057 518 3116 monachis
541 3056 855 3112 adhibenda
880 3074 896 3110 :
922 3072 1025 3111 nec
1057 3054 1206 3110 enim
1235 3062 1331 3108 aut
1360 3053 1451 3107 ille
1482 3060 1579 3106 aut
1606 3051 1697 3105 isti
1721 3066 1810 3107 sa-

1912 1866 2177 1927 pmtextu
2212 1867 2392 1914 tamen
2419 1860 2565 1925 fidei,
2599 1869 2657 1914 ut
2684 1861 2932 1930 plerique
2958 1869 3203 1925 narrant,
3233 1861 3500 1916 adversus

1911 1965 2038 2004 eum
2086 1953 2450 2017 commoveri,
2509 1968 2748 2023 eumque
2798 1963 3056 2023 tanquam
3108 1954 3495 2010 Nestorianum

1910 2040 2233 2095 calumniari
2282 2044 2469 2112 coepit.
2506 2043 2612 2097 Sed
2658 2060 2782 2099 cum
2832 2044 2921 2097 ille
2963 2045 3275 2100 Nestorium
3311 2047 3496 2113 simul,

1910 2118 2142 2201 ejusque
2172 2135 2488 2203 opinionem
2519 2150 2619 2190 suo
2645 2137 2991 2192 anathemate
3030 2137 3364 2205 damnasset,
3388 2139 3497 2195 Xe-

1913 2221 2068 2276 naias
2098 2224 2290 2278 relicto
2314 2225 2567 2281 Nestorio
2591 2227 2656 2281 ad
2685 2227 2981 2282 Diodorum
3014 2238 3384 2301 transgressus
3399 2244 3501 2292 est.

1910 2321 1967 2367 et
1992 2314 2059 2368 ad
2087 2315 2438 2371 Theodorum
2471 2327 2529 2373 et
2554 2319 2973 2386 Theodoritum,
3002 2320 3150 2376 Ibam
3181 2337 3244 2378 ac
3270 2321 3494 2395 Cyrum,

1911 2413 1969 2460 et
2008 2406 2332 2462 Eutherium
2383 2425 2448 2465 ac
2494 2410 2785 2475 Joannem,
2823 2412 3068 2484 aliosque
3109 2413 3298 2469 nescio
3334 2431 3493 2486 quos,

1912 2510 2015 2549 nec
2073 2496 2222 2551 unde
2278 2499 2574 2565 collectos,
2624 2517 2693 2556 ex
2747 2503 2950 2573 quibus
2999 2503 3219 2574 quidam
3259 2502 3496 2561 Nestorii

1912 2587 2110 2658 dogma
2155 2605 2345 2646 revera
2388 2593 2562 2646 secuti
2603 2593 2840 2659 fuerant,
2866 2595 3086 2665 quidam
3123 2613 3255 2653 vero
3285 2614 3408 2652 cum
3440 2599 3495 2654 in

1911 2681 2280 2749 suspicionem
2321 2684 2441 2754 ejus
2468 2685 2548 2738 rei
2580 2687 2877 2752 venissent,
2911 2698 3098 2758 postea
3128 2690 3270 2745 idem
3300 2691 3495 2763 dogma

1911 2784 2012 2825 suo
2045 2772 2395 2827 anathemate
2427 2773 2841 2840 damnaverant,
2870 2786 2925 2831 et
2956 2778 3012 2831 in
3053 2779 3307 2835 Ecclesiae
3347 2797 3501 2836 com-

1913 2862 2174 2918 munione
2216 2874 2520 2921 extremum
2561 2867 2707 2922 diem
2749 2868 3079 2924 clauserant.
3125 2868 3253 2934 Hos,
3294 2871 3494 2943 inquit,

1912 2970 2090 3009 omnes
2136 2955 2440 3012 Nestoriani
2488 2959 2748 3029 dogmatis
2802 2968 3088 3015 assertores
3128 2964 3231 3016 nisi
3276 2967 3499 3019 auat/te-

1913 3050 2268 3112 matizaueris,
2280 3050 2628 3103 Nestorianus
2641 3068 2711 3114 es,
2730 3053 2846 3105 licet
2860 3053 3047 3106 millies
3062 3053 3358 3109 Nestorium
3377 3073 3493 3111 cum

230 3153 302 3208 tis
329 3151 620 3206 historiam
654 3156 927 3204 noverunt
962 3146 1270 3210 hominum,
1301 3158 1440 3215 quos
1463 3151 1805 3197 memorant:
1838 3124 1879 3181 ο
1913 3139 2155 3194 doctrina
2194 3142 2357 3211 ipsius
2392 3144 2826 3197 anathematizes.
2852 3144 3084 3215 Scriptis
3116 3149 3129 3165 '
3155 3148 3320 3202 etiam
3351 3148 3497 3204 litte-

230 3258 427 3315 nempe
450 3249 582 3297 ante
604 3240 873 3311 synodum
905 3238 1282 3293 latrocinalem
1303 3237 1415 3290 vita
1438 3243 1808 3300 excesserant,

228 3346 322 3393 aut
359 3343 514 3391 certe
554 3334 870 3404 episcopatu
913 3331 1159 3386 Andreas
1196 3338 1254 3384 et
1286 3327 1585 3383 Eutherius
1626 3345 1639 3380 :
1684 3341 1810 3381 nam

230 3427 489 3484 Rusticus
526 3424 758 3479 Andreae
802 3436 1089 3478 successor
1126 3420 1271 3474 inter
1314 3418 1602 3488 episcopos
1643 3417 1814 3471 latro-

229 3520 357 3575 cinii
401 3525 663 3573 censetur
692 3516 758 3579 ⁷³,
818 3524 876 3569 et
924 3512 1144 3568 Patricii
1204 3512 1513 3582 Tyanorum
1563 3508 1813 3579 praesulis

228 3611 375 3666 vices
404 3609 464 3663 in
496 3607 694 3662 eodem
724 3604 1014 3661 latrocinio
1046 3602 1209 3673 215
1238 3602 1548 3673 Anthymus
1583 3602 1811 3674 presby-

234 3714 311 3759 ter
338 3701 533 3773 gessit.
582 3698 711 3753 inde
748 3697 956 3767 pariter
1002 3695 1389 3759 emendantur,
1419 3695 1515 3764 qui
1560 3711 1659 3763 pro
1698 3696 1810 3749 Eu-

230 3793 408 3849 therio
436 3790 774 3847 Eucherium
813 3797 906 3843 aut
946 3787 1325 3843 Eleutherium
1344 3826 1358 3851 ,
1384 3801 1486 3855 pro
1509 3784 1650 3857 Cyro
1674 3786 1810 3852 Qui—

228 3900 344 3939 rum
370 3891 470 3937 aut
491 3880 757 3953 Cyrillum
781 3881 988 3951 legunt.

319 3974 436 4032 Cur
492 3981 681 4028 autem
750 3972 990 4027 Diodoro
1045 3972 1371 4028 Theodorus
1422 3974 1806 4043 conjungatnr,

227 4066 521 4122 Theodoro
566 4063 948 4119 Theodoretus
989 4071 1048 4118 et
1097 4063 1252 4129 lbas,
1305 4063 1526 4133 utrique
1566 4064 1811 4118 Andreas

227 4171 281 4216 et
306 4159 631 4224 Eutherius,
668 4158 925 4213 omnibus
955 4155 1130 4229 Cyrus
1162 4166 1219 4211 et
1258 4157 1516 4221 Joannes,
1553 4172 1717 4211 causa
1754 4157 1809 4210 in

228 4252 609 4320 promptn’est
651 4265 666 4302 :
709 4263 834 4302 nam
887 4247 1156 4302 Diodorus
1206 4246 1557 4302 Theodorum
1597 4247 1805 4309 docuit,

227 4351 522 4410 utrumque
567 4338 947 4394 Theodoretus
989 4344 1046 4392 et
1094 4338 1216 4392 lbas
1266 4338 1661 4403 defenderunt,
1701 4337 1808 4392 An-

1914 3229 1992 3285 ris
2015 3231 2080 3283 ad
2107 3230 2349 3286 fautores
2375 3232 2620 3287 Dioscori
2654 3241 2709 3287 et
2740 3234 3022 3307 Eutyehis,
3055 3251 3151 3292 eos
3180 3240 3494 3304 concitavit,

1912 3321 2150 3377 suadens
2189 3324 2291 3387 eis,
2333 3331 2394 3378 ut
2436 3324 2538 3378 sibi
2579 3324 2843 3381 adversus
2881 3327 3199 3384 Flavianum
3240 3331 3500 3401 praesidio

1912 3421 2118 3478 essent,
2156 3414 2318 3484 215
2366 3416 2759 3488 exigerentque
2801 3419 2868 3473 ab
2905 3435 2994 3480 eo,
3030 3436 3139 3475 non
3180 3423 3401 3492 quidem
3438 3433 3499 3479 ut

1914 3500 2085 3571 ipsam
2115 3504 2406 3574 synodum,
2430 3504 2525 3560 sed
2558 3515 2618 3560 ut
2646 3522 2739 3562 eas
2765 3508 3023 3564 duntaxat
3051 3527 3336 3581 personas.
3359 3530 3498 3585 quas

1913 3611 2077 3665 supra
2097 3598 2394 3662 nominavi,
2424 3600 2771 3656 anathemate
2795 3601 3082 3659 damnaret
3106 3622 3119 3658 :
3143 3607 3345 3676 quibus
3367 3624 3495 3665 cum

1913 3688 2203 3744 Flavianus
2226 3692 2517 3761 episcopus
2538 3691 2631 3746 diu
2653 3694 2997 3765 multumque
3032 3698 3342 3764 restitisset,
3378 3701 3499 3755 alii-

1911 3795 2019 3850 que
2046 3797 2238 3837 rursus
2270 3800 2393 3837 cum
2431 3783 2637 3838 Xenaia
2677 3785 2941 3841 adversus
2971 3787 3121 3840 illum
3162 3788 3495 3845 insurrexis-

1912 3880 2066 3937 sent,
2114 3874 2409 3928 Eleusinus
2461 3875 2671 3930 scilicet
2735 3876 2957 3946 quidam
3007 3875 3365 3948 Cappadocia:
3410 3895 3498 3935 se-

1912 3964 2106 4017 cundae
2134 3964 2447 4033 episc0pus,
2473 3964 2655 4019 Nicias
2676 3964 2960 4021 Laodicea:
2983 3982 3104 4036 qua:
3125 3977 3210 4023 est
3234 3968 3289 4022 in
3315 3969 3491 4041 Syria.

1912 4065 1967 4111 et
1994 4072 2057 4111 ex
2090 4057 2211 4112 aliis
2242 4058 2379 4112 locis
2413 4058 2528 4123 alii,
2564 4074 2797 4128 quorum
2838 4059 2949 4113 odii
2986 4059 3251 4116 adversus
3282 4061 3496 4118 Flavia-

1910 4165 2042 4204 num
2070 4166 2320 4220 quamam
2344 4166 2521 4205 causze
2551 4151 2774 4217 fuerint,
2799 4152 2946 4206 haud
2980 4162 3229 4208 nostrum
3257 4162 3360 4221 est,
3395 4155 3492 4210 sed

1911 4242 2142 4296 aliorum
2177 4258 2490 4313 exponere:
2529 4243 2751 4298 tandem
2794 4244 2914 4299 illos
2946 4244 3052 4300 hoc
3091 4246 3235 4301 facto
3273 4247 3493 4317 quietu-

1912 4351 2002 4389 ros
2037 4336 2353 4397 arbitratus,
2386 4335 2552 4390 cessit
2593 4337 2808 4391 illorum
2847 4340 3219 4405 contentioni;
3256 4355 3491 4409 cumque

226 4432 381 4487 dms
433 4440 490 4487 et
553 4431 851 4487 Eutherius
906 4431 1170 4485 adversus
1220 4431 1485 4502 Cyrillum
1536 4430 1806 4484 virulenta
1842 4466 1883 4519 Β
1912 4427 2255 4495 supradictas
2277 4443 2540 4497 personas
2562 4428 2764 4498 scripto
2785 4428 3492 4493 anathematizasset,libcl-

223 4524 423 4594 scripta
468 4523 786 4579 ediderunt.
837 4522 1012 4592 Cyrus
1065 4531 1120 4576 et
1173 4523 1413 4578 Joannes
1473 4521 1806 4577 Theodoreti

221 4624 407 4683 parta
467 4614 741 4670 acerrime
794 4629 1168 4684 propugnasse
1225 4614 1587 4683 perhibentur
1641 4631 1653 4666 :
1694 4613 1804 4666 imo

217 4707 499 4764 societatis
535 4722 662 4761 cum
707 4706 961 4762 Nestorio
1006 4707 1321 4775 suspicione
1367 4707 1606 4761 Joannes
1648 4705 1805 4760 labo-

217 4799 391 4862 ravit,
438 4813 673 4868 eamque
720 4797 794 4852 ob
833 4813 948 4852 rem
987 4797 1044 4851 in
1098 4798 1332 4852 concilio
1369 4796 1802 4852 Chalcedonensi

213 4890 403 4959 jussus
431 4899 519 4947 est
542 4890 800 4945 Nestorio
827 4890 1119 4944 anathema
1143 4888 1326 4944 dicere
1354 4889 1420 4941 ⁷³.

282 4982 426 5037 Vill.
458 4983 537 5037 De
572 4982 749 5038 altero
782 4981 1021 5037 concilio
1062 4991 1155 5036 aut
1186 4980 1473 5036 latrocinio
1505 4980 1708 5050 potius,
1747 4980 1801 5034 in

214 5088 325 5144 quo
376 5073 713 5129 mentionem
779 5071 1118 5128 Theodoreti
1180 5070 1409 5150 factam‘
1444 5071 1799 5140 scripsimus,

214 5162 473 5235 quodque
521 5174 770 5220 coactum
827 5163 1066 5234 legimus
1110 5162 1205 5217 ab.
1235 5162 1552 5226 Anastasio,
1600 5162 1801 5217 Sidone

217 5251 273 5305 in
308 5252 590 5310 Palestina
629 5269 779 5310 anno
813 5251 1028 5309 Christi
1057 5251 1180 5315 5l2,
1208 5252 1479 5307 Anastasii
1506 5251 1597 5316 22,
1631 5252 1801 5306 Paulo

218 5348 273 5394 et
292 5340 537 5400 Muciano
554 5360 723 5413 coss.,
755 5346 880 5401 haec
910 5341 1080 5397 tradit
1105 5341 1449 5398 Marcellinus
1476 5343 1520 5372 ⁷⁵
1552 5360 1564 5394 :
1607 5361 1623 5391 ‹
1659 5342 1803 5396 Red-

1912 4517 2024 4570 lum
2057 4533 2215 4572 suum
2246 4518 2313 4571 ad
2346 4517 2733 4586 imperatorem
2762 4519 2910 4573 misit
2937 4537 2947 4570 :
2978 4535 3099 4572 nam
3132 4527 3187 4572 et
3221 4518 3367 4572 hunc
3399 4519 3485 4573 ad-

1913 4625 2106 4664 versus
2151 4610 2509 4675 Flavianum,
2561 4619 2815 4681 tanquam
2862 4610 3172 4665 Nestoriani
3223 4610 3492 4680 dogmatis

1912 4712 2394 4772 propugnatorem,
2437 4711 2863 4757 commoverant.
2915 4701 3019 4755 Sed
3069 4716 3245 4771 neque
3283 4702 3386 4757 hac
3431 4718 3491 4757 re

1912 4804 2203 4849 contentus
2234 4796 2471 4850 Xenaias
2511 4797 2691 4865 exegit
2737 4795 2934 4847 iterum
2970 4810 2998 4848 a
3042 4795 3319 4860 Flaviano,
3349 4804 3403 4851 ut
3436 4805 3493 4853 et

1909 4885 2174 4956 synodum
2206 4886 2397 4954 ipsum,
2428 4893 2483 4937 et
2517 4900 2612 4937 eos
2646 4883 2739 4952 qui
2773 4882 2908 4936 duas
2939 4893 3163 4939 naturas
3187 4885 3242 4940 in
3270 4883 3491 4940 Christo

1912 4977 2375 5046 praedicaverunt,
2435 4977 2658 5030 alterunt
2712 4976 2925 5040 carnis,
2975 4976 3201 5031 alteram
3250 4976 3489 5040 deitatis,

1910 5069 2242 5122 anathemati
2274 5068 2585 5138 subjiceret.
2618 5086 2634 5116 ι

1982 5159 2070 5212 IX.
2102 5159 2250 5228 Opus
2271 5158 2373 5212 fuit.
2403 5167 2509 5225 tam
2535 5157 2746 5226 prolixo
2774 5157 3108 5222 testimonio,
3144 5156 3340 5227 partim
3363 5158 3493 5229 quia

1910 5251 2195 5305 historiam
2214 5251 2439 5321 exponit
2461 5250 2680 5305 aliunde
2698 5251 3011 5317 obscuram,
3030 5251 3227 5321 partim
3241 5250 3307 5306 ad
3330 5252 3494 5308 intel-

1908 5343 2210 5414 ligendum,
2234 5360 2341 5414 qua
2375 5343 2462 5399 via
2488 5343 2726 5400 solerent
2750 5343 3100 5416 Eutychiani,
3128 5355 3270 5415 quos
3315 5344 3496 5401 abdu—

1561 5508 1875 5564 SCIIULZH
1916 5506 2145 5562 NOTAE.

283 5643 325 5676 "
356 5644 459 5705 Vid.
489 5650 609 5709 Act.
634 5662 804 5708 conc.
847 5638 1120 5701 Chalced.
1199 5640 1239 5672 τί
1267 5639 1387 5694 Vid.
1421 5641 1549 5696 Acta
1588 5659 1742 5699 conc.
1776 5643 2037 5698 Chalced.
2071 5652 2175 5697 act.
2211 5646 2260 5698 8.

206 5730 314 5791 cap.
360 5717 447 5781 lt.

2344 5648 2383 5677 7"
2414 5646 2467 5699 In
2506 5646 2749 5697 Chronic.
2833 5644 2873 5674 ⁷⁸
2904 5643 3021 5697 Viti.
3045 5643 3237 5715 EWBF-
3278 5642 3374 5698 “ho
3410 5660 3489 5707 mo
