3926 6216
468 296 567 360 167

1597 292 1978 355 GARNERII
2017 292 2519 356 DISSERTATIO
2556 295 2605 357 I.

3646 278 3766 354 ἱεῖς

464 422 592 462 cere
622 404 867 461 vcllenta
898 403 1025 467 fide,
1061 418 1157 458 eos
1176 401 1243 457 ad
1279 400 1796 457 condemnationem
1828 396 2051 455 concilii
2085 404 2123 457 A
2153 401 2485 466 calumnias,
2516 410 2684 472 atque
2712 399 2783 455 ab
2833 398 3031 454 iisdem
3074 396 3319 461 defendi,
3356 412 3387 451 a
3421 394 3628 466 quibus
3660 394 3766 449 vel

466 497 934 553 Chalcedonensis
963 511 1179 566 cogere.
1205 494 1482 549 Jubebant
1510 492 1751 562 primum
1800 492 2055 547 Nestorio

470 588 760 644 anathema
782 586 988 650 dicere,
1015 593 1130 639 tum
1152 583 1390 639 Nestorii
1429 581 1759 646 fautoribus,
1782 596 1906 636 mox
1932 580 2051 636 fau-

469 690 653 735 torum
684 678 1093 749 receptoribus,
1128 685 1186 731 et
1230 675 1448 730 tandem
1487 674 1725 730 concilio
1755 674 2057 730 Chalcedo-

469 771 650 835 nensi,
678 770 1022 838 duarumque
1059 775 1381 821 naturarum
1414 765 1816 837 pugnatoribns
1860 782 1874 819 :
1926 780 2055 820 nam

469 863 564 918 ubi
605 862 773 917 semel
810 861 1100 916 damnatus
1140 858 1323 914 fuerat
1370 858 1677 924 Neswrius,
1710 858 1859 928 quod
1890 873 2055 913 nemo

470 955 773 1012 catholicus
810 953 1096 1016 renuehat,
1125 952 1369 1021 proclive
1396 960 1515 1006 erat
1543 966 1639 1005 eos
1667 950 1877 1021 pariter
1896 949 2053 1004 dam-

470 1065 623 1112 nare,
648 1047 739 1117 qui
790 1047 873 1099 vel
920 1045 1308 1099 Nestorianum
1335 1043 1655 1098 docuissent
1682 1057 1951 1107 errorem,
1994 1049 2057 1096 ut

468 1139 739 1195 Diodorus
763 1145 817 1191 et
863 1136 1222 1200 Theodorus;
1258 1136 1343 1211 vel
1375 1143 1652 1190 errantem
1692 1133 2055 1188 nihilominus

467 1230 800 1287 laudassent.
840 1237 901 1282 ut
947 1227 1329 1283 Theodoretus
1364 1236 1419 1281 et
1459 1226 1599 1289 lbas,
1625 1225 1822 1297 Cyrus,
1848 1225 2056 1280 Euthe-

468 1324 586 1377 rius
631 1331 689 1377 et
736 1322 978 1377 Joannes
1028 1319 1516 1375 Germaniciensis.
1575 1319 1879 1374 Anatliema
1922 1333 2055 1372 vero

469 1422 758 1483 postquam
796 1411 852 1465 in
891 1426 989 1466 eos
1035 1410 1315 1465 incussum
1347 1418 1486 1475 erat,
1524 1409 1750 1463 retineri
1777 1410 1903 1480 jure
1943 1424 2055 1464 non

470 1511 708 1575 poterat,
734 1503 1032 1573 quominus
1056 1502 1362 1572 pertineret
1396 1502 1464 1557 ad
1489 1500 1661 1570 ipsam
1685 1516 1905 1571 quoque
1926 1517 2054 1556 san-

470 1607 615 1654 ctam
647 1596 940 1669 synodum,
980 1596 1182 1666 quippe
1232 1609 1355 1664 quae
1401 1593 1654 1648 homines
1681 1593 1878 1664 dignos
1920 1609 2054 1648 ana-

478 1689 741 1753 themate,
782 1697 1010 1759 propter
1039 1686 1267 1741 hmresis
1300 1686 1643 1751 societatem,
1675 1700 1773 1741 sua
1804 1700 2054 1740 commu-

472 1775 639 1831 nione
665 1776 926 1831 donasset
947 1775 1099 1831 velut
1116 1773 1450 1831 Catholicos.

456 1876 460 1882 ‘
544 1868 613 1925 Ut
637 1878 726 1923 est
750 1868 908 1924 istius
937 1867 1130 1940 synodi
1174 1867 1473 1923 admodum
1499 1868 1735 1924 obscura
1766 1867 2051 1934 memoria,

470 1960 545 2016 ita
573 1960 747 2031 ipsius
775 1961 987 2032 singula
1027 1978 1170 2032 aegre
1197 1960 1529 2032 colliguntur
1560 1977 1627 2016 ex
1645 1969 1897 2017 veterum
1940 1977 2057 2017 mo-

468 2054 752 2109 nimentis.
801 2052 1137 2109 Convenisse
1196 2055 1475 2125 octoginta
1514 2054 1688 2111 ferme
1743 2054 2051 2125 episcopos,

471 2145 638 2200 tradit
690 2144 1016 2200 Theodorus
1064 2145 1309 2200 Lector:
1353 2147 1563 2202 indicat
1612 2146 1916 2217 prazfuisse,
1960 2158 2055 2202 aut

468 2236 661 2291 saltem
689 2236 1060 2307 principatum
1082 2237 1189 2291 sibi
1224 2252 1510 2309 arrogasse
1542 2236 1917 2293 Cothericium
1939 2237 2057 2294 Ca:-

469 2345 638 2385 sareaa
687 2329 1084 2399 Cappadociae,
1124 2340 1182 2386 et
1229 2330 1498 2386 Xenaiam
1544 2346 1640 2385 seu
1691 2332 2054 2388 Philoxenum

467 2421 779 2491 Hierapolis
809 2421 1133 2486 antistitem,
1165 2422 1313 2491 quod
1363 2423 1562 2480 rationi
1603 2432 1915 2493 temporum
1953 2423 2054 2477 ad-

467 2522 722 2568 versatur
757 2531 770 2567 :
804 2513 995 2568 ambos
1016 2513 1312 2584 perhibent
1340 2514 1508 2571 fuisse
1541 2516 1825 2571 hominum
1849 2516 2057 2586 impro-

466 2603 746 2669 bissimos,
771 2603 1001 2660 idoneos
1041 2605 1193 2675 impii
1238 2606 1586 2676 imperatoris
1628 2608 1931 2672 ministros,
1959 2623 2055 2677 pa-

470 2712 559 2751 res
580 2696 979 2767 Acephalorum
1006 2696 1316 2768 signiferos,
1340 2698 1527 2754 hostes
1564 2698 1712 2764 fidei,
1737 2706 2053 2756 sanctorum

469 2789 832 2855 victimarios,
869 2796 926 2844 et
957 2805 1098 2859 pene
1128 2790 1415 2847 carniﬁces
1451 2810 1466 2847 :
1507 2792 1804 2862 perhibent
1846 2794 2055 2863 pariter

469 2880 780 2951 suppositas
797 2880 1118 2936 orthodoxis
1146 2880 1540 2948 confessiones,
1561 2884 1857 2955 omniaque
1889 2884 2055 2940 modo

469 2987 570 3042 per
606 2972 740 3038 vim,
780 2971 944 3026 modo
970 2987 1074 3047 per
1088 2971 1275 3025 dolum
1299 2983 1539 3042 peracta.
1561 2973 1702 3039 Quid
1733 2974 1945 3029 multa?
1975 2975 2055 3030 Ex

470 3062 575 3120 hac
604 3064 813 3137 synodo
866 3064 1008 3134 pulsi
1061 3063 1318 3119 feruntur
1365 3064 1590 3121 sedibus
1634 3065 1750 3121 suis
1794 3065 2054 3123 catholici
2086 3118 2127 3137 η

469 3158 752 3229 prmsules,
786 3156 1074 3226 exsiliique
1098 3156 1359 3212 aerumnis
1382 3157 1581 3227 partim
1614 3157 1824 3220 amicti,
1854 3157 2057 3227 partim

470 3246 770 3317 absumpti,
807 3254 868 3300 ut
901 3245 1163 3300 admirari
1191 3254 1444 3317 oporteat
1466 3263 1667 3302 arcana
1690 3246 1894 3303 divina:
1918 3264 2053 3318 pro-

471 3339 727 3394 videntiae
755 3338 1005 3402 consilia,
1053 3337 1219 3393 trium
1254 3338 1619 3410 capitulorum
1647 3339 2054 3397 damnationem

466 3432 578 3503 jam
614 3430 743 3484 inde
765 3429 1064 3484 molientis.

544 3521 710 3593 216
738 3518 809 3575 Χ.
835 3520 1037 3575 Narrat
1056 3519 1384 3575 Theodorus
1414 3520 1618 3576 Lector
1642 3521 1711 3587 ",
1741 3520 1908 3576 Helia:
1928 3521 2058 3577 Hie-

472 3613 871 3684 rosolymorum
908 3610 1171 3682 episcopo
1209 3612 1539 3683 praecepisse
1576 3613 1930 3669 Anastasium
1957 3615 2061 3669 im-

472 3713 804 3775 peratorem,
832 3713 893 3759 ut
921 3704 1192 3776 synodum
1219 3707 1628 3775 episcoporum,
1672 3707 1768 3776 qui
1797 3707 1902 3761 sub
1940 3707 2061 3778 ipso

470 3807 649 3860 erant,
684 3794 988 3865 colligeret,
1030 3803 1087 3849 et
1109 3802 1364 3864 quartam
1415 3795 1683 3868 synodum
1728 3795 2056 3852 damnaret:

473 3884 680 3939 Heliam
708 3900 838 3939 vero
873 3884 1144 3956 synodum
1191 3900 1302 3940 non
1333 3901 1717 3958 congregasse,
1741 3887 1835 3943 sed
1881 3888 2058 3943 solum

471 3975 791 4046 imperatori
831 3975 1050 4032 dedisse
1093 3976 1330 4044 litteras,
1382 3978 1587 4049 quibus
1631 3978 1952 4035 Nestorium
2004 3989 2064 4035 et

473 4069 780 4142 Eutychen,
822 4070 1122 4126 Diodorum
1148 4073 1282 4128 item
1318 4082 1376 4127 et
1409 4072 1763 4128 Theodorum
1790 4074 1916 4144 (nec
1951 4073 2059 4128 du-

472 4161 624 4217 bium
647 4161 782 4232 quin
802 4171 1138 4219 memoratos
1157 4164 1341 4236 alios),
1374 4164 1548 4236 ipsam
1584 4155 1807 4237 quoque
1827 4166 2061 4223 Chalce-

470 4255 771 4311 donensem
809 4257 1080 4328 synodum
1129 4257 1436 4315 damnaret.
1464 4257 1737 4330 Opinatur
1789 4259 2061 4315 Baronius

472 4347 528 4402 id
560 4348 826 4418 scriptum
849 4365 881 4402 a
904 4349 1198 4405 Theodoro
1222 4350 1290 4406 de
1311 4352 1468 4407 Helia
1491 4367 1593 4423 per
1630 4367 1879 4408 errorem
1908 4369 1922 4406 :
1959 4351 2059 4408 sed

2157 493 2334 547 sancti
2371 493 2575 549 Leonis
2606 493 2908 563 apostolica
2941 490 3106 556 ﬁdes,
3142 490 3230 545 vel
3260 488 3521 544 Ecclesia:
3548 487 3765 543 catho-

2156 582 2277 639 licae
2328 583 2582 639 delinitio
2629 583 2913 639 miraculis
2964 590 3311 653 propugnata
3366 589 3472 635 est.
3516 577 3764 644 Verum,

2154 676 2416 746 quoniam
2472 676 2645 731 animi
2673 715 2688 739 ,
2732 683 3038 746 postquam
3098 672 3487 731 vehementius
3573 671 3764 728 semel

2156 768 2417 823 commoti
2443 775 2594 833 sunt,
2624 767 2717 822 vix
2763 782 2822 823 se
2865 767 3155 823 continent
3182 765 3324 821 intra
3366 763 3599 820 rationis
3625 778 3768 819 mo-

2155 859 2310 925 dum,
2344 859 2441 915 sed
2476 860 2685 929 impetu
2732 858 2850 929 rapi
2865 859 3055 915 solent
3092 858 3312 929 longius
3334 871 3499 928 quam
3524 855 3610 911 fas
3633 855 3719 909 sit
3744 871 3764 910 :

2146 950 2388 1022 contigit
2431 959 2489 1008 ut
2532 950 2792 1023 Cyrensis
2814 951 2996 1006 clerus
3020 949 3369 1021 populusque
3394 947 3770 1003 scinderetur

2155 1044 2211 1098 in
2241 1053 2445 1115 partes,
2474 1044 2619 1109 aliis,
2655 1045 2885 1115 opinor,“
2908 1043 3293 1114 sequentibus,
3319 1040 3445 1097 aliis
3481 1039 3767 1112 fugienti-

2156 1136 2261 1192 bus
2300 1136 2555 1208 Sergium
2589 1137 2935 1207 episcopum,
2967 1150 3131 1205 quem
3165 1132 3404 1190 Severus
3444 1132 3772 1188 Antioche-

2154 1244 2262 1284 nus
2305 1229 2773 1300 Eutychianorum
2810 1227 3241 1298 perditissimus,
3279 1234 3338 1281 et
3388 1226 3474 1281 sui
3502 1223 3768 1280 nominis

2156 1329 2327 1377 sectae.
2365 1330 2561 1376 auctor
2607 1321 2981 1376 ordinaverat.
3008 1318 3251 1390 Contigit
3279 1318 3445 1373 etiam
3476 1320 3493 1339 '
3529 1325 3593 1389 ut
3621 1330 3771 1386 pars

2156 1412 2332 1482 major
2356 1411 2737 1487 imprudenter
2782 1425 2841 1466 se
2890 1409 3234 1466 Nestorianis
3266 1406 3601 1480 quibusdam
3631 1414 3766 1460 tum

2157 1503 2463 1569 monachis,
2501 1513 2616 1559 tum
2646 1503 2883 1568 clericis,
2913 1501 3248 1574 adiunxerit.

2226 1596 2507 1650 lncautam
2549 1594 2961 1650 multitudinem
2988 1594 3330 1664 impulerunt
3363 1591 3476 1646 duo
3513 1588 3574 1645 in
3622 1600 3769 1660 spe-

2157 1687 2300 1744 ciem
2333 1688 2602 1744 honesta:
2629 1686 2965 1743 Theodoreti
2996 1686 3263 1749 studium,
3286 1697 3450 1754 quem
3474 1680 3770 1754 Cyrenses

2159 1799 2303 1854 pene
2325 1782 2653 1847 adorabant,
2675 1790 2731 1837 et
2769 1780 2960 1836 odium
2986 1779 3437 1842 Severianornm,
3477 1792 3508 1831 a
3539 1776 3770 1847 quibns

2161 1875 2398 1931 duarum
2454 1883 2778 1930 naturarum
2817 1880 3122 1928 assertores
3180 1872 3301 1927 dira
3364 1884 3545 1941 nuper
3598 1866 3766 1939 passi

2160 1977 2339 2025 erant.
2386 1967 2685 2037 Utriusque
2751 1966 3062 2022 aﬂ‘ectionis
3118 1963 3436 2021 communio
3478 1963 3769 2019 suadebat

2159 2062 2318 2117 facile
2370 2070 2569 2131 puram
2619 2074 2741 2115 esse
2795 2057 3022 2115 sceleris
3071 2059 3216 2114 hanc
3269 2057 3613 2120 societatem,
3640 2070 3768 2125 qua

2160 2151 2365 2206 bellum
2397 2156 2686 2221 gereretur
2718 2149 2876 2220 quasi
2902 2164 3144 2212 sacrum,
3172 2155 3231 2204 et
3275 2161 3599 2203 communes
3649 2146 3768 2200 ho-

2160 2251 2274 2297 stes
2297 2240 2704 2312 frangerentur,
2729 2240 3020 2310 utriusque
3065 2247 3280 2295 naturae
3318 2238 3548 2293 haeresis
3574 2236 3768 2293 elide-

2161 2344 2583 2499 Cyrensis
2610 2425 2778 2496 igitur
2809 2422 3067 2479 Ecclesiae
3089 2420 3277 2477 clerici
3309 2420 3441 2484 duo,
3468 2419 3764 2476 Androni-

2115 2553 2121 2558 -
2160 2533 2261 2575 eus
2310 2519 2598 2590 presbyter
2636 2532 2702 2572 ac
2732 2516 3011 2579 defensor,
3048 2523 3108 2570 et
3140 2512 3411 2584 Georgius
3455 2511 3762 2577 diaconus,

2160 2621 2415 2666 auctores
2454 2610 2678 2665 fuerunt
2710 2607 3073 2672 multitudini,
3102 2617 3165 2662 ut
3205 2605 3639 2677 aggrederentur
3676 2603 3767 2656 fa-

2160 2701 2319 2756 cinus
2354 2702 2596 2757 audaciae
2627 2701 3029 2771 plenissimum.
3062 2698 3144 2753 Ad
3174 2697 3490 2753 audendum
3517 2696 3765 2768 jnvahat

2160 2795 2407 2850 conditio
2460 2810 2669 2849 rerum.
2719 2794 2959 2850 Severus
2997 2794 3145 2849 enim
3172 2792 3241 2848 ab
3288 2792 3624 2861 imperatore
3651 2789 3766 2845 Ju—

2160 2885 2305 2943 stino
2334 2887 2626 2942 Antiochia
2663 2888 2872 2957 eiectus
2903 2885 3115 2957 fugerat
3151 2882 3568 2948 Alexandriam;
3608 2882 3766 2937 Pan-

2159 2979 2248 3035 lus
2279 2979 2514 3034 duarum
2542 2986 2866 3034 naturarum
2900 2986 3144 3045 assertor
3168 2978 3225 3032 in
3262 2976 3444 3031 locum
3485 2974 3765 3045 fugientis

2160 3072 2321 3141 217
2346 3078 2691 3126 successerat
2737 3088 2750 3124 :
2787 3070 2914 3124 inde
2963 3069 3162 3124 afﬂicta
3189 3067 3411 3137 quidem
3446 3074 3533 3122 est
3580 3066 3768 3138 Euty-

2160 3164 2485 3219 chianorum
2545 3161 2730 3227 factio,
2765 3177 2878 3216 non
2927 3170 3111 3215 tamen
3144 3168 3449 3230 prostrata;
3499 3157 3766 3212 animum

2160 3255 2307 3311 enim
2366 3269 2547 3324 nuper
2592 3254 2750 3324 quasi
2814 3252 3105 3325 tyrannide
3159 3251 3366 3308 elatum
3421 3248 3768 3305 continebat

2161 3348 2349 3418 potius
2383 3361 2549 3416 quam
2577 3346 2911 3416 deponebat.

2231 3439 2320 3493 ΙΙΙ.
2384 3438 2456 3494 Ut
2512 3436 2732 3491 amictis
2771 3436 3103 3492 insultarent
3147 3434 3358 3499 clerici,
3409 3447 3552 3504 quos
3613 3432 3765 3498 dixi,

2161 3529 2494 3585 Theodoreti
2520 3528 2814 3599 imaginem
2841 3528 3031 3584 currui
3063 3527 3375 3598 impositam
3409 3526 3770 3597 triumphan-

2163 3624 2231 3677 tis
2260 3638 2414 3677 more
2449 3623 2505 3676 in
2535 3621 2815 3676 civitatem
2849 3620 3244 3685 introducunt;
3279 3619 3653 3675 circumfusus
3669 3626 3768 3675 est

2159 3711 2428 3782 plaudens
2451 3711 2708 3781 populus,
2734 3716 2793 3766 et
2830 3717 3163 3781 personante
3190 3708 3435 3779 epinicio
3454 3748 3470 3775 ,
3499 3709 3768 3779 procedit

2159 3819 2357 3873 pompa
2403 3803 2471 3857 ad
2512 3803 2799 3873 templum,
2851 3817 3064 3871 suoque
3113 3801 3314 3856 throno
3365 3800 3767 3857 Theodoretns

2159 3895 2500 3962 restituitur;
2533 3895 2847 3950 celebratur
2869 3896 3090 3966 synaxis
3117 3907 3272 3948 sacra
3303 3892 3359 3946 in
3389 3891 3759 3955 Theodoreti,

2159 3986 2520 4063 Diodorique,
2562 3997 2618 4041 et
2645 3986 2923 4041 Theodori
2948 3988 3252 4053 honorem;
3281 3984 3390 4039 imo
3419 3994 3477 4040 et
3506 3985 3761 4040 Nestorii

2158 4080 2416 4151 martyris
2469 4078 2529 4132 lit
2586 4079 2877 4144 memoria;
2924 4086 3185 4148 operatur
3231 4077 3425 4141 sacris,
3457 4076 3609 4146 quod
3663 4078 3761 4131 in-

2158 4184 2329 4225 nuere
2361 4170 2582 4224 videtur
2599 4169 2802 4225 Justini
2842 4168 3076 4233 sanctio,
3118 4169 3353 4238 ipsemet
3383 4166 3613 4236 Sergius
3633 4168 3762 4237 epi—

2158 4274 2378 4329 scopus.
2404 4259 2545 4325 Quid
2570 4258 2716 4312 enim
2741 4274 2853 4311 non
2876 4258 3019 4312 ausit
3051 4257 3333 4328 popularis
3354 4256 3596 4319 vesania,
3623 4273 3759 4311 cum

2158 4349 2316 4405 furor
2342 4350 2665 4421 religionem
2691 4349 3028 4405 ementitur?
3758 4352 3761 4353 ⁷

470 4440 812 4511 argumentis
840 4439 955 4495 suis
972 4455 1085 4495 non
1108 4439 1295 4509 eﬁicit,
1322 4450 1383 4498 ut
1404 4443 1509 4515 ipsi
1530 4458 1724 4501 omnes
1746 4443 2057 4500 assentiant
2089 4472 2134 4528 υ
2232 4441 2321 4496 1V.
2358 4441 2493 4495 Tam
2544 4441 2801 4512 projects:
2844 4440 3115 4503 audacize,
3146 4447 3418 4509 tantaeque
3450 4438 3761 4508 impietatis

472 4542 583 4589 tur.

1100 4647 1327 4705 CAPUT
1363 4647 1479 4705 XV.

472 4740 515 4793 Ι.
551 4739 1050 4817 Conversiqfefum
1085 4741 1396 4817 Theodoreti
1426 4742 1500 4817 _ob
1542 4742 1827 4817 tumjtltum
1857 4742 2059 4817 Cyren-

538 4826 667 4885 sem.
701 4813 767 4875 ll,
793 4812 1187 4885 lllLInducitur
1219 4813 1385 4884 ipsius
1418 4813 1600 4885 imago
1629 4812 1841 4885 Cyrum,
1862 4812 2059 4885 trium-

540 4882 628 4950 phi
659 4881 940 4954 more.AFit
987 4886 1202 4954 synaxis
1242 4881 1315 4954 'in
1354 4881 1690 4954 ipsisin—imo
1727 4893 1775 4938 et
1825 4884 2055 4940 Nestorii

541 4953 793 5021 martyris
822 4952 1087 5007 honorem.
1120 4954 1207 5008 IV.
1244 4952 1383 5007 Inde
1410 4956 1689 5009 commotio
1730 4957 1786 5009 in
1818 4954 2049 5010 Oriente.

542 5021 607 5097 γ,
639 5021 939 5097 Imperator
961 5024 1321 5097 jubetinquiri
1351 5024 1414 5077 de
1441 5041 1515 5079 re.
1538 5025 1614 5081 VI.
1648 5024 1885 5080 Incertus
1909 5042 2055 5097 quec-

539 5092 1012 5166 stionisuevcntus.
1088 5092 1207 5166 VII;
1253 5094 1472 5166 Tempus
1544 5105 1678 5150 acta:
1763 5092 2050 5166 tragaédiw.

550 5161 678 5216 VIII.
726 5161 871 5216 Unde
913 5165 1287 5217 monachorum
1334 5161 1517 5236 religio
1558 5183 1685 5238 erga
1731 5161 2049 5222 Nestorium.

877 5248 953 5299 Ab
977 5264 1106 5299 anno
1129 5249 1309 5302 Christi
1334 5254 1426 5303 5l8
1454 5255 1512 5304 ad
1537 5255 1646 5303 527.

544 5345 587 5401 1.
624 5346 899 5403 Hactenus
924 5348 1215 5405 honestum
1247 5350 1429 5408 fuerat
1458 5353 1528 5407 ab
1560 5353 1628 5407 iis
1656 5354 1841 5409 vexari
1878 5353 2057 5408 Theo-

474 5437 651 5494 doreti
684 5456 904 5505 nomen,
936 5458 1173 5512 quorum
1206 5446 1457 5515 impietas
1487 5454 1616 5502 nota
1654 5454 1801 5503 esset
1834 5466 1845 5500 :
1881 5447 2057 5502 fuerat

475 5540 532 5586 et
568 5532 887 5602 gloriosum.
917 5551 1237 5593 communes
1287 5538 1397 5607 pali
1446 5554 1571 5593 cum
1612 5548 1799 5593 sancta
1846 5539 2057 5609 synodo

2160 4533 2376 4589 novitas
2395 4533 2693 4588 commovit
2720 4533 2940 4597 merito,
2960 4548 3070 4586 non
3102 4540 3315 4586 tantum
3341 4531 3564 4603 Cyrum,
3589 4532 3761 4601 cujus

2156 4626 2212 4680 in
2242 4624 2420 4680 oculis
2462 4640 2551 4680 res
2581 4625 2863 4696 agebatur,
2915 4624 3012 4679 sed
3046 4626 3231 4691 etiam,
3261 4626 3403 4680 fama
3463 4626 3755 4695 vulgante,

2155 4725 2326 4773 totam
2370 4717 2816 4789 Euphratesiam,
2849 4719 3008 4789 cujus
3043 4718 3344 4788 provinciis
3368 4732 3499 4787 pars
3523 4726 3607 4772 est
3643 4716 3757 4789 Cy-

2154 4825 2250 4865 rus
2292 4827 2305 4863 :
2333 4810 2443 4864 imo
2465 4819 2522 4865 et
2560 4810 2734 4880 ipsam
2764 4809 3135 4873 Antiochiam,
3169 4807 3465 4865 Orientalis
3491 4808 3758 4864 dimcesis

2160 4902 2397 4973 primam
2436 4902 2645 4969 sedem,
2678 4911 2846 4973 atque
2874 4903 3040 4959 etiam
3066 4902 3622 4972 Constantinopolim,
3652 4901 3762 4954 im-

2161 4994 2300 5064 perii
2328 5003 2513 5065 caput.

2232 5084 2336 5152 Qui
2386 5083 2585 5156 Cyrum
2623 5084 2957 5150 incolebant,
2998 5083 3324 5156 Eutychiani
3381 5084 3762 5139 communiter

2162 5188 2327 5247 atque
2375 5177 2645 5233 Catholici
2683 5189 3021 5233 curaverunt
3050 5193 3081 5232 a
3110 5176 3401 5233 defensam
3429 5183 3578 5247 gesta
3618 5191 3760 5230 eon-

2168 5268 2277 5332 lici,
2303 5285 2425 5338 qua:
2458 5269 2523 5323 ad
2558 5269 2848 5339 pnesidem
2893 5269 3193 5341 provinciae
3225 5269 3599 5324 mitterentur.
3637 5269 3759 5322 Eu.

2166 5358 2405 5428 tychiani
2441 5359 2793 5430 singulariter
2826 5362 2892 5416 ad
2934 5363 3229 5433 primatem
3269 5360 3760 5431 Hierapolitanum

2163 5448 2231 5502 de
2258 5464 2316 5502 re
2344 5457 2454 5503 tota
2487 5451 2813 5505 retulerunt.
2855 5454 2904 5507 Is
2934 5464 3050 5508 erat
3088 5452 3327 5506 Xenaias
3352 5468 3446 5507 seu
3487 5451 3758 5505 Philoxe-

2163 5557 2267 5595 nns
2287 5541 2687 5611 Acephalorum
2716 5545 3105 5613 nequissimus.
3133 5544 3391 5599 Confecta
3431 5552 3558 5597 sunt
3578 5543 3754 5596 etiam

1814 5676 2133 5733 δειιιῖηιι
2175 5676 2406 5733 ΝΟΤᾸΖ.

547 5769 588 5801 ⁷⁷
621 5770 738 5826 Lib.
769 5787 803 5826 ιι
826 5770 960 5827 Hist.
991 5767 1168 5823 ccclcs.
