3926 6216
261 301 354 367 {Si

1437 311 1797 372 HISTORIA
1836 314 2344 382 TIIEODORETI.

3411 325 3511 388 ῙἻΟ

197 419 206 477 ῖ,
260 425 549 482 Antiochiae
573 435 755 498 gesta,
785 427 990 482 auditis
1018 424 1284 481 militibus
1305 424 1373 480 de
1403 423 1566 480 tertio
1600 439 1830 478 numero

1966 434 2178 498 onsule,
2208 434 2274 488 ad
2319 433 2562 490 Orientis
2593 434 2906 508 praefectum
2948 436 3115 493 Sacra
3151 436 3508 494 scriberetur.

260 518 756 586 Stabilisianorum,
801 522 896 591 qui
951 519 1078 590 Cyri
1122 518 1372 583 aderant,
1400 517 1531 571 dum
1581 524 1835 586 ageretur

260 612 462 678 fabula;
493 615 708 682 perlata
769 624 899 668 sunt
945 614 1001 668 in
1046 612 1238 668 urbem
1295 611 1497 682 regiam
1526 616 1582 664 et
1636 609 1751 664 haec
1779 619 1836 663 et

261 704 344 758 illa
375 721 388 756 :
421 704 648 759 additur
673 705 1054 774 Euphratesia
1085 704 1380 775 provincias
1428 702 1832 772 episcoporum,

263 797 532 867 ipsiusque
550 797 733 868 Sergii
756 799 997 861 libellus,
1019 813 1128 868 quo
1149 797 1433 852 Nestorius
1460 794 1833 857 damnaretur,

261 901 312 944 et
339 898 575 959 quatuor
595 889 964 944 conciliorum
992 888 1129 942 fides
1157 887 1504 957 probaretur.

328 982 387 1034 ν.
419 981 690 1036 Perlectis
722 981 999 1046 omnibus,
1036 979 1335 1049 imperator
1363 975 1625 1048 praefecto
1644 972 1838 1028 Orien-

268 1073 333 1128 tis
359 1073 452 1128 dat
481 1072 812 1142 inquirendi.
842 1071 1179 1135 mandatum,
1208 1077 1265 1124 et
1293 1068 1426 1124 illud
1463 1065 1686 1137 quidem
1715 1080 1839 1118 vero

268 1168 365 1230 bis,
398 1175 458 1220 ut
491 1181 593 1236 par
624 1174 764 1228 erat,
795 1164 919 1220 ﬁdei
953 1164 1136 1219 studio
1161 1160 1401 1218 incensis
1435 1159 1498 1211 ⁷⁸.
1543 1176 1561 1208 ι
1595 1157 1672 1211 Ne
1706 1155 1842 1210 emi-

269 1259 443 1313 nentia
468 1267 561 1312 tua
601 1267 848 1312 nostram
888 1255 1268 1312 tantummodo
1297 1254 1489 1308 timeat
1511 1247 1841 1320 indignatio-

269 1366 406 1414 nem,
448 1350 546 1405 sed
579 1349 750 1404 etiam
796 1349 891 1403 Dei
939 1349 1114 1414 iram;
1146 1363 1257 1402 non
1285 1345 1430 1418 piget
1472 1356 1575 1398 nos
1613 1348 1669 1396 et
1691 1340 1844 1410 iura—

273 1450 506 1497 mentum
535 1441 586 1495 ei
636 1441 920 1510 imponere
964 1439 1018 1494 in
1056 1439 1277 1494 nomine
1308 1435 1524 1492 Domini
1562 1441 1619 1488 et
1659 1429 1844 1484 Salva-

273 1533 398 1587 toris
421 1531 633 1587 Christi
661 1532 758 1585 Dei
793 1530 988 1595 nostri,
1015 1529 1084 1584 ad
1115 1545 1278 1599 quem
1300 1528 1427 1582 talia
1455 1523 1751 1596 pertinent,
1785 1526 1845 1572 ut

273 1625 433 1695 ipsam
457 1626 751 1680 veritatem
785 1623 1028 1692 undique
1061 1622 1347 1691 requiras:
1381 1628 1438 1676 et
1466 1615 1738 1688 siquidem
1763 1612 1846 1666 in-

272 1720 556 1774 veniantur
594 1717 801 1773 milites
827 1733 925 1787 per
949 1717 1131 1772 omnia
1156 1715 1290 1770 falsa
1330 1713 1552 1775 dixisse,
1580 1719 1636 1763 et
1663 1717 1843 1776 neque

271 1826 362 1879 pro
406 1809 670 1879 imagine,
703 1824 886 1878 neque
933 1823 1032 1877 pro
1077 1806 1399 1861 collectione
1444 1817 1572 1858 vera
1612 1800 1834 1860 dixisse,

272 1911 371 1950 non
407 1906 624 1951 tantum
654 1912 748 1960 ca,
779 1911 900 1965 qua:
939 1895 994 1948 in
1029 1894 1343 1948 Nestorium
1373 1891 1707 1953 referuntur,
1742 1891 1835 1944 sed

269 1991 427 2042 etiam
457 1989 573 2054 illa,
609 2004 730 2057 qua:
754 1989 809 2042 in
835 1986 1244 2041 Theodoretum
1271 1994 1327 2039 et
1375 1984 1724 2039 Theodorum
1777 2000 1839 2037 ac

271 2078 586 2142 Diodorum,
627 2095 755 2133 mox
803 2077 1101 2132 fortissimo
1141 2093 1373 2132 numero
1417 2076 1730 2147 eiiciantur,
1785 2074 1839 2126 in

267 2186 371 2239 quo
399 2171 645 2225 militare
686 2177 1008 2230 noscuntur,
1032 2176 1087 2222 et
1133 2168 1391 2223 omnibus
1419 2166 1708 2222 tormentis
1750 2181 1844 2219 eo—

272 2277 384 2316 rum
406 2277 645 2331 corpora
677 2261 1015 2316 crucientur.
1043 2259 1100 2315 Si
1130 2268 1312 2314 autem
1336 2259 1624 2314 veritatem
1649 2258 1706 2312 in
1729 2259 1844 2311 suis

273 2351 713 2421 depositionihus
747 2350 1007 2414 dixerint,
1050 2351 1164 2405 sive
1188 2365 1289 2420 pro
1316 2349 1570 2420 imagine.
1594 2349 1710 2403 sive
1745 2363 1844 2417 pro

270 2444 593 2499 collectione
623 2444 711 2498 vel
739 2443 1002 2506 Nestorii,
1033 2442 1121 2498 vel
1145 2443 1382 2496 aliorum
1406 2441 1592 2504 trium,
1625 2440 1693 2494 de
1729 2455 1847 2493 om-

272 2535 430 2589 nibus
462 2534 629 2589 nobis
670 2547 922 2604 suggere,
958 2541 1020 2587 ut
1054 2548 1386 2602 cognoscere
1416 2532 1688 2602 possimus
1729 2545 1844 2595 eos,

273 2627 362 2696 qui
395 2627 452 2680 in
506 2642 694 2681 veram
723 2636 780 2680 et
818 2625 1242 2686 immaculatam,
1270 2641 1432 2694 quam
1465 2634 1520 2678 et
1565 2639 1665 2677 nos
1712 2623 1848 2678 coli-

275 2732 411 2780 mus,
471 2716 638 2771 ﬁdem
683 2723 1071 2785 peccaverunt.
1114 2715 1192 2767 Ne
1229 2713 1362 2784 quid
1411 2723 1592 2768 autem
1639 2729 1707 2767 ex
1740 2713 1846 2774 his,

276 2823 443 2878 quina
468 2808 632 2863 nobis
664 2807 803 2862 lecta
844 2813 993 2870 sunt,
1020 2814 1169 2860 tuam
1205 2806 1641 2876 magnitudinem
1686 2804 1853 2876 218

277 2899 470 2962 lateat,
511 2897 782 2969 iussimus
816 2896 1006 2951 eadem
1044 2905 1222 2966 gesta,
1262 2911 1386 2966 quae
1430 2895 1558 2966 Cyri
1605 2896 1852 2949 confecta

277 2997 421 3052 sunt,
459 2997 518 3043 et
557 2988 628 3042 ad
675 3003 778 3041 nos
819 2987 1017 3049 relata,
1046 3002 1149 3041 nec
1176 3003 1286 3042 non
1332 2986 1599 3056 rescripta
1637 3000 1849 3048 eorum,

2007 523 2139 580 VIII.
2177 527 2295 582 Non
2334 528 2474 592 erit,
2510 529 2726 599 opinor,
2775 529 3015 585 alienum
3057 543 3085 584 a
3115 530 3236 586 loco
3273 532 3509 602 aperire,

1937 617 2082 672 unde
2108 629 2227 672 orta
2252 621 2323 674 sit
2356 622 2750 677 monachorum
2775 621 3138 678 Orientalium
3171 639 3298 694 erga
3321 624 3512 680 Nestt»

1937 710 2080 764 rium
2127 711 2341 781 religio,
2399 730 2507 783 qua
2569 714 3016 785 improbissimus
3055 713 3265 770 Christi
3311 715 3508 777 hostis.

1937 804 2091 872 quasi
2130 814 2337 876 martyr
2371 806 2518 868 fidei,
2543 815 2599 861 et
2634 808 2818 862 cultus
2852 808 2924 862 sit
2946 807 3074 861 olim
3096 847 3109 871 ,
3137 816 3192 860 et
3209 807 3511 860 etiamnum

1939 895 2151 950 colatur
2179 896 2249 950 ab
2275 897 2538 962 Ecclesia,
2556 901 2644 954 cui
2673 914 2871 954 nomen
2906 899 3052 954 fecit.

2020 987 2098 1042 Ex
2118 1003 2228 1058 quo
2267 989 2482 1060 imperii
2505 991 2665 1045 sedes
2683 991 2972 1046 Antiochia
2996 989 3314 1061 Byzantium
3339 998 3521 1045 trans-

1940 1077 2048 1134 lata
2077 1089 2181 1144 est,
2217 1081 2448 1151 perfecit
2482 1083 2697 1138 artibus
2723 1082 2838 1138 suis
2871 1084 3028 1139 urbis
3054 1083 3218 1154 regiae
3252 1083 3514 1143 antistes.

1942 1178 2003 1222 ut
2032 1169 2374 1226 Antiocheno
2425 1172 2644 1242 praeiret
2671 1189 2684 1223 :
2729 1171 2854 1226 inde
2878 1179 3003 1226 nata
3028 1170 3260 1226 Asianos
3288 1169 3430 1225 inter
3458 1177 3519 1224 et

1941 1257 2249 1316 Orientales
2282 1261 2502 1317 invidiae
2544 1262 2704 1332 plena
2732 1261 3007 1317 aemulatio
3039 1273 3052 1310 :
3081 1259 3208 1314 inde
3234 1258 3520 1330 episcopo-

1944 1371 2063 1410 rum
2101 1357 2264 1412 etiam
2301 1358 2355 1412 in
2395 1357 2665 1420 conciliis,
2697 1364 2752 1412 et
2779 1357 3024 1427 ipsorum
3057 1369 3276 1424 quoque
3299 1362 3518 1409 saneto-

1945 1459 2066 1498 rum
2111 1447 2506 1501 monachorum
2549 1445 2810 1516 frequeus
2846 1443 3040 1500 scissio
3074 1459 3086 1496 :
3132 1443 3257 1498 inde
3284 1442 3517 1498 Asiano-

1946 1551 2067 1588 rum
2111 1545 2231 1590 orla
2279 1535 2640 1606 impatientia,
2664 1535 2709 1589 si
2751 1533 2973 1605 quando
3019 1548 3085 1587 ex
3126 1531 3518 1593 Orientalibus,

1946 1629 2247 1698 praesertim
2270 1627 2572 1692 monachis,
2603 1624 3266 1695 Constantinopolitanum
3288 1623 3344 1678 in
3367 1623 3522 1677 thro-

1947 1734 2078 1773 num
2116 1719 2315 1789 aliquis
2358 1719 2688 1774 eveheretur
2717 1734 2730 1770 :
2765 1717 2890 1772 inde
2921 1731 3030 1771 non
3070 1714 3295 1768 minima
3327 1727 3520 1778 causa,

1945 1828 2045 1867 cur
2065 1812 2487 1884 Chrysostomus
2521 1811 2742 1882 indigna
2783 1809 3020 1880 plurima
3059 1821 3252 1877 passus
3275 1805 3368 1871 sit,
3389 1814 3446 1858 ct
3486 1819 3521 1858 ι

1941 1905 2056 1957 suis
2081 1904 2317 1969 clericis,
2342 1911 2397 1958 et
2423 1903 2491 1957 ab
2517 1902 2670 1957 urbis
2685 1900 2986 1955 monachis.

2037 1995 2416 2050 Antiochenus
2438 2002 2559 2048 erat
2587 1993 2908 2056 Nestorius;
2939 1991 2994 2045 in
3023 1989 3286 2060 Euprepii
3325 2002 3518 2044 mona—

1944 2089 2115 2142 sterio
2149 2087 2452 2142 sanctitatis
2492 2087 2809 2156 opinionem
2849 2083 3179 2152 collegerat;
3207 2081 3438 2136 ﬂorebat
3463 2081 3521 2136 in

1945 2179 2284 2234 Antiochena
2311 2176 2575 2242 Ecclesia,
2597 2191 2721 2230 cum
2743 2171 3360 2242 Constantinopolitanae
3383 2187 3521 2240 pras-

1946 2269 2124 2323 fcctus
2159 2275 2272 2332 est;
2312 2267 2364 2320 id
2402 2281 2581 2336 neque
2621 2263 2875 2319 monachi
2923 2277 3103 2331 neque
3146 2260 3332 2316 clerici
3367 2261 3524 2314 urbis

1948 2360 2112 2430 regite
2161 2373 2318 2428 aequo
2363 2357 2547 2410 animo
2587 2355 2854 2418 tulerunt,
2888 2353 3041 2407 velut
3078 2351 3164 2406 sui
3203 2358 3523 2420 contemptu

1949 2451 2174 2515 factum;
2203 2446 2660 2502 dissimulandum
2689 2454 2868 2500 tamen
2892 2442 2997 2496 fuit
3020 2450 3247 2512 propter
3269 2439 3519 2494 volunta-

1951 2551 2059 2595 tem
2083 2539 2369 2610 principis,
2385 2546 2440 2592 et
2464 2535 2810 2591 cohibendus
2831 2531 3175 2596 livor,douec
3192 2530 3418 2584 ultionis
3436 2544 3529 2582 oc-

1952 2632 2100 2686 casio
2115 2646 2173 2686 se
2191 2631 2365 2684 daret.
2385 2629 2586 2684 Verum
2607 2625 2698 2681 ubi
2724 2625 2959 2694 primum
2977 2619 3265 2677 Nestorius
3284 2618 3530 2689 prodidit

1954 2721 2226 2786 haeresim,
2274 2722 2386 2790 jam
2419 2735 2528 2773 non
2575 2733 2634 2772 se
2662 2714 2936 2771 continuit
2968 2711 3364 2768 monachorum
3399 2709 3533 2766 εσθ-

1951 2824 2097 2878 ctus,
2125 2815 2289 2884 219
2324 2812 2418 2867 sed
2455 2810 2644 2865 divino
2681 2807 2946 2862 instinctu
2993 2811 3304 2859 commotus
3346 2800 3534 2870 erupit

1957 2909 2012 2962 in
2044 2919 2286 2978 apertam
2337 2903 2761 2960 dissensionem.
2798 2897 2984 2954 Saviit
3018 2895 3306 2952 Nestorius
3349 2894 3403 2946 in
3436 2891 3529 2946 ad-

1956 3007 2280 3054 versantes:
2316 2995 2504 3049 libello
2531 2992 2610 3048 illi
2641 2990 2922 3061 petierunt
2949 2987 3020 3041 ab
3055 2986 3386 3055 imperatore
3411 2981 3530 3052 cogi

280 3095 395 3150 quae
429 3079 741 3135 Antiochiae
784 3080 1031 3134 confecta
1089 3087 1238 3143 sunt,
1275 3077 1374 3132 tibi
1421 3077 1740 3140 transmitti,
1793 3086 1850 3132 ut

1961 3088 2277 3150 concilium,
2308 3102 2418 3156 quo
2456 3083 2681 3139 haeresis
2722 3081 3079 3135 damnaretur
3110 3095 3123 3129 :
3153 3091 3269 3130 rem
3315 3087 3537 3144 promo-

282 3181 397 3242 post
433 3172 685 3228 confecta
732 3173 938 3235 omnia,
970 3186 1090 3241 quae
1130 3171 1414 3241 iussimus,
1459 3170 1660 3224 iterum
1694 3169 1857 3223 nobis

285 3262 638 3316 remittantur
667 3262 808 3331 ipsa,
839 3276 962 3332 quae
1000 3261 1054 3314 in
1099 3260 1240 3330 Cyro
1265 3259 1512 3314 confecta
1552 3266 1680 3313 sunt
1713 3277 1726 3311 :
1756 3275 1857 3328 pro

284 3354 383 3408 hac
413 3354 624 3408 etenim
654 3369 822 3407 causa
849 3353 1246 3407 destinavimus
1274 3351 1538 3407 Thomam
1569 3351 1846 3407 devotissi.

286 3462 426 3501 mum
464 3453 718 3516 agentem
747 3444 802 3497 in
841 3444 1007 3498 rebus
1033 3452 1090 3498 et
1131 3443 1509 3513 subadiuvam.
1551 3442 1746 3496 Latum
1785 3457 1856 3493 vn

286 3537 409 3593 ldus
447 3536 702 3606 Augusti,
734 3533 1232 3603 Constantinopoli,
1271 3533 1495 3586 Rustico
1537 3532 1600 3584 ν.
1627 3531 1688 3586 C.
1728 3545 1858 3585 con-

287 3629 416 3683 sule.
456 3647 475 3680 ι

355 3722 440 3776 Vl.
470 3719 616 3786 Quid
652 3729 1012 3775 consecutum
1048 3718 1138 3781 sit,
1167 3727 1262 3772 aut
1301 3732 1462 3786 quam
1515 3716 1705 3770 tulerit
1763 3717 1858 3771 Ju-

289 3811 480 3876 stinus,
512 3811 745 3881 perlatis
773 3810 840 3864 ad
893 3825 952 3864 se
996 3809 1183 3879 gestis,
1213 3810 1563 3872 sententiam,
1612 3808 1857 3876 ignotum

289 3911 405 3957 est:
432 3902 698 3956 credibile
735 3909 938 3966 tamen,
966 3907 1060 3954 aut
1087 3915 1302 3953 causam
1338 3909 1455 3952 arte
1480 3898 1698 3967 politica
1723 3913 1856 3951 con-

292 3987 536 4064 sopitam,
562 4009 633 4049 ne
655 3994 780 4063 quis
800 3991 1151 4062 inquisitione
1181 4007 1308 4045 reus
1333 3990 1857 4060 deprehenderetur,

291 4100 448 4152 quem
477 4084 779 4139 innocuum
803 4082 977 4137 videri
1001 4081 1294 4146 intererat;
1324 4087 1419 4133 aut
1447 4079 1857 4148 inquisitionem

294 4176 451 4245 gestis
483 4193 595 4230 non
620 4175 920 4230 admodum
947 4174 1288 4229 consensisse
1319 4191 1332 4226 :
1377 4188 1558 4242 neque
1597 4173 1742 4226 enim
1766 4172 1862 4227 Ju-

297 4268 558 4322 stinianus
610 4268 910 4336 imperator
936 4265 1280 4334 neglexisset,
1306 4281 1406 4334 pro
1437 4280 1536 4319 suo
1565 4265 1731 4319 trium
1769 4279 1859 4318 ca-

298 4356 586 4426 pitulorum
626 4357 775 4420 odio,
807 4354 854 4410 si
895 4356 1028 4426 quid
1069 4355 1322 4410 acerbius
1367 4354 1667 4409 indicatum
1694 4363 1870 4419 esset,

1959 3181 2038 3233 vit
2067 3179 2290 3241 acriter,
2325 3187 2486 3245 atque
2515 3173 2679 3227 etiam
2722 3169 2952 3241 perfecit
2985 3165 3309 3230 Dalmatius,
3345 3178 3535 3218 mona-

1958 3273 2186 3327 chorum
2233 3268 2390 3322 urbis
2432 3264 2706 3320 cxarchus
2737 3279 2750 3314 :
2785 3259 3029 3316 Orientis
3052 3274 3083 3314 e
3119 3256 3394 3313 contrario
3417 3270 3535 3309 mo-

1959 3363 2121 3419 nachi
2155 3359 2380 3432 Ephesi,
2407 3372 2516 3428 quo
2542 3355 2941 3417 confluxerant,
2963 3366 3088 3408 cum
3113 3351 3303 3406 Patres
3328 3362 3534 3404 conve-

1960 3457 2164 3520 nirent,
2194 3469 2296 3524 pro
2344 3451 2601 3507 Nestorio
2655 3463 2755 3502 suo
2805 3444 3123 3500 tumultuati
3169 3449 3316 3505 sunt,
3365 3448 3417 3494 et
3460 3437 3534 3492 ita

1958 3550 2202 3620 quidem,
2228 3556 2288 3601 ut
2313 3545 2402 3599 vix
2427 3539 2856 3612 comprimendis
2891 3551 3050 3607 pares
3073 3543 3262 3590 essent
3281 3548 3406 3588 cum
3435 3531 3537 3585 mi-

1959 3643 2147 3696 litibus
2171 3638 2421 3694 comites.
2451 3636 2730 3706 Deiectum
2762 3629 3072 3684 Nestorium
3104 3625 3445 3680 reduxerunt
3466 3621 3535 3676 ad

1961 3732 2223 3802 Euprepii
2262 3727 2655 3785 monasterium
2684 3742 2696 3777 :
2730 3723 2786 3776 in
2815 3721 2919 3774 hoc
2960 3719 3052 3772 ille
3088 3728 3264 3771 annos
3300 3725 3539 3784 quatuor

1961 3826 2200 3894 integros
2224 3821 2422 3892 exegit,
2439 3818 2566 3872 inde
2589 3813 2832 3870 Orientis
2857 3809 3189 3864 monasteria
3210 3805 3534 3868 sollicitans,

1961 3927 2123 3986 atque
2152 3915 2317 3968 etiam
2361 3926 2486 3966 suas
2517 3911 2572 3963 in
2608 3915 2796 3977 partes
2822 3902 3120 3957 abducens.
3153 3895 3395 3951 Fallendi
3444 3911 3537 3949 ars

1960 3985 2098 4066 erat,
2133 4003 2217 4056 vel
2247 4017 2374 4063 una,
2413 3999 2498 4052 vel
2520 3993 2918 4056 efficacissima,
2951 3988 3194 4060 pietatis,
3231 3985 3533 4056 patientia,

1919 4116 1922 4118 ν
1962 4109 2146 4149 rerum
2177 4093 2540 4146 humanarum
2594 4084 2967 4156 despicientia:
2998 4096 3060 4135 ac
3085 4079 3428 4150 painitentia:
3459 4077 3537 4131 af-

1961 4188 2156 4241 fectata
2201 4183 2431 4253 species.

2032 4277 2075 4330 E
2129 4271 2464 4328 monasterio
2508 4269 2828 4339 deportatus
2881 4264 2934 4317 in
2992 4261 3200 4325 Oasim,
3237 4270 3539 4328 perpessus

1964 4376 2046 4422 est
2084 4382 2203 4435 quae
2249 4365 2338 4417 vix
2389 4376 2630 4431 unquam
2678 4354 3083 4430 generosissimi
3125 4363 3393 4422 martyres
3429 4367 3443 4402 :
3475 4365 3540 4402 ea

301 4446 350 4500 id
372 4448 434 4502 ad
460 4447 656 4519 εἵποδί
681 4448 872 4502 Patres
895 4447 1287 4511 transmittere,
1311 4462 1435 4501 cum
1463 4447 1654 4501 Charta
1681 4446 1862 4501 ὅθεΐέ
1893 4443 1936 4498 D
1972 4453 2396 4512 lamentabiliter
2426 4451 2566 4505 mala
2589 4447 2864 4517 exposuit,
2888 4460 2995 4514 qua
3036 4441 3275 4513 pollebat
3300 4447 3418 4493 arte
3453 4438 3542 4490 di-

300 4554 329 4592 a
357 4539 570 4595 Iustino
595 4539 845 4608 scriptis,
873 4553 1037 4608 quam
1063 4553 1093 4592 e
1130 4537 1352 4592 scriniis
1395 4537 1643 4608 diligenti
1681 4537 1864 4592 studio

301 4631 454 4684 eruit.

369 4724 632 4778 Vll.‘ll:ec
676 4738 842 4793 porro
859 4722 982 4778 sive
1027 4724 1312 4794 tragoedia,
1338 4724 1452 4778 sive
1507 4724 1708 4788 fabula,
1737 4723 1864 4795 Cyri

307 4823 415 4868 acta
437 4823 521 4869 est
539 4830 687 4869 anno
721 4813 927 4869 Christi
950 4813 1052 4870 5'19
1068 4821 1325 4880 exeunte,
1351 4815 1495 4884 quod
1525 4816 1865 4879 credibilius,

309 4915 394 4958 aut
412 4906 797 4976 consequentis
830 4905 1004 4970 initio,
1028 4921 1137 4975 quo
1168 4921 1313 4959 anno
1335 4906 1590 4960 Rusticus
1611 4908 1861 4961 consula-

309 5002 414 5048 tum
449 4997 618 5066 gessit
668 5013 681 5049 :
720 5012 902 5065 neque
941 4996 1088 5050 enim
1135 4997 1316 5066 potuit
1359 5013 1522 5052 causa
1559 5006 1637 5052 tot
1675 5000 1860 5069 gestis,

311 5094 482 5156 totque
525 5087 784 5157 precibus
821 5095 880 5142 et
923 5087 1165 5142 libellis'
1212 5088 1499 5152 instructa,
1531 5089 1683 5142 brevi
1730 5100 1866 5144 tem-

313 5193 452 5246 pore,
482 5190 575 5235 aut
608 5181 1163 5253 Constantinopolim
1184 5183 1374 5236 venire
1408 5182 1550 5254 Cyro
1580 5191 1685 5237 tam
1733 5200 1864 5253 pro-

313 5280 392 5328 cul
423 5278 684 5341 distante,
711 5285 808 5332 aut
844 5276 901 5330 in
927 5276 1052 5330 aula
1083 5277 1317 5346 negotiis
1354 5283 1577 5345 propter
1609 5276 1864 5331 Vitaliani

253 5415 270 5439 __
316 5367 538 5421 consulis
564 5367 855 5424 factionem
885 5375 941 5420 et
975 5381 1188 5429 necem,
1221 5382 1341 5435 qua:
1372 5383 1556 5421 mense
1588 5367 1734 5421 Julio
1776 5383 1868 5420 ac-

234 5445 246 5453 ’
324 5454 455 5518 cidit,
475 5457 1030 5528 impedita,cognosei,
1052 5465 1112 5511 ut
1136 5474 1204 5510 vn
1227 5458 1352 5512 ldus
1371 5457 1620 5528 Augusti,
1638 5459 1865 5513 Rustico

1963 4549 2162 4605 cendi:
2199 4528 2540 4600 miserabiles
2596 4541 2812 4595 litteras
2853 4535 3008 4591 dedit
3055 4533 3124 4587 ad
3165 4528 3540 4585 Theodosium

1966 4643 2376 4710 imperatorem,
2399 4645 2454 4690 et
2470 4634 2536 4689 ad
2554 4631 2846 4703 prsrsidem
2867 4623 3186 4686 Thebaidis,
3212 4636 3352 4690 quas
3374 4619 3540 4675 etiam

1966 4709 2267 4786 amicorum
2319 4725 2625 4781 ministerio
2668 4737 2765 4791 per
2787 4715 3030 4773 Orientis
3068 4713 3330 4768 mandras
3357 4709 3540 4782 spargi

1968 4825 2196 4880 curabat
2249 4840 2262 4874 :
2323 4819 2658 4890 querebatur
2711 4828 2769 4867 se
2815 4809 3006 4864 exsilio
3056 4805 3280 4860 duriora
3328 4802 3462 4873 pati,
3508 4818 3541 4857 a

1972 4914 2250 4970 Blemmiis
2303 4911 2564 4981 primum,
2621 4903 2746 4960 Oasi
2799 4909 3029 4963 vastata,
3075 4899 3130 4952 in
3168 4895 3543 4966 captivitatem

1973 5007 2269 5060 abductum
2287 5044 2302 5062 ,
2329 5015 2452 5054 mox
2473 4994 2776 5051 Nomadum
2805 5001 2954 5046 metu
2979 4989 3267 5044 dimissum
3289 4985 3542 5053 Panopo.

1972 5093 2065 5145 lim
2091 5089 2326 5150 venisse,
2368 5085 2493 5139 inde
2537 5081 2952 5152 Elephantinam
2995 5086 3264 5147 raptatum
3296 5090 3326 5128 a
3351 5073 3542 5127 militi-

1975 5183 2100 5247 bus,
2133 5190 2248 5234 tum
2281 5177 2568 5232 reductum
2593 5171 2934 5241 Panopolim,
2959 5169 3310 5239 postmodum
3349 5164 3545 5219 detru-

1967 5289 2090 5327 sum
2118 5273 2170 5326 in
2199 5270 2438 5324 vicinum
2471 5264 2760 5335 Panopolis
2794 5263 3000 5325 locum,
3028 5259 3266 5328 denique
3305 5255 3359 5310 in
3381 5271 3544 5324 quar-

1975 5376 2090 5419 tum
2127 5361 2380 5419 exsilium
2425 5359 2682 5429 eiectum,
2727 5369 2852 5409 cum
2903 5366 3015 5407 uno
3043 5351 3337 5406 damnatus
3373 5355 3542 5402 esset.

2041 5456 2212 5510 Tanta
2244 5451 2586 5508 miseriarum
2639 5445 2993 5511 per"“'i8“‘ne
3041 5451 3152 5497 tam
3197 5439 3450 5496 ﬂebiliter
3475 5435 3542 5491 ab

1686 5611 2000 5672 SCHL’LZII
2041 5610 2266 5666 NOTAE.

457 5748 567 5803 vid.
601 5749 792 5822 synodi
826 5765 876 5812 v,
911 5748 1086 5802 collat.
1115 5748 1168 5802 s.

543 5845 810 5902 Ριιτηοι..
861 5841 978 5899 Gn.
1028 5839 1339 5901 LXXXIV.
