3926 6216
420 339 515 406 171

1551 329 1926 390 GARNERII
1966 321 2460 389 DISSERTATIO
2499 331 2546 389 Ι.

3576 327 3689 393 172

413 446 868 520 eloquentissimo
919 443 1123 500 misero
1180 442 1456 512 exposita,
1518 456 1548 494 a
1601 438 1999 509 potentissimis
2027 444 2073 501 Α
2102 438 2291 508 opinio
2333 437 2402 492 de
2437 437 2728 492 sanctitate
2754 437 2991 493 Nestorii
3013 478 3026 504 ,
3085 449 3145 494 ut
3182 437 3506 493 saeculorum
3540 440 3690 494 duo-

415 539 726 595 fautoribus
758 535 1108 606 amplificata,
1136 550 1166 588 a
1216 533 1348 587 viris
1397 531 1453 584 in
1501 531 1738 600 speciem
1791 529 1997 584 sanctis

417 630 670 694 laudata,
727 627 940 682 inﬂexit
1008 625 1226 680 tandem
1305 622 1652 691 imperatoris
1715 621 1994 688 animum;

407 736 587 790 quare
626 718 879 788 permisit
923 717 1199 771 hominem
1243 715 1311 768 ab
1337 713 1533 768 exsilio
1570 713 1754 768 redire
1775 714 1820 745 ⁷⁹
1854 731 1867 765 :
1901 712 1996 766 sed

415 812 592 876 senio,
624 810 1034 867 calamitatibus
1080 815 1136 862 et
1178 806 1441 860 arumnis
1492 806 1548 859 in
1583 805 1672 859 via
1715 803 1998 859 confectus

417 910 522 967 est,
561 903 672 956 Deo
706 901 1000 954 damnante
1037 897 1399 968 irreligiosam
1448 897 1744 952 Theodosii
1781 897 1998 952 miseri-

417 991 684 1047 cordiam.

493 1084 620 1138 Hac
655 1097 780 1137 cum
840 1080 896 1134 in
923 1077 1051 1134 Oasl
1093 1078 1380 1134 Nestorius
1415 1086 1714 1148 pateretur,
1755 1094 1787 1132 a
1825 1078 2004 1132 Theo-

419 1173 614 1228 doreto
641 1173 693 1225 in
741 1169 968 1226 Oriente
1010 1168 1414 1239 pradicabatur
1434 1169 1585 1223 velut
1623 1168 2004 1223 sanctissimus

418 1265 545 1320 ﬁdei
577 1264 856 1327 defensor,
901 1281 919 1313 ι
953 1262 1046 1331 qui
1077 1261 1216 1315 nihil
1246 1269 1448 1330 prater
1471 1276 1657 1315 sanam
1697 1260 2001 1315 doctrinam

417 1356 665 1412 novisset
705 1364 762 1410 et
789 1354 1098 1420 docuisset;
1139 1353 1235 1423 qui
1263 1368 1375 1422 pra
1405 1351 1606 1423 Cyrillo
1635 1352 1900 1406 innocens
1923 1352 2006 1406 fo-

416 1454 522 1510 ret,
556 1454 613 1500 et
645 1444 808 1500 morti
835 1452 1017 1499 tamen
1058 1443 1405 1508 traderetur;
1449 1457 1614 1511 quem
1651 1443 1785 1496 socii
1819 1452 2004 1512 pasto-

415 1551 506 1592 res
551 1534 778 1592 calamis
821 1533 1187 1599 occidissent;
1240 1548 1402 1602 quem
1444 1533 1642 1587 Iadere
1694 1548 1805 1586 non
1856 1533 2005 1589 aliud

414 1626 581 1691 foret,
607 1641 774 1696 quam
807 1625 1066 1701 pietatem
1102 1624 1277 1693 ipsam
1299 1623 1530 1678 violare.
1557 1642 1576 1675 ι

485 1717 971 1788 Exaggerabantur
1021 1715 1297 1787 ejusmodi
1331 1716 1522 1770 laudes
1571 1731 1602 1770 a
1663 1716 1786 1771 viro
1835 1717 2006 1771 totius

414 1808 661 1866 Orientis
692 1808 1168 1878 eloquentissimo,
1199 1817 1254 1863 et
1297 1807 1355 1862 in
1398 1808 1756 1864 eoneionibus
1795 1809 1996 1879 palam,

414 1909 472 1956 et
515 1901 572 1954 in
597 1899 985 1971 congressibus
1013 1900 1157 1968 apud
1189 1899 1568 1954 sanctissimos
1599 1915 1848 1970 quosque
1877 1914 1996 1954 mo-

413 1991 643 2048 nachos.
685 1991 920 2061 Cyrillus
958 2000 1150 2046 contra
1195 1990 1484 2046 dicebatur
1509 1992 1554 2026 ⁸⁰
1589 2009 1608 2042 ‹
1646 1991 1702 2045 in
1742 1991 1998 2061 blasphe-

413 2096 531 2136 mas
575 2096 639 2136 ac
671 2080 868 2150 impias
901 2095 1065 2135 voces
1103 2081 1388 2150 erupisse,
1444 2095 1734 2135 revocasse
1787 2080 1997 2135 dudum

411 2172 740 2228 exstinctam
789 2171 1115 2241 Apollinarii
1171 2172 1391 2227 inanem
1439 2171 1601 2226 simul
1659 2179 1716 2226 et
1772 2172 1995 2241 impiam

391 2264 725 2320 doctrinam
747 2304 761 2328 ,
791 2264 1098 2319 aulicorum
1133 2265 1365 2334 gratiam
1395 2278 1688 2318 munerum
1719 2263 1996 2333 pollicita-

409 2357 565 2411 tione
613 2355 934 2420 redemisse,
982 2356 1037 2409 in
1082 2356 1318 2412 concilio
1367 2357 1504 2410 nihil
1543 2371 1653 2409 non
1692 2356 1998 2410 Memnonis

411 2463 516 2519 ope
554 2465 651 2518 per
696 2448 806 2502 vim
833 2448 1032 2518 egisse,
1063 2449 1354 2518 episcopos
1382 2449 1450 2503 ad
1483 2448 1857 2502 damnandum
1885 2448 1994 2504 Ne-

413 2539 646 2593 storium
684 2537 822 2592 alios
857 2553 990 2592 auro
1019 2538 1270 2601 traxisse,
1309 2538 1447 2593 alios
1475 2546 1626 2592 metu
1669 2537 1930 2608 coegisse.
1970 2553 1988 2587 ι

497 2629 662 2699 220
688 2629 813 2684 Haec
839 2637 895 2683 et
919 2629 1024 2684 alia
1057 2645 1182 2684 cum
1211 2629 1408 2684 callide
1437 2619 1848 2699 spargerentur,
1878 2645 1996 2684 ere-

413 2721 686 2776 debantur
711 2719 892 2782 facile,
913 2720 1218 2789 prasertim
1249 2720 1318 2774 ab
1349 2720 1436 2783 iis,
1463 2720 1555 2789 qui
1585 2720 1996 2776 Theodoretum

411 2811 805 2882 suspiciebant,
838 2811 990 2865 velut
1042 2811 1294 2864 doctrina
1333 2825 1660 2879 morumque
1707 2811 1994 2865 sanctitate

409 2902 550 2957 nulli
581 2903 885 2957 secundum
917 2919 930 2954 :
960 2903 1337 2971 suspiciebant
1362 2917 1496 2957 vero
1533 2903 1878 2957 anachoreta
1915 2903 1992 2958 illi

407 2992 620 3057 eximii,
656 3008 721 3048 ex
777 3007 1014 3062 quorum
1066 2999 1203 3046 nutu
1240 2991 1553 3061 pendebant
1598 2993 1994 3047 monachorum

408 3082 742 3146 voluntates,
785 3083 1227 3152 populorumque
1247 3083 1476 3153 judicia.
1508 3081 1837 3153 Opinionem
1877 3093 1995 3139 tan-

2037 1802 2076 1853 Β

2102 528 2280 584 decim
2299 529 2453 599 lapsu
2471 545 2581 582 non
2598 527 2900 596 efﬂuxerit;
2931 529 3040 583 imo
3056 529 3265 599 plures,
3281 543 3421 599 quos
3434 541 3694 584 recenset

2103 619 2158 674 in
2179 634 2279 674 suo
2290 619 2548 690 Catalogo
2565 620 2930 685 Hebed-Jesu,
2943 620 3319 676 defensionem
3330 622 3450 691 ejus
3463 620 3692 693 Syriaco

2101 710 2426 780 scripserint
2449 729 2462 764 :
2491 727 2597 765 una
2617 719 2767 766 certe
2789 712 3152 768 Orientalium
3176 712 3571 776 Ecelesiarum,
3586 726 3696 766 no—

2101 802 2230 858 stris
2261 801 2564 857 etiamnum
2596 805 2975 874 temporibus,
3015 806 3135 875 ejus
3163 804 3386 859 nomine
3419 803 3694 874 gloriatur

2099 893 2327 962 ejusque
2370 893 2710 959 doctrinam,
2763 895 2893 949 licet
2926 895 3276 965 aliquatenus
3300 901 3689 964 temperatam,

2103 983 2374 1052 sequitur.

2698 1075 2922 1132 CAPUT
2961 1077 3099 1132 XVI.

2104 1186 2146 1240 I.
2181 1184 2362 1264 _Statu_s
2394 1205 2569 1264 rerum
2607 1189 2907 1264 imperante
2951 1190 3381 1264 ,ἶιέιδζηιίαηρεηἒ
3400 1193 3484 1246 Ad
3515 1193 3694 1264 ipsum

2178 1259 2436 1332 legatione
2469 1259 2708 1332 frtitgitur
2739 1259 3194 1332 sanctusisablgas.
3225 1262 3313 1317 III.
3347 1261 3487 1327 Quid
3519 1259 3695 1332 egerit

2175 1344 2295 1402 cnim
2345 1329 2613 1402 Theodoro
2661 1330 2933 1402 Augusta.
2956 1331 3043 1384 IV.
3081 1330 3240 1402 Origo
3285 1329 3592 1402 quastionis
3623 1334 3696 1386 de

2178 1399 2342 1453 tribus
2391 1400 2658 1468 capitulis.
2697 1398 2762 1454 νς
2817 1398 3044 1454 Collatia
3099 1398 3238 1454 inter
3290 1398 3584 1457 Catholica;
3640 1415 3696 1457 et

2175 1468 2508 1532 Severianos,
2536 1471 2623 1522 ubi
2657 1478 2833 1522 actum
2857 1470 2920 1522 de
2945 1470 3280 1525 Theodoreto.
3303 1473 3391 1526 VI.
3415 1472 3692 1527 Theodora

2178 1540 2315 1609 fauet
2346 1537 2670 1602 Severianis,
2702 1549 2748 1593 et
2794 1541 3010 1594 molitur
3055 1543 3111 1594 in
3161 1558 3394 1596 errorem
3438 1545 3698 1596 inducere

2178 1619 2344 1683 totam
2365 1609 2954 1683 Ecclesiant_._YII_._Qua:
2981 1611 3301 1683 fuerit.VIIl.
3333 1613 3398 1666 Et
3425 1616 3695 1683 quomodo

2178 1680 2451 1753 dominata
2486 1680 2617 1733 orbi.
2634 1680 2748 1753 1X:
2774 1679 2890 1734 Vult
2919 1679 3158 1753 omnibus
3178 1679 3465 1753 majoribus
3485 1685 3695 1737 throni;

2178 1767 2297 1804 suos
2328 1752 2613 1822 imponere.
2634 1749 3282 1822 X.Conitantinopolitance
3309 1751 3554 1806 Ecclesia:
3577 1754 3698 1807 An-

2181 1819 2697 1893 tln‘ntnmqprazﬁcit.
2761 1819 2852 1874 XI.
2923 1819 3074 1876 Hunc
3129 1825 3396 1893 Agapetus
3453 1823 3693 1877 abdicat.

2178 1889 2292 1963 XII.
2328 1889 2574 1963 Vigilium
2602 1901 3072 1963 auro__corrnptum
3113 1889 3280 1946 tentat
3317 1896 3372 1946 in
3393 1894 3533 1963 sede
3555 1910 3695 1963 apo-

2175 1961 2361 2014 stolil‘a
2392 1960 2680 2033 collocare.
2714 1960 2852 2014 XIII.
2884 1960 3008 2014 Ideo
3049 1963 3203 2032 jubet
3233 1963 3350 2033 ejici
3378 1960 3690 2033 Siluet'inm.

2175 2033 2265 2101 qui
2300 2032 2510 2085 tandem
2538 2033 2760 2084 miseriis
2793 2041 3129 2101 consumptus
3162 2032 3561 2087 moi'itur.XlV.
3603 2033 3696 2087 Vi-

2175 2099 2334 2171 gilins
2373 2118 2436 2154 ea:
2462 2105 2670 2172 inti-uso
2700 2101 2762 2167 ﬁt
2793 2099 3056 2172 legitimus
3096 2104 3352 2172 pontifex.
3383 2102 3497 2156 XV.
3532 2102 3693 2156 Alius

2178 2173 2406 2242 majores
2432 2171 2693 2225 Ecclesias
2713 2173 2868 2239 221
2892 2185 3077 2241 regunt
3098 2171 3373 2226 Catholici.
3395 2171 3696 2226 XVI.Pau-

2179 2241 2267 2296 lus
2307 2241 2702 2312 Alexandrinus
2732 2243 3027 2312 deponitur.
3069 2242 3230 2297 XVII.
3277 2245 3315 2297 Α
3366 2243 3695 2312 depositione

2177 2322 2438 2366 revertens
2467 2311 2714 2381 Pelagius
2745 2311 2956 2381 adducit
2983 2313 3261 2365 monachos
3285 2314 3345 2364 de.
3375 2311 3695 2381 0rigeitistis

2210 2392 2467 2444 uestttros,
2484 2391 2532 2452 et
2552 2379 2615 2434 de
2631 2381 2894 2452 Theodoro
2913 2379 3223 2451 Cappadoce
3235 2382 3440 2452 Pelagii
3469 2379 3694 2437 aemulo.

2225 2453 2360 2506 VIII.
2415 2451 2669 2522 Pelagius
2709 2451 2939 2522 incendit
2999 2451 3379 2522 imperatorem
3433 2454 3695 2522 adversus

2172 2521 2516 2592 Origenistas.
2550 2509 2695 2574 XIX.
2750 2509 3092 2592 Damnantui'
3143 2520 3247 2586 illi,
3296 2521 3482 2578 silente
3523 2521 3696 2577 Theo—

2173 2590 2320 2658 doro,
2347 2593 2436 2645 sed
2462 2592 2744 2644 vindictam
2771 2590 3076 2644 meditante.

2499 2703 2570 2752 Ab
2595 2718 2721 2752 anno
2754 2701 2934 2753 Christi
2958 2704 3047 2753 527
3073 2704 3130 2752 ad
3159 2703 3238 2754 5H
3259 2739 3274 2755 .

2171 2809 2222 2861 l.
2251 2807 2450 2878 Sopita
2480 2807 2656 2862 videri
2698 2817 2997 2878 potuerunt
3020 2809 3076 2863 in
3103 2808 3260 2880 Syria
3284 2808 3479 2872 turba,
3508 2823 3694 2879 quan—

2102 2901 2194 2955 diu
2225 2902 2477 2956 Justinus
2512 2902 2811 2970 imperium
2851 2901 3108 2967 retinuit,
3151 2902 3249 2958 sed
3291 2903 3477 2956 statim
3517 2909 3692 2972 atqve

2101 2993 2234 3048 illud
2269 2993 2581 3048 Justiniano
2615 2993 2864 3058 tradidit,
2899 3003 3123 3064 repente
3147 2995 3541 3049 tumultuatum
3573 3001 3690 3058 est,

2101 3101 2277 3157 eoque
2305 3086 2692 3141 vehementius
2728 3087 2988 3141 commoti
3020 3086 3210 3152 animi,
3241 3101 3351 3156 quo
3377 3087 3502 3156 plus
3542 3083 3701 3143 acri-

410 3182 522 3229 tam
583 3174 916 3229 conciliabat
969 3174 1320 3231 Theodoreto
1369 3175 1632 3245 frequens
1676 3184 1992 3231 sanctorum
2021 3166 2063 3224 C
2099 3177 2295 3232 monia
2343 3175 2644 3248 compressi
2690 3176 3292 3246 collegerant,quoque
3322 3177 3697 3246 opportunior

408 3265 682 3340 ejusmodi
728 3269 1006 3331 salutatio,
1034 3269 1180 3334 vita,
1204 3286 1368 3340 quam
1403 3279 1647 3342 agerent,
1681 3271 1992 3336 admiratio,

409 3359 516 3430 pia
569 3359 857 3431 cujusdam
907 3359 1129 3415 invidia
1174 3362 1359 3430 plena,
1410 3362 1686 3432 colloquia
1724 3363 1793 3417 de
1828 3363 1996 3417 rebus

411 3448 616 3504 divinis
639 3449 848 3504 fervida
869 3464 933 3504 ac
952 3465 1094 3520 pene
1111 3450 1385 3516 ardentia,
1409 3467 1637 3520 precum
1658 3453 1990 3522 imploratio,

409 3549 469 3597 et
496 3542 644 3612 quod
673 3542 763 3596 vel
811 3557 1041 3612 superos
1081 3549 1300 3612 tangat,
1336 3543 1645 3612 conscripta
1688 3543 1994 3599 viventium

411 3649 632 3704 quoque
677 3633 933 3699 historia,
963 3635 981 3653 ’
1012 3642 1070 3688 et
1093 3633 1318 3703 quidem
1353 3634 1650 3705 ejusmodi,
1689 3651 1810 3704 qua
1851 3651 1993 3704 pra-

395 3723 559 3778 elara
578 3731 917 3794 exaggerata
952 3723 1174 3780 virtutis
1203 3725 1454 3794 exempla
1484 3725 1782 3780 verborum
1812 3725 1994 3794 Splen-

409 3813 548 3876 dore.
575 3815 901 3880 illustraret,
935 3830 999 3870 ac
1018 3830 1160 3885 pene
1198 3824 1462 3885 aquaret.

481 3906 620 3962 Hinc
658 3915 848 3962 exorta
889 3907 1285 3962 monachorum
1319 3907 1670 3962 orientalium
1706 3906 1760 3962 in
1794 3907 1990 3962 Nesto—

410 3991 556 4046 rium
587 3994 908 4062 propensio,
938 3995 1237 4064 opinioque
1282 4004 1451 4060 tanta,
1484 4005 1546 4050 ut
1583 3997 1829 4052 defuncti
1862 3997 1993 4051 reli-

409 4083 568 4153 quias
595 4084 848 4138 nonnulli
879 4084 1282 4154 conquisierint
1326 4085 1395 4140 ad
1443 4087 1674 4141 cultum.
1709 4086 1872 4142 Certe
1898 4102 1993 4142 eo-

408 4191 531 4254 rum
565 4185 631 4230 ex
662 4191 895 4231 numero
925 4176 1172 4242 fuerunt,
1201 4177 1296 4247 qui
1337 4179 1676 4234 tumultuose
1707 4179 1877 4252 semel
1909 4187 1990 4234 at-

389 4281 514 4335 -que
535 4266 739 4321 iterum
769 4266 828 4320 in
855 4267 1092 4322 concilio
1116 4267 1572 4334 Chalcedonensi,
1603 4285 1785 4324 coram
1810 4253 1986 4340 impe-

405 4365 589 4411 ratore
637 4357 914 4412 Marciano
969 4358 1372 4429 Pulcheriaque
1424 4361 1693 4432 AuguSta,
1731 4362 1988 4417 Patribus

403 4448 695 4503 anathema
718 4448 1152 4505 inclamantibus
1179 4451 1456 4516 Nestorio,
1484 4455 1874 4521 reclamarunt,
1897 4458 1982 4512 vi-

373 4552 526 4592 .rum
551 4538 961 4593 sanctissimum
1005 4540 1353 4595 anathemate
1392 4544 1635 4611 percelli.
1669 4565 1686 4594 σ
1725 4546 1783 4600 Id
1813 4556 1982 4602 testa-

374 4681 379 4686 .
403 4637 517 4694 tur,
545 4630 824 4686 referente
851 4629 1090 4702 Evagrio
1115 4632 1181 4695 ⁸¹,
1211 4631 1536 4688 Eustathius
1562 4636 1858 4707 episcopus
1885 4637 1986 4692 Be-

401 4717 588 4796 rytijin
632 4720 854 4785 litteris,
893 4736 1031 4790 quas
1066 4720 1134 4775 ad
1163 4721 1431 4778 Joannem
1457 4725 1798 4795 episcopum,
1829 4738 1886 4783 et
1912 4728 1979 4783 ad

387 4797 638 4862 alteium
659 4812 927 4866 Joannem
960 4814 1344 4885 presbyterum
1380 4815 1448 4870 de
1486 4817 1655 4871 rebus
1693 4819 1747 4872 in
1770 4820 1982 4890 synodo

399 4899 573 4968 gestis
611 4901 851 4970 scripsit.
894 4902 1284 4969 Occurrentes,
1327 4905 1526 4976 inquit,
1555 4908 1739 4963 denuo
1795 4911 1833 4964 ii
1884 4912 1978 4982 qui

399 4989 637 5045 Nestorii
665 4992 924 5062 reliquias
960 5000 1330 5063 postulabant.
1363 5009 1550 5055 contra
1591 5006 1858 5074 synodum
1887 5022 1982 5061 vo-

401 5081 617 5138 ciferati
645 5092 811 5137 sunt:
850 5083 966 5147 Qua
998 5088 1061 5139 de
1094 5105 1255 5144 causa
1285 5093 1387 5145 viri
1429 5097 1603 5147 sancti
1637 5097 1976 5151 anathemate

400 5175 774 5230 damnantur?
803 5175 944 5230 adeo
976 5187 1035 5232 ut
1082 5179 1382 5251 imperator
1420 5185 1797 5257 indignatione
1827 5205 1978 5244 com-

397 5277 582 5322 motus
611 5268 1004 5338 prolictoribus
1026 5272 1144 5326 suis
1175 5275 1537 5344 mandaverit,
1569 5288 1631 5333 ut
1656 5295 1753 5334 eos
1782 5281 1976 5349 procul

390 5361 755 5430 expellerent.
798 5383 814 5414 ι

467 5452 600 5508 Tam
625 5455 734 5510 alte
758 5472 922 5525 porro
947 5458 1151 5514 insedit
1174 5461 1538 5530 quorumdam
1564 5465 1760 5520 animis
1787 5465 1976 5521 isthac

2018 4505 2061 4558 Ι)

2097 3269 2212 3324 visa
2235 3277 2319 3324 est
2355 3269 2595 3323 motibus
2627 3269 2906 3324 successio
2953 3269 3290 3339 principum.
3323 3268 3693 3323 Justinianus

2096 3359 2243 3413 enim
2269 3359 2596 3429 jampridem
2621 3359 2881 3413 audiebat
2901 3361 3210 3416 acerrimus
3233 3360 3425 3430 synodi
3449 3360 3693 3415 Chalce-

2096 3449 2377 3511 donensis,
2409 3463 2713 3518 eorumque
2739 3449 2900 3509 adeo.
2931 3464 3071 3518 quos
3096 3450 3338 3520 synodus
3357 3451 3689 3519 recepisset,

2097 3539 2373 3604 defensor,
2402 3539 2547 3594 unde
2570 3547 2626 3593 et
2656 3537 2927 3611 Synoditae
2955 3557 3159 3596 nomen
3193 3542 3280 3596 vel
3303 3557 3334 3595 a
3360 3541 3566 3610 populo
3587 3557 3695 3596 ac.-

2095 3637 2429 3698 ceptaverat,
2451 3631 2535 3685 vel
2590 3630 2634 3685 si
2676 3631 2956 3687 credimus
3005 3633 3258 3702 Evagrio,
3307 3633 3688 3688 atfectaverat.

2095 3749 2097 3751 ι
2165 3721 2229 3776 ll.
2262 3721 2418 3777 Tunc
2449 3723 2617 3793 igitur
2645 3723 2792 3780 vires
2830 3732 3270 3794 resumpserunt,
3294 3725 3386 3795 qui
3422 3726 3686 3780 Theodo~

2094 3813 2196 3868 reti
2255 3822 2458 3884 partes,
2492 3816 2697 3885 quique
2733 3818 2970 3872 Nestorii
3014 3817 3392 3888 sequebantur
3429 3818 3684 3874 :eadem

2093 3909 2240 3962 enim
2268 3917 2399 3964 tunc
2417 3910 2670 3975 credita;
2695 3911 2968 3980 siquidem
2997 3911 3306 3966 invalucrat
3329 3913 3496 3967 stulta
3523 3927 3688 3981 qua-

2093 4000 2240 4065 dam,
2282 4002 2396 4056 sive
2439 4009 2780 4071 temporum,
2825 4003 2939 4057 sive
2978 4003 3307 4073 populorum
3353 4003 3684 4067 credulitas,

2093 4100 2392 4162 utrumque
2415 4093 2697 4147 communi
2733 4093 2939 4148 invidia
2974 4093 3228 4149 laborare
3259 4112 3272 4148 :
3303 4103 3465 4165 atque
3498 4093 3552 4148 id
3575 4093 3687 4148 fuit

2094 4184 2148 4238 in
2178 4199 2364 4246 causa,
2386 4198 2485 4238 cur
2512 4193 2733 4238 sanctus
2762 4184 2972 4240 Sabbas
2991 4186 3060 4250 ⁸⁸,
3098 4201 3224 4239 cum
3249 4186 3521 4258 legatione
3546 4186 3685 4242 Ilie-

2091 4274 2463 4345 rosolymitani
2513 4275 2775 4330 antistitis
2804 4276 2872 4330 ad
2901 4277 3272 4332 Justinianum
3329 4278 3681 4349 fungeretur,

2091 4373 2380 4434 postquam
2411 4367 2658 4420 exoravit
2685 4366 3127 4423 Christianorum
3171 4385 3392 4424 causam
3413 4410 3427 4434 ,
3453 4378 3685 4439 propter

2090 4473 2254 4526 quam
2289 4467 2536 4522 venerat,
2565 4458 2815 4528 iramque
2847 4458 3194 4528 imperatoris
3220 4461 3275 4514 in
3300 4460 3683 4516 Samaritanos

2092 4551 2385 4614 convertit,
2408 4566 2533 4604 mox
2556 4551 2693 4616 Arii,
2711 4551 2948 4606 Nestorii
2979 4562 3035 4607 et
3055 4551 3308 4623 Origcnis
3327 4562 3505 4608 sectas
3525 4569 3679 4609 como

2090 4641 2251 4709 primi
2281 4640 2642 4710 postulaverit
2681 4641 3019 4696 ineluctabili
3047 4643 3284 4712 quadam
3320 4659 3546 4714 precum
3577 4660 3679 4714 po-

2091 4732 2299 4785 tentia:
2329 4748 2453 4787 nam
2487 4732 2665 4787 fuerat
2687 4732 2876 4787 divino
2908 4734 3168 4789 instinctu
3203 4743 3396 4804 pactus
3426 4735 3546 4791 fore
3587 4745 3670 4795 ut.

2089 4823 2134 4876 si
2168 4823 2512 4878 Justinianus
2557 4823 2612 4879 id
2638 4826 3004 4894 prastitisset,
3037 4826 3310 4890 Siciliam,
3357 4828 3586 4882 Romam
3619 4839 3680 4883 et

2086 4913 2472 4984 Carthaginem
2495 4933 2593 4986 pro
2622 4922 2878 4977 mercede
2902 4923 3196 4994 reciperet.

2168 5005 2255 5059 Ill.
2302 5006 2543 5078 Contigit
2590 5025 2721 5064 vero
2758 5011 2859 5066 hac
2903 5013 2959 5065 in
3008 5014 3279 5084 legatione
3321 5014 3502 5084 quod,
3541 5017 3673 5085 quia

2085 5096 2326 5165 pertinet
2355 5097 2421 5150 ad
2451 5100 2688 5155 nobilem
2723 5105 2888 5158 trium
2911 5106 3278 5175 capitulorum
3308 5106 3674 5178 impugnatri-

2085 5204 2226 5251 cem,
2271 5188 2473 5245 referre
2506 5208 2615 5246 non
2651 5203 2734 5250 est
2772 5197 3010 5252 alienum
3040 5213 3070 5251 a
3123 5197 3264 5252 loco.
3295 5197 3433 5253 Cum
3462 5198 3676 5253 Sabbas

2088 5281 2146 5335 in
2169 5284 2372 5352 palatio
2392 5295 2726 5354 versaretur,
2751 5287 3066 5358 etllagitavit
3089 5287 3379 5342 Theodora
3401 5287 3672 5357 Augusta,

2088 5385 2145 5430 ut
2172 5393 2333 5445 quam
2366 5378 2632 5434 hactenus
2664 5381 2866 5437 frustra
2893 5389 3180 5451 optaverat
3228 5380 3440 5450 prolem
3479 5381 3583 5436 sibi
3635 5384 3663 5438 ir

2085 5469 2198 5523 Deo
2231 5469 2369 5535 dari,
2401 5473 2658 5538 precibus
2701 5475 2784 5528 vir
2817 5482 3038 5530 sanctus
3079 5471 3354 5526 obtineret
3388 5487 3400 5522 :
3448 5475 3669 5544 negavit

1739 5622 2051 5677 SCIIliLZII
2091 5624 2318 5680 NOTAE.

465 5707 508 5738 79
531 5710 752 5781 Evagr.,
783 5711 942 5774 Hist,
970 5709 1066 5781 lib.
1098 5726 1227 5764 χχιι.
1306 5712 1349 5743 ⁸ο
1380 5711 1554 5781 Epist.
1581 5712 1646 5766 ad
1669 5713 1861 5768 Joann.
1898 5714 2152 5770 Antioch.

393 5794 515 5849 cap.
541 5780 631 5849 94,
660 5781 749 5875 die
779 5781 816 5851 ¹5
843 5780 1098 5836 Decemb.

2231 5718 2270 5749 ⁸¹
2307 5717 2424 5772 Lib.
2455 5735 2514 5787 ll,
2551 5735 2670 5789 cap.
2711 5723 2762 5776 ‘2.
2843 5723 2885 5753 θ’
2917 5721 3102 5792 Cyrill.
3129 5719 3337 5795 in_V'ita
3355 5719 3411 5776 S.
3439 5716 3650 5775 Sabba.
