3926 6216
337 307 434 375 173

1521 305 1879 368 HISTORIA
1911 295 2417 369 THEODORETI.

3479 315 3581 381 ΠΛ

255 451 262 462 σ
336 423 422 479 ille
446 434 504 476 se
524 419 826 487 facturum,
868 439 887 474 ι
933 436 1003 477 ne
1033 420 1202 495 (quod
1231 421 1426 478 amicis
1459 421 1771 492 importune
1815 435 1907 474 ro-
1934 424 1980 480 Α
2011 419 2318 477 Theodosia
2339 432 2396 478 et
2419 420 2683 478 Curesina
2705 422 2772 479 ad
2809 422 3068 497 Cyprum.
3091 425 3287 485 hlirum
3319 444 3451 486 vero
3481 447 3583 503 pro

333 513 581 587 gantibus
601 513 861 584 privatim
886 515 1154 587 aperuit),
1179 513 1224 571 si
1243 513 1466 586 quidem
1496 514 1732 570 fructum
1761 529 1828 570 ex
1844 528 1910 568 ea

335 606 420 662 edi
445 607 588 662 Dens
617 605 850 672 sineret,
879 607 998 678 ipse
1038 623 1260 678 quoque
1283 614 1528 679 gustaret
1563 606 1754 662 Severi
1779 607 1912 677 dog-

336 707 496 761 mata,
536 704 590 752 et
617 696 931 752 deteriores
954 713 1120 768 quam
1163 699 1317 769 prius
1351 699 1422 754 ab
1473 699 1796 763 Anastasio,
1824 707 1912 752 tu-

337 789 559 855 multus,
593 789 690 845 Dei
719 790 1121 845 contnrbarent
1141 791 1448 847 Ecclesiam
1471 791 1537 846 ⁸⁸.
1581 809 1602 844 δ

416 879 504 933 Ν.
535 877 777 934 Fovebat
820 878 1037 934 scilicet
1087 879 1332 950 Augusta
1383 879 1783 951 Acephalorum
1829 893 1914 935 se-

338 978 500 1034 ctam,
533 969 841 1041 synodique
883 969 1060 1024 hostis
1089 979 1230 1036 erat,
1259 970 1374 1026 sive
1407 969 1482 1026 ita
1515 970 1696 1041 reipsa
1739 969 1910 1024 senti-

339 1068 450 1127 ret,
498 1059 648 1130 quod
691 1071 892 1116 eventa
937 1061 1276 1128 docuerunt,
1317 1062 1456 1128 sive,
1489 1062 1636 1132 quod
1676 1061 1914 1132 politieis

339 1161 469 1207 tunc
498 1151 818 1216 videbatur,
849 1151 1126 1207 divisisset
1151 1167 1276 1206 cum
1327 1151 1524 1206 marito
1567 1159 1742 1206 totum
1783 1149 1912 1204 reli-

334 1243 512 1314 gionis
537 1242 944 1312 principatum,
971 1250 1033 1297 ut
1066 1242 1187 1312 ipsa
1221 1242 1332 1298 dux
1365 1243 1790 1314 Acephalorum,
1815 1241 1919 1297 Iu-

334 1335 606 1391 stinianus
637 1333 1028 1405 Synoditarum
1061 1333 1234 1400 foret,
1262 1343 1429 1403 atque
1462 1335 1537 1390 ita
1573 1333 1738 1389 ambo
1765 1348 1916 1389 com-

337 1424 631 1481 municatis
653 1424 898 1480 consiliis
917 1440 1014 1479 sua
1035 1439 1136 1494 pro
1157 1433 1400 1496 tempore
1423 1435 1478 1480 et
1499 1427 1617 1480 loco
1641 1435 1913 1480 momenta

325 1517 584 1596 partibus
605 1518 961 1572 alternarent.

411 1607 589 1665 Silere
624 1621 1000 1681 non'possum
1031 1609 1180 1681 quod
1203 1609 1444 1682 Cyrillus
1473 1608 1772 1664 Monachus
1802 1611 1816 1628 '
1838 1607 1916 1663 le—

335 1701 569 1772 gationis
611 1701 852 1773 scriptor
890 1702 1079 1768 tradit,
1118 1703 1250 1758 dum
1283 1717 1478 1758 causas
1517 1701 1782 1771 inquirit,
1817 1715 1916 1755 cur

331 1793 650 1864 nﬂapud
693 1793 1082 1864 imperatorem
1110 1794 1321 1850 Sabbas
1342 1794 1578 1850 Nestorii
1600 1803 1765 1864 atque
1793 1793 1916 1848 Ori-

332 1884 485 1955 genis
503 1884 819 1941 meminerit
841 1901 856 1940 :
883 1886 1010 1941 facit
1035 1887 1182 1942 enim
1204 1885 1272 1941 ad
1305 1886 1485 1941 lucem
1517 1885 1760 1941 historia:
1782 1885 1917 1940 alle-

335 1978 586 2034 rendam.
631 1996 652 2030 r
687 1977 948 2044 Nestorii,
977 1978 1157 2049 inquit
1193 1979 1260 2045 ⁸⁸,
1299 1990 1356 2033 et
1394 1977 1648 2050 Origenis
1691 1978 1916 2034 haeresis

334 2068 530 2124 morbo
583 2069 743 2124 multi
791 2070 1048 2125 monachi
1087 2069 1449 2135 laborabant,
1497 2079 1555 2125 et
1610 2068 1914 2124 timendum

334 2167 452 2213 erat
487 2173 560 2214 ne
602 2158 741 2213 alios
767 2159 1108 2216 attraherent
1138 2159 1206 2214 ad
1254 2159 1524 2215 malorum
1547 2160 1868 2215 societatem
1899 2175 1913 2212 :

337 2265 459 2304 nam
494 2264 625 2304 cum
645 2248 874 2320 quidam
903 2264 1081 2319 nuper
1107 2250 1493 2305 convenissent
1521 2249 1775 2304 monachi
1810 2249 1916 2320 By-

335 2341 602 2406 zantium,
630 2341 736 2396 visi
763 2349 893 2396 sunt
924 2341 1093 2412 aliqui
1129 2352 1315 2397 tenere
1352 2341 1606 2413 dogmata
1639 2340 1916 2396 Theodori

338 2430 717 2502 Mopsuestia,
762 2432 855 2488 alii
912 2441 1096 2487 autem
1157 2432 1429 2504 Origenis.
1472 2432 1773 2497 Leontius,
1821 2430 1916 2503 qui

337 2528 451 2574 erat
499 2521 620 2590 ipse
657 2534 880 2591 quoque
932 2521 1268 2586 monachus,
1305 2537 1510 2594 genere
1537 2521 1912 2593 Byzantinus,

339 2627 478 2667 unus
505 2628 575 2667 ex
597 2611 686 2676 iis,
712 2613 805 2682 qui
841 2627 966 2668 cum
991 2612 1188 2668 Nonno
1213 2613 1446 2684 ingressi
1475 2612 1696 2670 fuerant
1721 2629 1916 2669 novam

341 2701 594 2768 Lauram,
621 2717 763 2774 quos
793 2713 1080 2775 postquam
1126 2705 1382 2776 cognovit
1419 2720 1649 2776 magnus
1687 2705 1915 2767 Sabbas,

342 2812 372 2851 a
393 2811 618 2852 suorum
647 2796 835 2852 statim
860 2797 1072 2868 expulit
1090 2799 1531 2864 conversatione,
1561 2817 1580 2850 ι
1615 2807 1725 2854 etc.

409 2888 486 2942 Ex
519 2887 610 2942 his
648 2894 902 2956 apertum
941 2895 1028 2942 est
1055 2887 1168 2958 jam
1210 2885 1338 2942 inde
1371 2903 1402 2942 a
1427 2887 1628 2943 Iustini
1657 2888 1919 2957 tempori-

343 2980 442 3037 bus
465 2978 942 3048 Constantinopoli
975 2978 1119 3033 rixas
1151 2978 1323 3036 fuisse
1356 2988 1532 3035 motas
1559 2979 1706 3034 inter
1737 2979 1919 3034 Theo-

2008 511 2216 568 Severo
2261 529 2532 586 pugnasse
2568 515 3001 587 Euphratenses,
3046 534 3279 590 quorum
3318 521 3586 579 hactenus

2009 601 2190 659 fuerat
2215 604 2272 659 in
2297 605 2704 662 Theodoretum
2736 609 2990 678 pertinax
3027 627 3220 668 amor:
3264 615 3361 671 sed
3401 616 3583 673 studia

2013 696 2354 765 temporibus
2374 699 2574 754 mutari
2600 714 2711 755 non
2744 701 2990 758 insolens
3011 712 3116 760 est.

2085 785 2166 842 Ex
2198 787 2489 844 duodecim
2522 806 2694 862 porro
2724 793 3013 850 recensitis
3039 795 3313 867 episcopis
3333 797 3584 854 Catholi—

2014 895 2108 936 cos
2151 895 2249 937 sex
2277 881 2578 952 imperator
2615 895 2944 952 vocaverat;
2970 886 3068 941 alii
3094 886 3307 943 dudum
3354 889 3410 944 in
3447 890 3586 946 urbe

2013 973 2162 1044 regia
2187 972 2564 1040 morabantur,
2607 977 2743 1041 suis,
2776 978 2998 1048 opinor,
3022 980 3232 1048 expulsi
3259 996 3295 1035 a
3333 981 3588 1051 plebibus

2008 1074 2239 1135 propter
2277 1064 2532 1122 heresin.
2561 1066 2732 1136 Opem
2783 1069 2864 1123 illi
2905 1069 3165 1139 precibus
3195 1071 3590 1130 efﬁcacissimis

2013 1156 2307 1213 Iustiniani
2353 1157 2743 1227 implorabant,
2772 1160 3066 1229 sponsione
3114 1162 3373 1218 nimirum
3423 1165 3586 1232 facta,

2015 1257 2110 1314 ut,
2161 1249 2210 1305 si
2256 1248 2325 1304 de
2371 1250 2488 1305 suis
2522 1250 2923 1320 quaestionibus
2981 1251 3336 1321 docerentur,
3385 1264 3590 1312 sancta:

2014 1337 2226 1410 synodo
2265 1339 2669 1395 consentirent.
2695 1339 3030 1398 Conditione
3067 1354 3311 1416 accepta,
3350 1347 3590 1419 impera-

2016 1436 2104 1482 tor
2138 1426 2324 1484 doceri
2349 1444 2446 1484 eos
2476 1429 2671 1496 voluit,
2700 1429 2886 1488 habita
2923 1434 3223 1491 collatione
3249 1452 3374 1492 cum
3393 1439 3590 1494 erudi-

2015 1517 2245 1574 tissimis
2275 1520 2613 1592 quibusque,
2640 1537 2750 1578 non
2772 1539 2972 1595 magno
2993 1535 3175 1582 tamen
3193 1543 3374 1600 operae
3391 1532 3590 1600 pretio;

2014 1621 2307 1682 propterea
2343 1612 2490 1682 quod
2527 1613 2804 1684 Augusta,
2831 1625 2887 1670 et
2933 1618 3053 1689 ipsa
3088 1619 3404 1688 Severiana,
3427 1625 3591 1697 223

2017 1703 2156 1757 clam
2182 1712 2441 1760 nutantes
2465 1703 2758 1772 retinebat,
2788 1722 2884 1777 spe
2905 1708 3070 1775 facta,
3096 1709 3213 1768 fore
3244 1723 3307 1769 ut
3331 1714 3384 1769 in
3409 1710 3590 1784 sedes,

2020 1794 2172 1850 salvo
2201 1809 2416 1860 errore,
2445 1795 2706 1854 Ecclesiae
2752 1813 2894 1869 pene
2939 1801 3110 1859 totius
3131 1807 3403 1861 sententia
3429 1807 3595 1863 nesti-

2017 1894 2326 1942 tuerentur.
2359 1887 2686 1944 Moliebatur
2703 1891 2915 1948 scilicet
2931 1892 3042 1963 jam
3071 1894 3198 1950 inde
3227 1897 3402 1953 audax
3431 1899 3590 1969 quid-

2017 1979 2153 2034 libet
2184 1987 2393 2035 tentare
2429 1982 2647 2047 mulier,
2681 1998 2789 2053 qua
2824 1986 3038 2040 ratione
3076 1997 3264 2057 posset
3292 1992 3596 2062 majoribus

2019 2068 2197 2124 tribus
2257 2068 2502 2135 sedibus,
2545 2070 2828 2136 Romani»,
2857 2071 3482 2149 Constantinopolitanae
3537 2092 3596 2138 et

2017 2159 2432 2226 Alexandrinae,
2487 2161 2741 2219 homines
2801 2179 2916 2220 sua
2971 2165 3227 2224 factionis
3277 2169 3592 2240 praeficere.

2017 2248 2221 2318 quibus
2279 2249 2652 2306 servientibus
2704 2267 2797 2307 res
2853 2252 3114 2310 Ecclesiae
3152 2257 3380 2327 perinde
3429 2269 3594 2330 atque

2019 2339 2237 2410 imperii
2268 2341 2626 2412 proarhitrio
2650 2341 2944 2398 inclinaret
2971 2362 2986 2398 :
3016 2354 3073 2401 et
3097 2345 3154 2401 id
3179 2363 3310 2404 sane
3343 2351 3593 2420 perfece-

2019 2440 2126 2498 rat,
2148 2433 2274 2498 nisi,
2299 2433 2411 2489 Deo
2439 2433 2744 2490 Ecclesiam
2774 2445 3115 2507 protegente,
3139 2439 3466 2497 muliebrem
3488 2443 3594 2498 im-

2019 2524 2347 2595 probitatem
2377 2541 2504 2596 spes
2531 2525 2871 2582 frustrasset.

2089 2614 2177 2670 Vl.
2213 2614 2272 2670 Id
2297 2624 2412 2670 tum
2448 2615 2671 2671 demum
2700 2618 2919 2688 planius
2944 2629 3272 2690 exponetur,
3315 2636 3438 2678 cum
3475 2638 3596 2680 nta~

2019 2705 2216 2761 nifeste
2249 2706 2528 2772 claruerit,
2561 2723 2684 2778 quae
2715 2707 2886 2765 fuerit
2924 2711 3160 2777 indoles,
3179 2714 3390 2785 quique
3413 2730 3597 2772 mores

2018 2797 2236 2852 feminae
2297 2806 2542 2852 sanctam
2616 2797 2887 2869 synodum
2935 2797 3439 2859 Chalcedonensem
3495 2819 3597 2875 per

2019 2889 2164 2944 latus
2217 2887 2548 2944 Theodoreti
2606 2889 2954 2960 aliorumque
3018 2890 3253 2946 duorum
3311 2895 3593 2963 petentis;

2019 2976 2126 3032 hoc
2169 2984 2273 3041 est,
2312 2976 2572 3033 Ecclesiae
2625 2977 2722 3032 toti
2769 2976 3093 3033 facessentis
3134 2979 3404 3036 famosum
3457 2983 3594 3038 illud

343 3073 458 3129 dori
489 3072 863 3145 Mopsuesteni
889 3080 948 3128 et
976 3069 1232 3143 Origenis
1271 3080 1573 3128 sectatores
1610 3091 1627 3127 :
1664 3081 1913 3144 apertum
1941 3091 1987 3150 ρ
2021 3069 2184 3124 trium
2215 3069 2582 3139 capitulorum
2606 3068 2908 3138 negotium,
2939 3083 3053 3139 quo
3084 3079 3234 3125 totus
3259 3071 3412 3126 orbis
3431 3071 3595 3128 Chri-

343 3169 503 3222 etiam
552 3165 709 3221 initia
739 3172 987 3220 motuum
1023 3163 1136 3234 jam
1184 3161 1312 3218 inde
1345 3161 1511 3218 ducta
1543 3179 1694 3228 esse,
1723 3172 1784 3218 ut
1817 3163 1918 3217 mi-

350 3275 462 3313 rum
485 3274 596 3314 non
618 3259 711 3324 sit,
738 3266 929 3327 postea
959 3255 1084 3312 odia
1107 3264 1164 3312 et
1196 3270 1408 3326 pugnas
1430 3255 1576 3310 inter
1599 3255 1916 3310 earumdem

346 3351 660 3406 defensores
695 3349 989 3406 exarsisse.

409 3439 539 3506 Quae
574 3439 926 3494 narravimus
972 3437 1242 3492 hactenus
1285 3435 1355 3492 de
1393 3434 1663 3505 legatione
1702 3431 1915 3498 Sabbaa,

344 3532 692 3602 contigerunt
742 3545 889 3584 anno
933 3528 1228 3584 Iustiniani
1268 3529 1333 3592 4,
1377 3526 1584 3582 Christi
1625 3524 1747 3589 550,
1792 3539 1918 3579 cum

351 3618 551 3674 Sabbas
581 3617 955 3690 nonagenario
995 3619 1170 3690 major
1206 3625 1372 3682 esset,
1395 3623 1452 3672 et
1480 3627 1660 3671 tamen
1709 3615 1920 3686 aliquot

349 3720 468 3766 ante
489 3712 818 3783 legationem
843 3710 1002 3764 annis
1027 3708 1281 3763 monachi
1301 3709 1510 3780 iurgari
1534 3715 1835 3779 cmperant.

413 3801 477 3857 ν.
520 3802 749 3856 Duobus
792 3809 912 3871 post
949 3800 1109 3854 annis
1147 3807 1242 3853 aut
1283 3798 1456 3853 ferme
1491 3799 1694 3864 tribus,
1731 3799 1919 3855 habita

349 3902 426 3948 est
455 3891 932 3962 Constantinopoli
961 3890 1181 3946 collatio
1205 3889 1518 3946 Catholicos
1561 3891 1705 3945 inter
1733 3900 1789 3946 et
1824 3890 1921 3946 Se-

351 3984 618 4046 verianos,
636 3983 692 4037 in
731 3999 838 4052 qua
869 3982 938 4036 de
959 3981 1307 4036 Theodoreto
1333 3981 1597 4036 nonnulla
1635 3980 1739 4052 fuit
1773 3995 1920 4052 qua:-

351 4077 488 4132 stio:
531 4077 649 4131 haec
678 4076 732 4130 in
776 4075 999 4145 primis,
1028 4073 1308 4144 quomodo
1338 4072 1686 4128 Chalcedone
1721 4073 1922 4129 dixerit

349 4169 632 4222 anathema
657 4165 935 4231 Nestorio,
957 4181 1027 4220 an
1053 4181 1119 4222 ex
1149 4165 1356 4230 animo,
1383 4180 1450 4220 an
1487 4165 1917 4232 dissimulanter,

349 4264 402 4310 ct
419 4256 586 4311 verbo
607 4265 792 4309 tenus.

415 4347 522 4403 Res
552 4347 607 4402 in
639 4347 790 4401 hunc
817 4346 1040 4401 modum
1080 4355 1231 4417 gesta
1267 4355 1370 4401 est.
1396 4345 1784 4401 Convenerunt
1819 4347 1918 4402 Iu-

2023 3160 2233 3214 stianus
2259 3159 2573 3229 impeditus,
2602 3174 2702 3230 pro
2733 3158 2909 3214 tribus
2940 3160 3261 3217 hominibus
3276 3177 3389 3217 non
3413 3165 3598 3222 minus

2021 3251 2304 3322 pugnavit,
2337 3267 2500 3321 quam
2533 3267 2634 3322 pro
2663 3250 2870 3306 Christi
2904 3250 3034 3308 fide.

2091 3342 2202 3398 νυ.
2236 3341 2422 3397 Traxit
2443 3341 2731 3396 Theodora
2761 3341 3084 3413 imperatrix
3120 3344 3386 3415 originem
3421 3361 3490 3402 ex
3511 3347 3598 3402 in—

2021 3433 2164 3488 fimae
2219 3434 2383 3489 sortis
2427 3433 2772 3505 parentibus,
2825 3441 2983 3504 patre
3029 3434 3303 3506 siquidem
3337 3453 3598 3495 ursorum

2022 3525 2223 3581 theatri
2277 3525 2474 3591 altore,
2529 3533 2708 3582 matre
2760 3527 3025 3582 scenica:
3079 3527 3260 3582 caruit
3309 3537 3464 3599 patre
3506 3531 3601 3586 vix

2021 3618 2414 3690 quinquennis,
2466 3618 2703 3688 ideoque
2757 3617 2813 3674 in
2863 3619 3055 3676 matris
3095 3620 3261 3676 domo
3300 3630 3599 3693 egestatem

2021 3727 2182 3783 passa
2213 3719 2298 3766 est
2327 3726 2452 3766 cum
2486 3712 2776 3767 sororibus
2801 3711 3041 3777 duabus,
3073 3729 3238 3782 quam
3273 3723 3336 3769 ut
3361 3714 3594 3786 fugeret,

2022 3804 2206 3860 statim
2239 3811 2402 3874 atque
2446 3817 2548 3873 per
2590 3811 2808 3859 atatem
2867 3803 3044 3868 licuit,
3089 3803 3355 3874 producta
3404 3816 3489 3861 est
3541 3807 3597 3862 in

2021 3911 2264 3959 scenam,
2322 3895 2417 3950 ubi
2476 3893 2620 3949 inter
2665 3893 2864 3949 mimos
2908 3892 3103 3950 didicit
3137 3909 3396 3964 spernere
3424 3896 3597 3966 pudo-

2022 4003 2137 4043 rem
2183 3987 2249 4041 ⁸⁸.
2303 3987 2461 4042 llunc
2500 4001 2626 4042 cum
2653 3985 2930 4055 posuisset
2954 3985 3012 4040 iu
3037 3984 3176 4041 urbe
3199 3986 3369 4056 regia,
3395 3985 3595 4041 Penta-

2021 4079 2163 4148 polis
2198 4078 2540 4149 praefectum,
2569 4079 2730 4150 cujus
2763 4078 2980 4132 libidini
3011 4077 3306 4143 serviebat,
3338 4076 3598 4133 comitata

2020 4179 2105 4225 est
2153 4170 2209 4224 in
2247 4168 2563 4241 Egyptum,
2620 4168 2764 4224 unde
2809 4168 3342 4240 Constantinopolim
3378 4182 3599 4224 reversa
3646 4230 3652 4237 ,

2025 4261 2226 4317 meruit
2251 4261 2396 4317 inter
2429 4260 2802 4317 emboliarias.
3546 4304 3550 4307 .

2094 4353 2306 4408 Placuit
2328 4361 2458 4408 tunc
2489 4352 2751 4423 temporis
2789 4351 3101 4408 Iustiniano
3139 4351 3462 4420 juveniliter
3510 4349 3598 4403 in-

349 4437 568 4494 stiniani
605 4436 866 4493 mandato
892 4437 1022 4492 hinc
1051 4445 1105 4491 et
1131 4437 1258 4492 inde
1291 4453 1385 4492 sex
1411 4438 1651 4507 episc0pi
1674 4454 1688 4502 ;
1713 4436 1917 4492 Catho-
1953 4437 1994 4491 D
2023 4441 2278 4507 sanienti,
2310 4442 2406 4496 sed
2431 4450 2492 4497 ut
2517 4443 2689 4497 amica
2723 4442 2984 4512 primum,
3014 4440 3212 4495 deinde
3242 4441 3392 4495 velut
3423 4455 3596 4494 uxor:

352 4531 576 4587 licorum
621 4531 735 4587 dux
769 4538 889 4586 erat
927 4531 1195 4602 Hypatius
1218 4531 1550 4600 Ephesinus,
1593 4531 1921 4587 Severiano-

350 4639 462 4677 rum
497 4623 727 4694 Sergius
766 4621 896 4693 Cyri
918 4623 1229 4692 episcopus.
1257 4622 1487 4692 Hypatio
1528 4622 1756 4678 aderant
1800 4624 1921 4678 Ste-

349 4716 557 4784 phanus
606 4715 894 4778 Seleucim,
934 4713 1228 4768 Anthimus
1281 4714 1676 4784 Trapezuntis,
1727 4717 1920 4772 Demc-

351 4805 480 4859 trius
507 4805 910 4873 Philipporum,
949 4804 1189 4859 Ioannes
1213 4805 1428 4859 Vezniaz
1463 4807 1721 4869 civitatis,
1747 4817 1804 4861 et
1829 4808 1918 4861 ln-

349 4895 632 4948 nocentius
682 4893 937 4947 Maronite
985 4893 1252 4963 episcopi,
1297 4909 1488 4950 omnes
1535 4897 1911 4966 metropolitae.

347 4986 582 5040 Aderant
631 4984 824 5053 Sergio
879 4985 1116 5041 Thomas
1163 4985 1543 5052 Germanicim,
1583 4990 1916 5045 Philoxenus

347 5075 614 5141 Doliches,
643 5076 840 5132 Petrus
873 5076 1342 5148 TheodosiOpolis,
1375 5081 1610 5137 Ioannes
1653 5083 1918 5138 Constan—

351 5163 488 5228 tina,
514 5163 744 5219 Nonnus
764 5162 1044 5219 Curesinte
1065 5166 1256 5231 urbis;
1286 5183 1496 5234 omnes,
1515 5169 1560 5225 si
1583 5170 1724 5226 forte
1747 5173 1915 5228 Joan—

354 5267 469 5307 nem
501 5253 767 5324 excipias,
805 5254 1079 5310 minorum
1113 5257 1398 5312 civitatum
1428 5261 1693 5332 episcopi,
1713 5280 1780 5318 ex
1805 5265 1917 5319 Eu-

356 5346 618 5415 phratesia
663 5356 722 5403 et
765 5347 994 5419 Cypro:
1035 5347 1209 5420 Cyrus
1248 5351 1432 5416 enim,
1472 5352 1819 5410 Germanicia
1863 5367 1919 5411 et

361 5438 564 5500 Doliche
596 5443 664 5502 ad
697 5442 1124 5522 Euphratesiam
1171 5446 1450 5515 pertinent
1484 5464 1496 5499 :
1530 5446 1912 5513 Constantina,

2021 4550 2148 4590 nam
2186 4533 2491 4605 Euphemia
2545 4534 2808 4604 Augusta,
2861 4533 3062 4590 Iustini
3095 4532 3316 4602 eonjux,
3353 4530 3599 4600 quandiu

2022 4625 2178 4691 vixit,
2216 4625 2492 4680 indecoris
2522 4625 2730 4694 nuptiis
2761 4623 2975 4678 obstitit
3001 4639 3017 4689 ;
3049 4638 3113 4676 ea
3142 4637 3274 4676 vero
3306 4621 3596 4686 exstincta,

2025 4718 2270 4772 rescissa:
2299 4725 2429 4772 sunt
2464 4717 2633 4787 leges,
2668 4716 2868 4785 quibus
2891 4713 3328 4785 prohibebantur
3355 4713 3595 4784 patricii,

2022 4825 2093 4863 ne
2154 4809 2401 4864 sccnicas
2444 4808 2729 4863 ducerent.
2784 4805 2877 4860 Sic
2922 4805 3210 4860 Theodora
3257 4820 3324 4860 ex
3380 4805 3602 4860 scenica

2023 4900 2197 4955 evasit
2266 4901 2464 4971 conjux
2522 4898 2786 4962 Caesaris,
2849 4912 2976 4952 mox
3024 4898 3300 4968 Augusta,
3360 4895 3600 4965 denique

2024 4991 2213 5046 mundi
2266 4992 2435 5045 totius
2489 4989 2744 5054 domina,
2783 5005 2944 5059 quem
3005 5005 3129 5044 cum
3179 4989 3376 5053 bellis,
3432 4987 3600 5043 αι’(Ιί-

2024 5081 2148 5147 bus,
2183 5082 2410 5152 rapinis,
2464 5080 2793 5151 flagitiisque
2831 5097 3013 5136 unum
3063 5091 3121 5136 et
3179 5079 3370 5150 viginti
3426 5091 3600 5132 annos

2024 5181 2295 5238 vexasset,
2332 5171 2691 5243 ipsaque'Dei
2715 5171 2978 5242 patientia
3005 5188 3162 5228 versa
3199 5171 3416 5227 tandem
3449 5180 3598 5225 esset

2023 5267 2080 5320 in
2107 5265 2376 5331 nemesin,
2409 5266 2576 5336 periit
2605 5281 2752 5320 anno
2779 5265 2902 5330 548,
2932 5266 3024 5320 lue
3058 5265 3242 5321 cancri
3294 5280 3495 5334 corpus
3533 5263 3598 5317 li-

2021 5357 2306 5413 bidinibus
2340 5357 2602 5413 foedatum
2635 5358 2654 5378 ⁸
2683 5357 3053 5428 depascente;
3094 5364 3259 5426 atque
3292 5355 3440 5409 hunc
3479 5353 3597 5409 exi-

2022 5460 2136 5506 tum
2177 5451 2369 5506 sortita
2404 5460 2489 5507 est
2526 5451 2738 5521 impura
2768 5451 2985 5515 mulier,
3025 5449 3198 5506 hostis
3223 5455 3422 5503 sancta:
3452 5445 3600 5499 illius

1697 5603 2018 5660 SCllULle
2057 5604 2291 5661 ΝΟΤιΕ.

415 5748 456 5780 ⁸³
480 5756 691 5831 Evagr.,
723 5759 823 5813 lib.
855 5774 913 5812 ll.
989 5759 1034 5792 ⁸⁸
1066 5758 1120 5812 in
1154 5759 1272 5815 Vita
1313 5760 1367 5816 S.
1403 5761 1616 5822 Sabbze.
1653 5780 1772 5833 cap.
1803 5767 1891 5820 95.
1965 5766 2008 5799 ⁸⁵
2046 5766 2333 5835 Evagrius,
2379 5768 2686 5833 Liberatus,
2729 5767 2958 5834 Procop.
3011 5763 3063 5817 in
3093 5764 3228 5818 Hist.
3261 5772 3456 5817 Arcan.
