3926 6216
325 342 427 410 Πῦ

1445 333 1819 400 οΑΗΝΕΡιΙΙ
1855 307 2351 419 bISSERTATIO
2390 337 2439 395 I.

3464 325 3577 394 I76

324 457 538 530 synodi,
582 472 745 528 quam
774 454 1116 511 nobilissima
1151 452 1411 525 Augusta,
1445 450 1893 518 sanctissimeque
1920 452 1962 504 »Α
1996 463 2139 511 care,
2188 448 2376 502 statuit
2432 446 2682 500 maximis
2726 445 2984 500 Ecclesia:
3026 444 3250 499 sedibus
3295 444 3583 514 imponere

322 556 476 622 virgo
500 550 790 606 Pulcheria
816 557 1091 619 coegerat.

398 642 613 699 Mulieri
665 641 770 695 fuit
824 641 1040 696 animus
1089 651 1287 710 genere
1329 636 1522 706 major,
1579 632 1677 689 sed
1721 632 1897 687 elatus

324 733 499 804 magis
540 748 705 803 quam
760 732 1030 794 excelsus,
1077 727 1392 784 dominandi
1451 724 1685 795 cupidus
1732 738 1896 792 supra

325 834 551 889 sortem,
600 821 1001 878 incredibiliter
1037 828 1325 890 promptus
1370 816 1641 888 quidlibet.
1683 814 1901 884 excogi—

327 926 443 972 tare
491 923 546 970 et
604 915 845 985 aggredi,
901 914 1166 966 infractus
1213 910 1373 964 malis
1421 917 1477 963 et
1528 908 1704 961 audax
1746 905 1897 960 abuti

324 1008 547 1062 fortuna
599 1008 749 1060 velut
791 1004 1087 1074 mancipio.
1120 1004 1225 1057 Par
1260 1002 1445 1056 animo
1476 1000 1777 1070 ingenium,
1809 1014 1900 1052 va—

325 1100 491 1163 frum,
526 1098 831 1166 multiplex,
878 1095 1189 1165 versipelle,
1229 1101 1404 1148 totum
1439 1109 1467 1146 a
1492 1102 1687 1147 natura
1717 1091 1902 1145 inimi-

325 1205 450 1246 cum
483 1207 496 1243 :
534 1197 830 1257 utrumque
858 1188 1153 1257 adjuvabat
1175 1186 1311 1239 mira
1337 1185 1584 1255 quaedam
1608 1181 1899 1252 eloquendi

324 1282 577 1345 facilitas,
631 1295 738 1350 qua
785 1280 924 1334 nihil
971 1294 1082 1332 non
1135 1285 1352 1346 poterat
1406 1277 1582 1332 cuivis
1630 1275 1898 1330 suadere:

326 1371 518 1427 aderat
556 1382 613 1427 et
646 1371 895 1426 liberalis
922 1369 1078 1439 quasi
1106 1369 1370 1435 avaritia;
1403 1383 1597 1423 aurum
1625 1368 1771 1422 enim
1803 1380 1901 1437 ap-

326 1464 567 1533 petebat,
610 1472 671 1517 ut
709 1461 1018 1517 effunderet
1073 1463 1126 1515 in
1173 1462 1526 1517 consiliorum
1583 1460 1900 1514 ministros:

327 1553 520 1609 aderat
551 1555 760 1625 pariter
796 1568 886 1608 ars
927 1553 1191 1607 induendi
1242 1554 1481 1623 speciem
1533 1551 1773 1621 pietatis,
1809 1564 1907 1620 po-

329 1644 633 1715 nendique,
668 1659 770 1714 pro
795 1644 1149 1699 inclinatione
1192 1642 1356 1715 225
1400 1658 1581 1698 rerqu
1618 1661 1629 1694 :
1673 1642 1769 1698 sed
1820 1642 1906 1696 his

331 1736 592 1791 omnibus
616 1752 715 1806 per
743 1751 802 1791 se
832 1735 1232 1805 potentissimis
1259 1734 1368 1788 vim
1407 1735 1791 1790 incredibilem
1811 1736 1906 1790 ad-

1996 540 2251 595 homines
2282 537 2535 594 factionis
2565 552 2698 601 suae,
2723 547 2785 592 ut
2808 551 2999 592 eorum
3034 536 3306 591 sententia
3335 544 3583 605 postmo-

1998 630 2129 685 dum
2183 629 2310 685 ﬂdei
2363 629 2775 694 defensionem,
2826 628 3181 684 constitutam
3209 626 3580 691 Chalcedone,

1997 730 2290 778 everteret.

2071 814 2135 868 Χ.
2188 816 2497 886 Epiphanio
2544 817 2711 888 igitur
2742 815 2894 870 urbis
2922 813 3083 885 regiae
3106 813 3365 884 episcopo
3390 809 3588 865 Anthi—

2000 920 2148 959 mum
2168 907 2403 972 suffecit,
2422 922 2535 962 suae
2551 907 2592 961 Τ
2601 907 2916 977 rapezuntis
2932 906 3189 960 Ecclesia:
3213 904 3583 964 desertorem,

2000 998 2194 1052 aulicis
2243 999 2457 1053 artibus
2513 999 2760 1068 apprime
2812 997 3116 1060 eruditum,
3175 995 3586 1064 Aceplialorurn

2004 1091 2324 1159 pessimum,
2374 1099 2431 1145 et
2466 1091 2555 1145 cui
2609 1098 2818 1144 tantum
2863 1089 3084 1158 pietatis
3130 1088 3184 1141 in
3227 1087 3465 1157 speciem
3515 1084 3589 1139 ad

1973 1180 2301 1236 fallendum
2329 1182 2451 1247 fuit,
2475 1190 2740 1252 quantum
2783 1179 3151 1250 improbitatis
3195 1178 3262 1232 ad
3312 1176 3596 1246 quidlibet

2004 1273 2142 1328 clam
2175 1273 2510 1328 audendum.

2016 1426 2021 1432 ,
2076 1362 2168 1418 XI.
2203 1364 2310 1419 Sua
2340 1372 2521 1418 tamen
2559 1379 2683 1434 spes
2710 1361 2993 1416 mulierem
3021 1360 3246 1414 fefellit:
3285 1374 3411 1413 nam
3439 1373 3594 1413 sum-

2007 1471 2132 1511 mus
2153 1458 2399 1526 pontifex
2420 1457 2698 1527 Agapetus
2719 1455 2947 1510 veniens
2965 1453 3494 1522 Constantinopolim
3517 1449 3593 1515 ⁸⁸,

2009 1562 2191 1601 rerum
2244 1547 2557 1601 Italicarum
2612 1559 2797 1610 causa,
2851 1544 3164 1599 adulterum
3213 1543 3373 1612 225
3419 1543 3595 1606 hunc,

2009 1637 2382 1708 nequidquam
2432 1637 2718 1693 obnitente
2755 1652 2864 1707 qua
2914 1630 3259 1705 minis,'qua
3311 1634 3595 1705 precibus,

2011 1730 2241 1797 aurique
2273 1727 2551 1783 oblatione
2574 1729 2840 1798 Augusta,
2870 1742 3022 1782 suam
3047 1728 3284 1797 primum
3314 1728 3380 1782 ad
3404 1727 3600 1783 Eccle-

331 1828 498 1882 debat
524 1803 710 1882 forma:
733 1803 1066 1898 praestantia,
1091 1833 1350 1897 quantam
1378 1841 1540 1880 nemo
1571 1827 1787 1890 artifex,
1819 1827 1905 1882 vel
1938 1803 1982 1856 Β
2011 1822 2145 1875 siam
2200 1822 2432 1886 remisit,
2494 1830 2610 1876 tum
2665 1822 2884 1893 penitus
2908 1822 3206 1887 abdicavit,
3242 1823 3472 1892 ipsoque
3497 1837 3601 1878 vo-

332 1917 587 1986 penicillo
624 1918 805 1987 potuit
849 1920 934 1973 vel
969 1920 1100 1974 caelo
1144 1919 1491 1987 exprimere;
1534 1933 1697 1972 neruo
1731 1927 1902 1983 certe,

330 2007 460 2063 licet
488 2009 800 2078 superbam,
834 2025 944 2063 non
976 2009 1167 2063 coluit.

403 2100 539 2155 VIII.
571 2099 667 2155 His
697 2100 1032 2172 adjumcntis
1078 2101 1370 2166 instructa,
1428 2101 1624 2156 marito
1671 2100 1908 2171 primum

331 2189 604 2243 dominari
648 2190 842 2255 voluit,
892 2204 1004 2261 quo
1057 2189 1270 2245 caeteris
1318 2191 1509 2260 jugum
1560 2190 1908 2260 imponeret:

333 2285 504 2347 utque
566 2286 799 2333 noverat
842 2287 1116 2334 amantem
1166 2280 1302 2345 otii,
1360 2280 1671 2351 scholaaque
1729 2282 1913 2350 potius

333 2384 500 2438 quam
544 2386 713 2441 regno
733 2380 946 2436 natum,
973 2373 1234 2443 cupidum
1265 2374 1386 2429 auri
1410 2390 1474 2430 ac
1496 2374 1620 2430 vani
1648 2375 1909 2441 nominis,

319 2458 514 2529 ipsum
545 2476 574 2515 a
595 2461 747 2531 regni
768 2464 917 2519 curis
943 2463 1012 2517 ad
1040 2479 1128 2519 res
1151 2480 1334 2521 sacras
1358 2466 1671 2522 tractandas
1689 2467 1908 2533 avertit,

334 2550 750 2622 scribendisque
778 2555 1041 2624 applicuit
1077 2555 1310 2626 legibus,
1353 2557 1558 2627 quibus
1600 2565 1657 2613 et
1698 2559 1911 2629 opimas

326 2641 692 2700 haereditates
732 2645 905 2709 adire,
951 2648 1150 2717 etjura
1184 2650 1443 2713 vendere,
1480 2658 1535 2705 et
1571 2651 1911 2720 privatorum

319 2747 469 2803 opes
497 2734 756 2791 invadere
780 2736 975 2792 liceret
1003 2755 1016 2791 :
1055 2737 1134 2794 sic
1156 2738 1305 2793 enim
1331 2740 1658 2810 suppetebat
1682 2742 1911 2806 affatim,

336 2826 484 2894 quod
514 2826 569 2880 in
595 2827 776 2893 ludos,
806 2829 1103 2899 pensiones
1127 2830 1511 2896 barbarorum,
1545 2832 1763 2887 insanas
1785 2832 1914 2887 sub-

336 2916 689 2983 structiones,
721 2925 778 2973 et
810 2919 1038 2976 bellicos
1066 2929 1320 2991 sumptus
1351 2921 1750 2977 eﬂ‘underetur.
1785 2923 1915 2979 Cin-

334 3005 415 3060 xit
444 3007 612 3078 igitur
640 3008 917 3065 hominem
947 3011 1108 3066 valde
1137 3012 1365 3079 bonum,
1394 3013 1719 3069 clericorum
1741 3015 1913 3086 juris-

332 3200 709 3259 supponerent
724 3194 1022 3249 vanissimo
1050 3195 1304 3265 principi.

405 3284 477 3339 Ut
505 3286 670 3341 etiam
693 3289 926 3343 serviret
946 3288 1127 3344 mariti
1152 3290 1462 3357 affectibus,
1485 3290 1621 3348 fovit
1646 3292 1910 3349 immensa

332 3374 555 3431 licentia
580 3377 932 3435 Prasinorum
964 3381 1407 3453 Venetorumque
1427 3385 1912 3455 amphitheatrales

334 3468 791 3534 concertationes,
823 3486 1056 3539 quarum
1097 3472 1281 3527 studio
1318 3474 1623 3530 insaniebat
1646 3477 1911 3532 Iustinia-

334 3568 460 3608 nus.
484 3555 556 3611 Ut
577 3556 803 3611 vanitati
829 3558 1192 3626 blandiretur,
1217 3562 1390 3617 suasit
1410 3562 1613 3634 ubique
1643 3573 1911 3619 terrarum

333 3641 684 3700 aedificandas
708 3645 897 3714 urbes,
944 3650 1161 3720 aliaque
1202 3667 1371 3723 opera
1422 3653 1662 3722 publica,
1711 3658 1912 3726 quibus

332 3748 536 3790 nomen
602 3750 762 3791 suum
814 3739 1159 3798 Justinianus
1211 3742 1535 3815 imponeret.
1589 3746 1729 3814 Quin
1786 3764 1911 3804 cum

305 3823 479 3880 bella
518 3827 779 3897 gessisset
806 3827 1043 3885 feliciter
1081 3831 1216 3888 orbe
1249 3840 1365 3888 toto
1396 3848 1497 3904 per
1536 3835 1907 3903 administros,

331 3929 402 3970 ex
432 3916 521 3971 his
557 3918 676 3973 viro
717 3919 917 3975 stolide
966 3921 1163 3992 ignavo
1200 3924 1411 3981 affinxit
1445 3926 1763 3983 inanissima
1804 3942 1910 3982 no-
1974 3938 1983 3943 '

332 4008 502 4072 mina,
560 4009 889 4077 Alemauici,
948 4013 1186 4079 Gothici,
1240 4016 1513 4084 Francici,
1573 4018 1905 4086 Germanici,

329 4098 536 4165 Antici,
566 4103 799 4169 Alanici,
823 4105 1122 4172 Vandalici,
1145 4107 1337 4175 Africi,
1372 4120 1479 4166 etc.

402 4191 500 4249 His
533 4194 750 4250 artibus
786 4197 1050 4253 illudebat
1076 4201 1470 4269 Iustinianum,
1506 4203 1777 4275 simulque
1823 4213 1909 4260 to-

332 4282 446 4339 tius
491 4283 643 4338 orbis
689 4284 979 4355 imperium
1023 4291 1247 4345 tenebat
1287 4293 1569 4364 tyrannica
1596 4304 1904 4364 potestate:

330 4388 457 4429 nam
482 4374 551 4430 ad
577 4375 888 4444 arbitrium,
922 4388 979 4434 et
1003 4381 1291 4450 praefectos
1318 4384 1640 4454 provinciis,
1669 4394 1724 4441 et
1753 4402 1910 4442 exer-

2006 1915 2154 1970 lcnte
2170 1915 2500 1982 Iustiniano,
2522 1916 2770 1970 Menuam
2786 1917 2966 1970 virum
2986 1917 3266 1971 meliorem
3287 1915 3600 1970 substituit.

2082 2005 2196 2060 XII.
2227 2007 2423 2062 Verum
2447 2024 2608 2078 quam
2629 2006 3246 2079 Constantinopolitanae
3267 2024 3375 2062 non
3394 2007 3601 2078 potuit.

2011 2098 2269 2155 Romanae
2323 2117 2449 2155 mox
2491 2101 2752 2155 Ecclesiae
2800 2101 3105 2170 perniciem
3152 2099 3356 2155 inferre
3402 2099 3601 2154 molita

2011 2197 2112 2243 est.
2147 2188 2390 2260 Agapeto
2414 2189 2583 2255 enim,
2616 2204 2741 2244 cum
2775 2190 2830 2244 in
2873 2203 2942 2244 eo
2977 2196 3141 2253 esset,
3183 2198 3245 2244 ut
3293 2198 3608 2244 revertere-

2013 2286 2105 2333 tur
2149 2280 2206 2335 in
2256 2279 2609 2336 Occidentem
2636 2320 2651 2345 ,
2693 2280 2761 2335 ad
2819 2294 3050 2351 superos
3094 2282 3357 2335 translato
3384 2322 3399 2347 ,
3444 2282 3604 2352 Vigi-

2010 2370 2145 2425 lium
2191 2370 2419 2442 Agapeti
2448 2371 2890 2441 apocrisiarium,
2940 2371 3255 2441 quemsedi
3284 2372 3606 2442 apostolica

2014 2463 2228 2518 inhiare
2259 2472 2506 2528 noverat,
2542 2464 2829 2534 promissis
2862 2463 3195 2534 aggreditur.
3245 2463 3491 2534 Spondet
3537 2475 3605 2520 ut

2012 2554 2257 2611 Belisarii
2312 2554 2540 2609 Romam
2592 2564 2723 2611 tunc
2770 2558 3010 2611 tenentis
3043 2572 3145 2627 ope
3169 2557 3415 2626 pontifex
3442 2572 3606 2612 crea-

2012 2654 2185 2711 retur,
2206 2647 2250 2700 si
2272 2646 2622 2716 promitteret
2654 2655 2866 2702 tantum
2895 2663 2976 2713 sc,
2998 2663 3123 2702 cum
3148 2648 3385 2718 primum
3408 2648 3602 2703 sedem

2014 2740 2369 2809 apostolicam
2391 2749 2736 2809 occupasset,
2764 2749 2820 2795 et
2838 2741 3048 2813 synodo
3065 2742 3173 2795 vim
3193 2741 3605 2809 detracturum,

2012 2836 2069 2882 et
2107 2827 2425 2894 Theodosii,
2462 2829 2730 2895 Anthimi,
2766 2830 3065 2900 Severique
3089 2830 3251 2886 fidem
3274 2832 3477 2889 litteris
3506 2832 3607 2888 fir-

2012 2926 2286 2975 maturum
2314 2939 2327 2973 :
2358 2920 2571 2975 addidit
2597 2920 2883 2991 promissis
2902 2921 3066 2988 dona,
3092 2922 3211 2977 auri
3235 2931 3442 2994 septem
3468 2940 3608 2997 cen-

1973 3029 1979 3033 ·
2015 3012 2221 3065 tenaria
2256 3029 2270 3077 ;
2307 3012 2429 3065 auri
2461 3013 2674 3082 species
2711 3014 3033 3083 perstrinxit
3071 3014 3350 3070 hominem
3371 3032 3605 3071 avarum

333 3098 748 3171 peritorumque
789 3101 1068 3167 satellitio,
1117 3104 1211 3175 qui
1260 3104 1494 3175 scriptos
1543 3121 1572 3158 a
1626 3119 1685 3160 se
1741 3105 1914 3160 libros
1939 3143 1983 3202 ο

2013 3103 2165 3173 juxta
2192 3112 2245 3157 et
2276 3103 2648 3159 ambitiosum.
2672 3103 2853 3169 Quare
2884 3104 3014 3159 dato
3036 3104 3404 3177 chirographo
3433 3107 3603 3163 fidem

2018 3194 2332 3264 obstringit,
2381 3203 2438 3249 et
2484 3195 2550 3249 ad
2595 3195 2835 3265 praedam
2887 3197 3073 3252 volat:
3124 3197 3219 3253 sed
3253 3197 3480 3254 Romam
3505 3216 3606 3271 ap-

2016 3286 2211 3355 pulsus
2270 3283 2567 3339 Silverium
2628 3288 2835 3356 reperit
2878 3289 2990 3357 jam
3042 3288 3383 3343 ordinatum.
3416 3290 3607 3345 Monet

2017 3377 2086 3431 de
2111 3391 2171 3431 re
2203 3375 2569 3442 Theodoram,
2608 3375 2769 3446 jubet
2800 3377 3243 3433 itla-Belisarium
3270 3380 3609 3449 proditionis

2018 3469 2345 3528 calumniam
2379 3468 2611 3524 Silverio
2638 3468 2839 3531 facere,
2880 3477 2934 3524 et
2980 3470 3033 3523 in
3077 3471 3332 3525 exsilium
3374 3471 3605 3542 ejicere,

2017 3561 2191 3631 ejecto
2207 3561 2505 3632 subrogare
2521 3561 2796 3631 Vigilium.
2825 3561 2976 3615 Fecit
2994 3561 3259 3631 imperata
3281 3557 3606 3629 Belisarius,

2018 3662 2246 3723 cogente
2292 3653 2569 3708 Autonina
2620 3668 2813 3719 uxore,
2871 3669 2978 3724 qua
3035 3654 3285 3711 ministra
3339 3655 3609 3711 utebatur

2020 3741 2330 3809 Theodora,
2360 3744 2661 3815 redemptis
2694 3743 3093 3800 adulteriorum
3117 3747 3473 3803 excusatione
3496 3749 3612 3803 mi-

2017 3833 2279 3889 nisteriis.

2088 3923 2228 3980 XIII.
2256 3926 2486 3997 Ejicitur
2513 3942 2647 3999 ergo
2669 3929 2917 3984 Pataram
2947 3929 2999 3983 in
3030 3929 3284 3984 exsilium
3307 3929 3605 3998 Silverius;

1976 4032 1979 4037 ‘
2016 4021 2032 4040 ‘
2062 4017 2156 4073 sed
2189 4018 2501 4075 Patarensis
2539 4021 2783 4091 episcopi
2827 4022 2934 4076 viri
2982 4022 3314 4077 sanctissimi
3363 4025 3604 4090 monitu,

2013 4109 2168 4179 jubet
2230 4109 2358 4165 inde
2427 4111 2617 4166 reduci
2674 4113 3009 4183 imperator,
3063 4121 3123 4167 ut
3176 4125 3608 4184 cognosceretur

2016 4201 2203 4257 Romae
2233 4218 2414 4258 causa.
2454 4203 2568 4259 Hac
2612 4212 2795 4259 tamen
2843 4205 3108 4270 inaudita,
3159 4222 3410 4261 summus
3467 4224 3610 4277 pon-

2016 4294 2148 4349 tifex
2186 4295 2380 4367 Vigilio
2408 4297 2668 4352 venditur
2715 4297 2970 4364 ducentis
3014 4298 3134 4352 auri
3188 4299 3392 4367 pondo,
3442 4301 3608 4370 cujus

2015 4385 2270 4441 mandato
2292 4386 2346 4441 in
2377 4387 2612 4441 insulam
2632 4388 2914 4443 Palmaria:
2932 4388 3233 4458 proximam
3251 4390 3602 4459 deportatus,

329 4465 534 4522 citibus
564 4466 752 4534 duces,
809 4478 866 4525 et
914 4471 1175 4527 Ecclesiis
1228 4474 1503 4529 antistites
1550 4478 1903 4562 prreficiebat,
1939 4502 1984 4558 υ
2013 4478 2382 4549 aarumnisque
2412 4487 2505 4532 aut
2552 4478 2732 4533 inedia
2774 4480 3098 4549 absumptus
3140 4480 3389 4553 martyrii
3444 4498 3606 4537 corn-

329 4572 490 4625 quos,
525 4558 620 4614 ubi
655 4560 960 4627 colliberet,
1005 4562 1285 4632 redigebat
1315 4564 1370 4617 in
1396 4565 1667 4630 ordinem,
1694 4558 1906 4622 amans

300 4646 535 4703 .arbitra
587 4651 755 4705 sortis
792 4651 1004 4707 audire.
1047 4652 1268 4716 Nullum
1302 4653 1497 4708 habuit
1521 4655 1908 4726 obsequentio—

330 4752 447 4792 rem
485 4740 680 4795 ducem
724 4743 1008 4809 Belisario,
1041 4744 1134 4814 qui
1177 4744 1526 4800 serviendum
1562 4747 1777 4803 femina:
1803 4765 1908 4819 pu-

304 4830 487 4894 -tavit,
516 4839 576 4885 ut
614 4830 874 4890 Romanis
905 4838 1241 4893 exercitibus
1284 4839 1621 4909 imperaret;
1672 4851 1729 4897 ct
1778 4859 1909 4897 vero

328 4923 528 4994 dignus
557 4933 677 4978 erat
694 4934 845 4981 tanto
863 4929 1167 4997 dominatu,
1201 4932 1481 5003 gloriaque
1518 4933 1712 4988 beliica
1746 4944 1909 5005 atque

331 5014 573 5082 politica,
622 5016 731 5071 nisi
789 5017 1075 5076 Antoninus
1117 5025 1355 5095 conjugi,
1412 5024 1741 5082 feminarum
1785 5036 1910 5097 post

328 5105 672 5160 Theodoram
698 5109 1066 5177 nequissime,
1089 5115 1383 5183 nupsisset.

400 5196 490 5250 IX.
531 5197 852 5268 Ilujusmodi
881 5199 1080 5253 femina
1105 5217 1229 5255 cum
1252 5204 1520 5272 potiretur
1544 5223 1749 5269 rerum,
1775 5224 1905 5262 ausa

327 5292 414 5337 est
448 5292 613 5339 totam
659 5285 988 5341 labefactare
1032 5288 1374 5344 Ecclesiam:
1419 5308 1653 5364 eumque
1705 5312 1905 5351 conce-

326 5385 483 5449 ptum
503 5377 831 5448 jampridem
874 5379 1164 5434 consilium
1197 5382 1264 5435 de
1290 5385 1644 5440 convellenda
1675 5390 1901 5457 synodo,

324 5469 615 5541 tribusque
641 5469 897 5541 capitulis
925 5470 1251 5527 damnandis
1279 5475 1443 5529 vellet
1475 5479 1691 5532 tandem
1725 5481 1904 5549 expli-

2011 4582 2135 4621 nam
2170 4569 2401 4639 adeptus
2425 4578 2527 4624 est.

2083 4657 2218 4713 XIV.
2251 4659 2444 4713 Fertur
2477 4661 2705 4731 Vigilius
2733 4662 2952 4717 interim
2983 4663 3220 4729 dedisse,
3247 4681 3383 4735 quas
3407 4676 3605 4737 pactus

2012 4761 2149 4813 erat,
2183 4765 2410 4804 arcanas
2441 4752 2671 4819 litteras,
2717 4763 2780 4809 ut
2822 4755 3020 4826 pignus
3055 4755 3254 4822 forent,
3296 4768 3392 4812 aut
3434 4760 3601 4813 arrha

2015 4842 2216 4911 potius,
2270 4842 2417 4908 fidei,
2472 4860 2597 4900 cum
2654 4854 2871 4915 tempus
2900 4848 3125 4912 sineret,
3169 4849 3506 4918 prodendae:
3541 4851 3602 4905 in

2015 4933 2084 4988 iis
2111 4934 2459 4990 Theodorum
2481 4938 2806 4992 nominatim
2830 4948 2995 5007 atque
3018 4939 3429 4994 Theodorctum
3451 4943 3605 4997 dam-

2014 5026 2199 5090 nabat,
2249 5027 2537 5097 ipsumque
2592 5029 2833 5084 Leonem
2885 5030 3159 5100 Magnum,
3209 5040 3372 5100 atque
3432 5034 3603 5088 etiam

2014 5127 2258 5171 sanctam
2294 5119 2580 5189 synodum.

2087 5208 2227 5264 Sunt
2277 5210 2369 5279 qui
2412 5211 2620 5265 litteras
2674 5212 2899 5268 credant
2954 5215 3263 5283 suppositas
3308 5214 3378 5269 ab
3431 5216 3602 5282 Afris,

2014 5301 2210 5370 Vigilio
2256 5302 2605 5372 impudenter
2630 5303 2903 5369 infensis;
2942 5322 3043 5359 nec
3078 5322 3214 5359 vana
3252 5307 3604 5363 credentium

1986 5394 2150 5448 fides
2181 5396 2400 5450 videtur
2437 5416 2448 5451 :
2482 5414 2606 5452 nam
2637 5402 2817 5467 primo
2849 5399 2993 5467 apud
3044 5400 3257 5454 nullum
3316 5411 3605 5458 auctorem

2014 5484 2291 5554 leguntur,
2328 5497 2529 5557 prmter
2578 5487 2738 5567 Afros
2792 5487 2933 5543 duos
2964 5488 3380 5558 'schismaticos,
3434 5490 3607 5549 Libe.

1716 5634 2032 5694 Stilii'LZII
2075 5637 2305 5694 ΝΟΤᾹῦ.

400 5780 444 5808 ⁵*
470 5783 715 5840 Libet-at.
752 5786 797 5840 Β
838 5802 943 5856 vix,
988 5803 1107 5856 cup.
1142 5789 1201 5841 ἓ]
1247 5802 1295 5843 tl
1336 5794 1438 5857 2‘2;
1475 5796 1661 5848 :‘iuast.
1714 5796 1792 5849 BI}
1820 5798 1972 5857 lioth.
2012 5811 2061 5854 et
2096 5802 2325 5874 Procop.
