3926 6216
275 311 354 378 ΓΠ
1427 311 1791 375 HISTORIA
1827 304 2337 371 THEODORETI.
3405 305 3510 371 173

273 435 427 479 ratum
447 432 507 478 et
531 422 817 479 Victorem
843 424 1229 480 Tunonensem
1258 442 1273 490 ;
1303 423 1502 479 deinde
1530 421 1675 477 nulla
1701 418 1831 474 alibi
1864 421 1904 477 Δ
1938 418 2463 493 Hierosolymorum,
2512 420 2742 488 aliisque
2788 432 2887 487 pro
2922 432 3072 470 more
3100 415 3392 486 episcopis.
3431 415 3512 471 Ab

276 511 461 583 uspiam
485 510 736 581 ipsarum
759 513 966 569 mentio
987 513 1065 577 fit,
1088 521 1451 584 praeterquam
1476 511 1561 565 vel
1589 511 1642 564 in
1676 507 1835 563 libris
1937 514 2024 569 his
2069 522 2192 584 post
2224 514 2498 585 cognitam
2531 526 2748 567 causam
2782 520 2964 565 motus
3004 517 3088 565 est
3126 510 3247 565 loco
3285 509 3510 575 Paulus,

278 602 978 667 FacundiHermianensis,
1034 605 1249 669 eodem,
1297 618 1407 672 quo
1464 601 1755 657 Liberatus
1781 608 1837 653 et
1937 604 2124 659 Zoilus
2151 603 2534 659 Alexandrina:
2564 602 2822 657 Ecclesiae
2852 600 3195 672 praepositus.

281 694 460 759 Victor,
473 694 673 749 morbo
688 682 1112 759 laborantis,vel
1137 696 1280 767 apud
1302 695 1650 752 Anastasium
1672 692 1835 747 Afro-
2008 695 2171 751 XVII.
2201 696 2427 750 Peracto
2451 697 2672 765 negotio
2706 693 2976 760 Pelagius,
3009 691 3138 745 dum
3187 689 3328 745 Gaza
3368 689 3515 743 Con-

280 802 382 841 rum
432 786 742 841 mendaciis
792 786 1038 843 illusum.
1087 788 1332 858 Denique
1368 784 1650 857 quomodo
1670 782 1840 839 Justi-

280 880 472 941 uimus,
500 892 630 932 cum
666 876 881 933 fureret
920 878 975 933 in
1008 879 1289 949 Vigilium,
1345 878 1609 933 damnare
1658 875 1838 945 capita

281 968 677 1035 detrectantem,
720 985 825 1024 suo
868 969 1141 1024 hominem
1184 968 1569 1040 chirographo,
1601 975 1698 1021 aut
1727 979 1838 1019 non

281 1060 420 1123 ursit,
475 1068 573 1114 aut
625 1075 738 1115 non
795 1059 1121 1114 infamavit?
1161 1058 1279 1126 Qua
1311 1058 1521 1122 ratione
1552 1055 1843 1112 Theodora

285 1166 377 1206 non
412 1150 675 1205 convenit
710 1165 776 1205 ex
815 1150 1121 1222 syngrapha
1166 1149 1218 1204 id
1244 1157 1527 1220 prastare,
1566 1146 1714 1218 quod
1755 1161 1845 1202 αο-

285 1248 420 1310 cepto
443 1239 622 1309 pretio
655 1248 854 1310 pactus
875 1240 1037 1294 erat?

1940 787 2354 856 stautinopolim
2409 786 2677 841 terrestri
2710 785 2797 838 via
2849 784 3162 845 revertitur,
3213 782 3407 836 incidit
3461 782 3517 835 In

1941 880 2248 937 Palestinos
2289 881 2607 944 monachos,
2653 881 2746 950 qui
2794 880 3009 935 libellos
3033 893 3256 948 precum
3285 878 3522 947 impera-

1942 974 2048 1030 tori
2072 973 2302 1036 ferrent,
2338 975 2687 1043 postulaturi,
2736 981 2795 1027 ut
2840 971 3274 1041 Origenistarnm
3324 968 3521 1023 tumul-

1945 1067 2218 1122 tuantium
2264 1065 2493 1119 audacia
2550 1065 2882 1118 retineretur
2929 1061 3084 1117 freno
3110 1062 3313 1131 legum,
3357 1067 3412 1113 et
3462 1064 3522 1111 ut

1946 1156 2062 1228 ipsa
2110 1155 2443 1210 tumultuum
2487 1168 2651 1207 causa
2693 1152 2997 1214 tolleretur,
3025 1147 3373 1219 dogmatibus
3403 1144 3525 1201 Ori-

1947 1249 2101 1319 genis
2128 1247 2310 1301 edicto
2335 1245 2486 1315 regio
2510 1243 2851 1314 proscriptis.

341 1331 441 1386 Sed
465 1331 970 1400 quomodocunque
1017 1330 1117 1385 ista
1167 1346 1226 1385 se
1273 1329 1589 1392 habuerint,
1628 1343 1736 1384 non
1775 1328 1845 1383 Ii-

2018 1339 2179 1408 227
2232 1335 2434 1392 Didicit
2475 1335 2544 1389 ab
2592 1335 2659 1389 iis
2707 1334 2846 1389 duas
2890 1331 3233 1403 potissimum
3271 1326 3526 1398 Origenis

287 1421 384 1477 ευίι
405 1422 585 1492 impia?
609 1421 830 1477 femina?
859 1436 959 1478 δυο
993 1422 1201 1478 εεεΙθτθ
1225 1421 1319 1476 diu
1355 1420 1463 1475 Γτυί
1493 1438 1507 1475 ε
1538 1436 1686 1484 nam.
1725 1435 1849 1490 (111³
1950 1430 2280 1501 quatstiones
2310 1439 2438 1485 tunc
2467 1427 2727 1497 temporis
2747 1425 3088 1480 contentiose
3120 1421 3310 1493 agitari
3340 1437 3354 1485 ;
3387 1422 3526 1474 alte—

291 1513 368 1570 Dei
401 1513 752 1584 providentia
793 1521 879 1568 est
917 1513 1212 1585 singularis
1254 1529 1383 1583 erga
1412 1512 1598 1567 sedem
1633 1521 1850 1581 aposto-

1976 1536 2066 1575 am
2093 1520 2161 1575 de
2190 1520 2625 1591 prazexsistentia
2643 1518 2970 1579 animarum,
2998 1515 3223 1569 alteram
3243 1514 3312 1569 de
3341 1528 3526 1567 rerum

290 1605 451 1668 licam,
498 1604 687 1659 statim
735 1604 998 1660 defuncto
1050 1605 1215 1676 226
1263 1603 1533 1666 Silverio,
1595 1602 1848 1673 Vigilius,

1976 1623 2075 1667 post
2103 1619 2253 1666 certa
2281 1610 2477 1665 saecula
2508 1609 2856 1663 restitutione
2888 1626 2901 1661 :
2936 1607 3003 1661 ad
3040 1607 3137 1660 has
3162 1613 3364 1667 tamen,
3400 1603 3528 1672 quia

289 1705 498 1767 urgente
539 1698 760 1752 areanis
791 1697 1145 1754 instinctibus
1182 1697 1438 1760 Numine,
1472 1695 1849 1765 episcopatum

1976 1703 2213 1758 ’atribus
2257 1702 2587 1771 quibusdam
2632 1701 2762 1754 olim
2811 1715 2920 1753 non
2973 1695 3304 1752 videbantur
3344 1694 3524 1764 perni-

292 1805 375 1860 βετ
423 1791 608 1845 scelus
684 1798 973 1859 acceptum
1043 1798 1237 1859 εβοηῑθ
1289 1788 1562 1858 deposuit
1620 1786 1852 1841 Romani
1956 1796 2138 1859 ciosm,
2188 1755 2402 1849 additas
2435 1810 2554 1848 esse
2602 1793 2735 1848 alias
2778 1792 2986 1862 plures,
3017 1805 3139 1859 quae
3161 1755 3421 1856 majorem
3448 1785 3529 1839 fa-

292 1879 459 1934 elerici
496 1878 707 1935 factum
756 1879 961 1943 mirati,
989 1879 1348 1934 mutationem
1381 1877 1618 1932 dextera:
1640 1875 1854 1930 Excelsi

293 1969 572 2041 perfectam
614 1970 816 2027 merito
862 1971 986 2034 rati,
1036 1971 1093 2026 in
1118 1971 1265 2026 Petri
1293 1969 1555 2025 cathedra
1585 1976 1858 2039 reponunt

294 2060 581 2131 legitimum
606 2062 720 2131 jam
764 2058 1104 2131 pontificem,
1143 2075 1308 2130 quem
1332 2059 1477 2114 Deus
1505 2073 1569 2113 ex
1602 2057 1732 2128 lupo
1764 2073 1857 2128 pa-

296 2161 480 2206 storem
520 2151 765 2207 fecisset.

356 2242 584 2298 lndutus
632 2242 724 2296 ille
769 2235 972 2297 virtute
1019 2258 1087 2297 ex
1131 2242 1262 2303 alto,
1309 2240 1442 2294 etin
1476 2239 1641 2294 alium
1667 2253 1860 2293 versus

298 2331 481 2394 virum,
520 2330 578 2385 id
606 2331 741 2401 egit,
773 2330 922 2401 quod
949 2339 1115 2400 caput
1138 2329 1396 2385 Ecclesiae
1419 2328 1669 2393 decebat,
1698 2327 1858 2383 fidem

298 2420 527 2477 defendit
577 2423 883 2491 apostolico
933 2421 1137 2483 Studio,
1186 2421 1445 2489 stetitque
1501 2433 1601 2489 pro
1651 2419 1861 2489 synodo

299 2521 542 2567 constans
572 2520 629 2567 et
672 2513 1120 2582 imperterritus;
1173 2527 1484 2580 quanquam
1544 2527 1644 2581 pro
1685 2512 1864 2566 tribus

300 2602 541 2670 capitulis
590 2602 810 2657 videtur
845 2618 909 2658 ea
939 2603 1348 2672 dispensatione
1379 2618 1488 2657 non
1517 2604 1684 2659 semel
1711 2620 1862 2668 usus,

303 2712 397 2765 qua
420 2697 622 2752 Paulus
662 2697 779 2767 ipse
814 2699 1093 2768 apostolus
1129 2698 1424 2768 aliquando
1453 2716 1465 2751 :
1510 2714 1635 2753 nam
1677 2712 1865 2753 amore

304 2791 441 2856 pacis
487 2797 545 2843 et
591 2789 903 2845 animorum
936 2790 1243 2846 concordiae
1272 2789 1570 2845 retinendae
1601 2804 1765 2846 causa
1798 2789 1866 2842 de

306 2877 470 2949 legum
498 2880 683 2949 rigore
717 2881 968 2935 nonnihil
999 2880 1231 2936 remisit.

365 2968 472 3024 XV.
525 2972 716 3026 Rebus
766 2972 1026 3026 Ecclesiae
1077 2971 1335 3025 Romanas
1388 2971 1465 3025 ita
1522 2970 1864 3034 constitutis,

1956 1894 2147 1941 cerent
2204 1886 2412 1941 auctori
2472 1885 2753 1939 invidiam.
2801 1880 3045 1936 Rescivit
3084 1879 3248 1933 etiam
3290 1876 3551 1931 acriores.

1956 1988 2181 2050 propter
2205 1979 2305 2033 ista
2333 1978 2585 2048 dogmata
2619 1976 2674 2029 in
2723 1972 3074 2028 monasteriis
3116 1969 3327 2031 turbas,
3367 1982 3530 2035 quam

1959 2070 2015 2123 in
2048 2067 2365 2122 civitatibus
2395 2064 2601 2119 moveri
2628 2082 2644 2131 ;
2667 2062 2831 2132 idque
2858 2077 2925 2116 ex
2958 2075 3025 2114 eo
3058 2058 3199 2122 ﬁeri,
3224 2055 3370 2127 quod
3393 2054 3533 2111 Eva-

1959 2159 2061 2228 grii
2096 2158 2307 2213 Pontici
2332 2166 2387 2211 et
2416 2155 2629 2226 Didymi
2658 2153 2963 2225 presbyteri
2988 2154 3003 2171 '
3037 2166 3223 2221 Opera,
3252 2148 3305 2203 in
3332 2147 3534 2218 quibus

1960 2252 2155 2306 lateret
2189 2248 2440 2320 Origenis
2485 2261 2779 2307 venenum,
2810 2253 3035 2315 propter
3060 2244 3348 2298 asceticam
3373 2240 3537 2297 disci-

1961 2341 2166 2411 plinam
2192 2356 2221 2394 a
2247 2339 2532 2393 monachis
2565 2336 2723 2390 avide
2750 2336 3083 2405 legerentur.

2032 2431 2257 2488 Audivit
2287 2428 2471 2491 simul,
2526 2427 2674 2496 quod
2729 2426 2945 2481 avidius
2992 2425 3227 2496 excepit,
3284 2430 3539 2477 auctores

1964 2525 2301 2580 tumultuum
2338 2522 2393 2576 in
2422 2535 2565 2575 nova
2608 2518 2910 2590 praesertim
2962 2517 3139 2571 Laura
3186 2517 3325 2570 duos
3376 2514 3542 2569 exsti-

1968 2614 2096 2668 tisse
2142 2611 2376 2675 nobiles,
2428 2609 2681 2665 Nonnum
2713 2615 2769 2662 et
2806 2605 3118 2668 Leontium,
3154 2618 3292 2673 quos
3319 2611 3543 2657 sanctus

1966 2702 2176 2769 Sabbas
2226 2717 2346 2757 eam
2371 2701 2443 2756 ob
2478 2714 2699 2756 causam
2726 2696 2852 2752 inde
2873 2696 3174 2767 expulisset
3200 2712 3216 2761 ;
3251 2694 3396 2764 ipsos
3422 2701 3542 2761 post

1967 2794 2141 2849 sancti
2183 2792 2288 2847 viri
2331 2792 2544 2846 obitum
2576 2788 2807 2843 rediisse
2855 2786 2921 2841 ad
2951 2786 3206 2850 Lauram,
3245 2783 3411 2838 fretos
3438 2797 3543 2852 cpe

1968 2884 2246 2939 Theodori
2309 2892 2368 2939 et
2414 2881 2743 2943 Domitiani,
2792 2878 3114 2949 priusquam
3169 2876 3543 2946 episcopatum

1969 2976 2427 3047 adipiscerentur,
2482 2974 2570 3027 ille
2616 2970 3009 3026 Caesariensem
3029 2965 3407 3037 Cappadocim,
3443 2964 3546 3016 isto

308 3074 420 3129 spes
452 3069 573 3116 erat
626 3062 991 3117 diuturnioris
1023 3062 1173 3131 pacis
1216 3080 1231 3128 ;
1261 3062 1532 3132 siquidem
1569 3077 1637 3116 ex
1662 3077 1729 3116 eo
1755 3078 1865 3117 uno

1976 3071 2315 3141 Ancyranum
2364 3065 2585 3121 Galatiae
2613 3083 2627 3130 ;
2661 3074 2954 3132 utrumque
2982 3057 3427 3115 tumultuantium
3453 3072 3548 3127 pa-

310 3150 582 3208 videbatur
630 3152 899 3223 pendere,
946 3153 993 3207 si
1046 3152 1364 3208 defensores
1414 3153 1604 3223 synodi
1661 3153 1868 3222 primos

314 3242 464 3296 totius
516 3243 780 3298 Ecclesia:
823 3242 1053 3297 thronos
1096 3241 1399 3312 primisque
1431 3257 1695 3312 suppares
1720 3251 1873 3297 tene-

311 3343 441 3389 rent.
486 3335 734 3391 Tenebat
766 3350 897 3392 vero
926 3336 1229 3391 Romanum
1263 3336 1513 3407 Vigilius,
1562 3334 1874 3391 Constanti-

312 3427 674 3494 nopolitanum
705 3426 948 3491 Mennas,
980 3427 1185 3482 Paulus
1208 3427 1659 3491 Alexandrinum,
1687 3427 1875 3482 Antio-

315 3515 533 3570 chenum
565 3517 918 3586 Ephremius,
938 3518 1135 3573 Petrus
1160 3517 1734 3589 Hierosolymitanum,
1762 3516 1873 3589 Ηγ-

316 3606 480 3674 patius
498 3608 858 3678 Ephesinum,
887 3608 1211 3664 Theodorus
1237 3609 1628 3665 Ctesariensem
1661 3609 1873 3681 Cappa-

316 3695 489 3762 ιιοεὶεε,
511 3715 706 3754 omnes
753 3716 942 3755 revera
980 3701 1258 3768 catholici,
1296 3711 1492 3771 praeter
1515 3711 1873 3772 postremum,

319 3789 462 3858 cujus
516 3791 653 3845 fides
708 3800 805 3846 aut
853 3792 1024 3846 dubia
1068 3792 1191 3854 fuit,
1242 3793 1537 3847 autforsau
1564 3794 1877 3861 nulla;sed

321 3878 574 3936 obstinata
602 3882 855 3952 placendi
884 3883 1225 3953 principibus
1255 3885 1508 3940 voluntas
1540 3886 1719 3955 potuit
1756 3900 1878 3941 esse

323 3984 413 4041 pro
452 3974 759 4029 constantia
795 3973 851 4028 in
901 3972 1297 4045 prepugnanda
1337 3975 1566 4045 synodo,
1605 3975 1878 4045 siquidem

326 4058 553 4115 addictos
573 4062 676 4131 ipsi
696 4061 922 4116 videbat
942 4063 1241 4134 principes,
1272 4064 1636 4120 Iustinianum
1677 4066 1878 4137 reipsa,

326 4148 714 4206 dissimulanter
740 4152 1107 4209 Theodoram.

389 4241 497 4296 Non
546 4242 741 4299 fuisset
782 4260 950 4315 porro
997 4247 1147 4316 pacis
1194 4254 1342 4301 tanta
1394 4263 1518 4319 spes
1564 4248 1738 4313 irrita,
1774 4251 1882 4306 nisi

335 4331 569 4403 Augusta,
594 4336 856 4391 Ecclesiae
878 4335 1040 4402 furia,
1074 4339 1282 4393 intenta
1307 4338 1359 4392 in
1385 4355 1600 4393 omnem
1624 4340 1883 4396 turbandi

1975 3168 2193 3215 trouum
2228 3174 2370 3222 esse,
2401 3166 2695 3225 utrumque
2725 3153 2947 3224 Origeni
2978 3152 3222 3223 apprime
3243 3149 3543 3211 addictum,

1974 3259 2271 3316 utrumque
2319 3245 2434 3299 suis
2474 3243 2689 3298 artibus
2712 3250 2954 3298 tentasse
2986 3239 3151 3293 fidem
3180 3233 3543 3291 monasterio-i

1976 3354 2121 3401 rum,
2158 3337 2255 3392 sed
2286 3350 2440 3391 novat
2475 3332 2776 3405 praesertim
2803 3331 3017 3394 Laurae,
3046 3329 3137 3385 cui
3162 3342 3272 3381 suae
3298 3324 3548 3379 factionis

1974 3428 2251 3486 hominem
2322 3423 2733 3496 praeﬁciendum
2813 3428 3142 3485 curassent;
3195 3414 3548 3471 Theodorum

1974 3520 2505 3589 Constantinopolim
2532 3516 2749 3583 venisse
2775 3521 2902 3570 ante
2929 3513 3142 3582 aliquot
3173 3522 3367 3571 annos,
3404 3505 3549 3562 suis-

1976 3628 2082 3684 que
2137 3610 2426 3683 przestigiis
2478 3610 2534 3664 in
2580 3607 2809 3680 gratiam
2856 3604 3207 3675 principum,
3268 3599 3550 3669 ipsiusque

1977 3704 2187 3760 Mennte
2238 3701 2546 3772 irrepsisse,
2591 3713 2689 3754 sua
2740 3696 2985 3768 potentia
3030 3692 3281 3748 effecisse
3336 3696 3547 3760 postea,

1975 3811 2046 3851 ne
2082 3794 2298 3852 Gelasio
2328 3808 2429 3864 pro
2466 3789 2817 3847 monasteriis
2839 3796 3106 3857 questuro
3130 3792 3344 3854 pateret
3367 3782 3550 3837 aditus

1978 3884 2045 3940 ad
2069 3882 2459 3944 Justinianum,
2502 3880 2613 3950 jam
2664 3890 2797 3931 vero
2847 3871 3107 3929 Ecclesiae
3155 3868 3476 3926 Cresariensi
3520 3884 3550 3921 a

1979 3976 2172 4034 Menna
2191 3970 2411 4043 quidem
2428 3978 2483 4026 et
2499 3966 2807 4024 Iustiniano
2824 3979 2921 4035 per
2937 3976 3202 4023 errorem,
3222 3974 3252 4013 a
3265 3955 3554 4012 Theodora

1981 4075 2209 4139 propter
2232 4062 2586 4119 consiliorum
2621 4057 2937 4113 societatem
2964 4061 3019 4109 et
3043 4066 3331 4107 commune
3361 4048 3555 4120 synodi

1980 4155 2190 4219 odium,
2223 4153 2537 4223 prmfectum
2585 4164 2706 4204 esse
2736 4164 2749 4201 :
2807 4144 2860 4201 id
2904 4142 3097 4215 jactari
3125 4142 3266 4197 fama
3297 4141 3352 4195 in
3376 4140 3552 4211 Syria.

1984 4244 2155 4314 idque
2183 4258 2323 4311 aegre
2370 4241 2532 4303 ferre,
2582 4244 2853 4309 quotquot
2894 4247 3081 4306 parem
3125 4232 3334 4302 angelis
3390 4229 3557 4284 vitam

1985 4344 2180 4393 ascetze
2220 4333 2504 4387 ducerent.

334 4427 675 4491 occasionem,
711 4428 951 4482 oblatam
989 4429 1334 4499 arripuisset,
1362 4439 1417 4484 et
1447 4445 1513 4484 ex
1542 4430 1778 4487 scintilla
1800 4432 1883 4487 fe-
1918 4433 1959 4487 D
2057 4424 2243 4482 XVIII.
2272 4423 2351 4478 Ad
2372 4423 2489 4477 haec
2516 4420 2781 4491 gestiebat
2804 4419 2987 4473 animo
3013 4413 3282 4483 Pelagius,
3314 4418 3375 4464 ut
3394 4424 3561 4463 temu-

335 4513 482 4569 tisset
507 4515 700 4587 ingens
729 4519 897 4574 totius
941 4518 1092 4574 orbis
1146 4520 1482 4577 incendium.
1524 4520 1718 4593 Opera:
1757 4539 1888 4595 pre-

338 4604 456 4660 tium
474 4619 555 4663 est
578 4625 718 4673 rem,
774 4625 897 4680 quas
936 4614 1178 4668 omnium
1227 4616 1682 4683 consequentium
1725 4617 1889 4672 cardo

335 4694 443 4761 fuit,
470 4702 631 4769 paulo
661 4701 830 4757 altius
853 4703 1046 4760 ordiri.

397 4786 523 4844 XVI.
578 4791 791 4846 Paulus
818 4792 1040 4861 quidam
1086 4809 1153 4847 ex
1197 4795 1487 4864 praeposito
1519 4795 1891 4851 Tabennesio-

340 4885 498 4932 tarum
520 4874 920 4936 monachorum
943 4882 1207 4938 suffectus
1229 4883 1407 4937 fuerat
1431 4885 1487 4938 in
1512 4885 1691 4939 locum
1716 4886 1895 4940 Theo-

339 4967 486 5035 dosii,
521 4987 685 5041 quem
716 4973 835 5026 suis
862 4974 1111 5043 partibus
1139 4975 1417 5030 addictum
1451 4976 1740 5032 Theodora
1771 4977 1895 5032 Ale-

340 5061 600 5118 xandrinae
634 5063 894 5119 Ecclesia:
931 5080 1030 5135 per
1063 5064 1201 5121 fidos
1235 5067 1515 5121 ministros
1552 5068 1889 5139 praefecerat.

341 5150 570 5210 Nondum
602 5157 693 5211 ille
729 5171 935 5212 annum
964 5167 1135 5213 totum
1164 5170 1418 5229 exegerat
1456 5161 1508 5213 in
1551 5161 1889 5231 episcopatu,

342 5256 455 5297 cum
503 5247 811 5317 postulatus
864 5254 950 5303 est
1004 5250 1147 5320 apud
1201 5250 1582 5319 imperatorem
1633 5253 1700 5306 de
1748 5253 1895 5308 caede

347 5332 543 5393 diaconi
573 5355 741 5394 ream
763 5340 837 5395 ob
871 5356 986 5395 rem
1015 5342 1084 5395 ab
1112 5340 1396 5413 Augustali
1424 5344 1631 5411 ejectus
1662 5344 1897 5398 Alexan-

352 5423 476 5490 dria,
516 5426 711 5484 Gazam
765 5430 1066 5507 Palaestina:
1101 5431 1155 5485 in
1182 5432 1431 5487 exsilium
1454 5432 1606 5486 venit
1636 5451 1647 5486 :
1680 5433 1753 5487 ibi
1777 5435 1895 5504 jus-

354 5528 435 5569 sus
457 5528 532 5573 est
569 5536 787 5577 causam
832 5519 1015 5575 dicere
1044 5537 1226 5577 coram
1264 5522 1543 5593 iudicibus
1567 5524 1634 5578 ab
1667 5525 1900 5595 impera-

356 5609 869 5685 toredatis,Peiagio
900 5630 1096 5683 nempe
1142 5615 1714 5686 Vigiliiapocrisiario,
1764 5616 1902 5671 duo-

361 5696 541 5772 busque
594 5707 943 5777 patriarchis,
1003 5708 1293 5777 Ephremio
1353 5709 1676 5776 Antiochiae,
1738 5710 1897 5765 Petro

1988 4519 2076 4574 lus
2120 4517 2352 4587 quisque
2393 4512 2552 4576 solet,
2597 4526 2721 4565 cum
2774 4507 3016 4563 occurrit
3060 4502 3276 4560 occasio
3326 4499 3562 4554 faciendi

1988 4607 2303 4665 adversario
2325 4604 2559 4675 negotii:
2593 4602 2824 4671 spondet
2858 4594 3140 4652 monachis
3172 4591 3557 4663 patrocinium,

1919 4729 1922 4732 ~
1990 4717 2090 4757 suo
2119 4709 2365 4767 tempore
2408 4694 2586 4751 audiri
2643 4692 2711 4746 ab
2760 4692 3090 4758 imperatore
3135 4690 3331 4738 curat:
3385 4681 3560 4751 impe~

1991 4800 2159 4855 rator,
2206 4789 2410 4844 furiose
2441 4792 2704 4855 appetens
2727 4780 2918 4835 audire
2952 4776 3257 4845 theologus,
3288 4771 3402 4827 edit
3433 4787 3561 4825 san-

1992 4884 2226 4938 ctionem
2276 4880 2447 4934 instar
2498 4873 2721 4946 grandis
2778 4868 3093 4931 voluminis,
3146 4881 3253 4936 qua
3313 4864 3565 4933 dogmata

1992 4973 2242 5044 Origenis
2287 4968 2530 5039 exponit,
2579 4965 2797 5027 refutat,
2846 4959 3161 5032 proscribit,
3194 4969 3251 5012 et
3281 4953 3425 5024 quod
3457 4953 3563 5006 mi-

1996 5064 2242 5125 rabilius,
2270 5074 2509 5115 canones
2530 5056 2738 5120 condit,
2762 5052 3203 5110 contradicentes
3221 5046 3565 5103 anathemate

1996 5154 2269 5228 percellit,
2325 5151 2483 5222 jubet
2536 5163 2728 5202 omnes
2762 5145 3122 5217 patriarchas,
3162 5143 3328 5195 etiam
3365 5139 3566 5193 Itoma-

1996 5263 2150 5312 num,
2180 5254 2236 5301 et
2278 5244 2383 5299 sibi
2418 5241 2691 5302 assentiri,
2724 5247 2778 5294 et
2814 5247 3003 5295 coacto
3029 5234 3280 5290 dimcesis
3310 5229 3565 5285 concilio.

1998 5354 2127 5396 suos
2179 5350 2414 5392 canones
2467 5331 2858 5388 subscribere:
2911 5329 3044 5399 quin
3074 5336 3157 5381 'et
3195 5333 3344 5379 vetat
3395 5324 3565 5378 ullum

1982 5430 2211 5503 ‘uspiam
2258 5435 2550 5488 terrarum,
2593 5423 2675 5477 vel
2708 5421 2948 5476 ordinari
2973 5409 3308 5488 episcopum,
3338 5414 3421 5468 vel
3451 5429 3570 5467 mo-

1998 5521 2253 5578 nasteriis
2310 5528 2520 5590 patrem
2563 5515 2786 5587 praefici,
2815 5514 2907 5584 qui
2937 5527 3036 5567 suo
3060 5505 3420 5578 chirographo
3448 5504 3571 5558 edi-

2002 5625 2158 5670 ctum
2172 5627 2280 5666 non
2301 5610 2617 5679 recepisset.
3355 5615 3359 5618 ν

2074 5704 2213 5762 XIX.
2239 5701 2573 5759 Reclamavit
2597 5714 2753 5755 nemo
2783 5695 2975 5767 palam,
3020 5696 3172 5765 cujus
3209 5697 3351 5745 esset
3385 5686 3565 5755 aliqua
