3926 6216
387 311 496 379 179

1508 320 1883 383 GARNERII
1924 319 2417 390 DISSERTATIO
2455 330 2503 392 Ι.

2120 216 2160 226 -οδ

3528 330 3633 399 180

383 418 444 481 iu
494 423 737 482 Ecclesia
761 430 1080 485 auctoritas.
1110 432 1182 488 Ut
1206 433 1352 488 enim
1374 435 1450 489 rei
1482 435 1731 505 gerendae
1759 434 1954 490 modus
1983 437 2024 492 A
2055 438 2266 504 suadet,
2319 443 2625 514 Acephalos
2668 461 2780 500 non
2816 455 2923 501 tam
2957 447 3117 503 facile
3143 447 3408 504 debellari
3444 463 3631 520 posse,

382 513 722 586 displiceret,
778 534 867 575 res
913 530 1095 578 tamen
1136 524 1252 594 ipsa
1302 541 1602 596 paucorum
1649 527 1949 582 intererat:

381 606 653 678 siquidem
687 610 793 666 hoc
812 611 880 667 de
904 612 1123 685 Origine
1155 616 1360 670 bellum
1393 619 1448 672 in
1471 617 1705 673 desertis
1729 617 1952 688 potissi-

380 713 531 754 mum
573 699 716 757 locis
756 702 898 758 inter
942 706 1239 762 monachos
1280 709 1562 778 agebatur.
1609 709 1710 776 Qui
1767 719 1952 766 autem

381 791 524 862 ston
548 791 912 862 imperatoris,
934 810 1043 865 quo
1070 797 1326 868 Pelagius
1358 800 1636 866 utebatur,
1684 801 1950 872 peteban-

380 889 472 936 tur
493 883 734 953 episcopi
764 884 894 950 duo,
939 886 1268 944 Theodorus
1309 900 1366 954 et
1419 891 1781 956 Domitianus,
1829 907 1949 947 ser-

377 973 602 1030 viebant
639 991 736 1044 pro
774 991 923 1030 more
956 993 1058 1032 suo
1090 981 1345 1050 tempori,
1377 983 1640 1052 tacitique
1670 983 1835 1054 228
1862 998 1949 1039 se-

378 1065 688 1134 quebantur
750 1067 1093 1137 imperatoris
1151 1081 1340 1138 nutus,
1397 1075 1501 1129 etsi
1547 1085 1952 1145 aucuparentur

379 1157 721 1213 occasionem
767 1161 985 1232 Pelagio
1032 1164 1224 1234 synodi
1259 1165 1507 1221 studioso
1536 1166 1835 1237 reponendi
1863 1167 1947 1222 vi-

379 1259 520 1298 cem.
551 1245 778 1303 Occasio
811 1251 1087 1319 quomodo
1118 1268 1176 1307 se
1204 1253 1439 1320 dederit,
1463 1272 1588 1311 mox
1614 1258 1945 1324 narrabitur,

379 1333 470 1390 ubi
496 1334 564 1391 de
592 1339 803 1394 ratione
833 1342 1096 1412 temporis
1127 1360 1298 1414 pauca
1345 1347 1594 1416 quaedam
1640 1347 1820 1404 obiter
1859 1349 1946 1404 di-

377 1426 636 1483 serimus.

449 1515 758 1576 Obscurum
801 1532 906 1589 est,
949 1541 1059 1594 quo
1091 1542 1235 1580 anno
1262 1537 1411 1597 gesta
1439 1529 1568 1594 sint,
1598 1547 1720 1599 quae
1751 1529 1946 1586 retuli-

377 1621 522 1674 mus,
569 1625 789 1682 quoque
832 1615 957 1672 data
998 1617 1294 1673 Justiniani
1343 1620 1590 1689 Epistola
1619 1622 1720 1692 (sic
1743 1623 1946 1678 librum

378 1700 496 1766 ipse
525 1700 814 1775 nominat).
846 1702 1152 1761 Obscurum
1200 1724 1330 1764 vero
1369 1709 1599 1776 idcirco,
1624 1713 1770 1781 quod
1799 1713 1945 1768 nulla

373 1788 643 1858 temporis
686 1801 841 1859 nota,
884 1803 978 1849 aut
1016 1797 1072 1851 in
1099 1798 1327 1867 epistola
1349 1799 1720 1872 eonsignetur,
1755 1813 1945 1861 contra

375 1891 588 1934 morem
640 1880 950 1950 Sacrorum,
997 1897 1095 1942 aut
1129 1889 1198 1943 ab
1245 1890 1522 1947 historicis
1562 1893 1666 1949 hac
1712 1894 1767 1948 in
1791 1904 1946 1964 parte

376 1968 672 2026 incuriosis
710 1973 955 2030 tradatur
987 1995 1001 2032 :
1050 1979 1217 2034 certis
1246 1989 1428 2036 tamen
1447 1985 1782 2053 argumentis
1811 1999 1944 2040 con-

373 2061 589 2116 clusum
631 2072 716 2118 est
763 2065 820 2120 in
850 2067 1235 2127 dissertatione
1272 2073 1341 2128 de
1376 2075 1567 2144 quinta
1596 2076 1832 2148 synodo,
1857 2076 1945 2132 Li-

372 2148 550 2206 herati
584 2151 866 2210 Breviario
890 2157 1201 2228 subjuneta,
1260 2161 1398 2216 Zoili
1449 2164 1673 2232 quidem
1718 2165 1943 2220 ordina-

373 2240 579 2297 tionem
609 2247 1189 2319 annov540,judicium
1218 2267 1350 2308 vero
1399 2255 1748 2324 imperatoris
1801 2272 1948 2312 anno

373 2341 638 2401 sequente
687 2338 1005 2409 contigisse.
1057 2341 1194 2396 Nam
1239 2343 1408 2412 quod,
1449 2345 1759 2415 Nicephoro
1803 2346 1945 2402 Con-

373 2424 859 2496 stantinopolitano
881 2439 1124 2498 auctore,
1165 2447 1197 2487 a
1228 2433 1557 2504 quibusdam
1607 2435 1809 2494 dicitur
1859 2454 1947 2492 se-

373 2522 523 2584 ptem
556 2533 729 2574 annos
763 2528 977 2576 tantum
1008 2524 1215 2580 sedisse
1270 2525 1476 2591 Zoilus,
1523 2543 1687 2596 quem
1732 2539 1944 2584 constat

372 2618 519 2658 anno
569 2607 665 2661 551
720 2607 1052 2678 depositum,
1077 2613 1296 2666 minimi
1316 2622 1402 2668 est
1428 2631 1538 2684 pra:
1571 2615 1692 2670 aliis
1720 2617 1944 2673 rationi-

374 2691 477 2749 bus
529 2699 812 2752 momenti.
863 2699 1206 2771 Nicephorus
1251 2705 1426 2769 enim,
1471 2715 1534 2761 ut
1568 2706 1637 2761 de
1669 2707 1782 2761 suis
1803 2706 1944 2763 Con-

371 2783 901 2855 stantinOpolitanis,
922 2789 1100 2861 iisque
1120 2808 1232 2848 suae
1244 2795 1390 2848 artati
1409 2795 1787 2862 vicinioribus,
1808 2799 1950 2852 certi.

372 2872 581 2943 aliquid
629 2878 930 2949 scripserit,
977 2881 1046 2937 de
1093 2884 1218 2940 aliis
1271 2895 1419 2941 certe
1461 2887 1692 2942 aliarum
1728 2888 1942 2944 sedium

371 2965 702 3034 patriarchis
747 2971 950 3042 ubique
992 2973 1107 3029 fere
1173 2976 1460 3033 manifeste
1513 2977 1649 3034 falsa
1697 2979 1939 3048 tradidit,

373 3063 436 3110 ut
463 3056 519 3112 in
536 3060 852 3130 praefatione
873 3063 940 3120 ad
966 3064 1285 3123 Liberatum
1315 3069 1748 3126 demonstratum
1768 3081 1870 3126 est.

933 3175 1158 3234 CAPUT
1210 3177 1373 3236 XVII.

375 3260 418 3315 ἓ.
448 3259 637 3342 §criliit
658 3267 952 3342 imperator
972 3269 1223 3342 adversus
1261 3271 1552 3341 Acephalos
1606 3289 1702 3342 pro
1747 3276 1944 3342 synodo

442 3329 869 3410 Chalcedonensi.
900 3336 963 3391 ll.
996 3337 1249 3393 Scribenti
1273 3329 1456 3394 auctor
1504 3351 1579 3396 est
1606 3329 1942 3410 Theodorus,

446 3409 505 3483 ut
529 3404 733 3483 .stylum
757 3416 1060 3483 conuertat
1085 3409 1141 3483 in
1171 3411 1276 3463 tria
1301 3413 1498 3480 capita,
1525 3412 1708 3483 quibus
1739 3404 1945 3483 favebat

443 3469 720 3551 Pclagius.
757 3469 1082 3551 lll._.Scribit
1105 3469 1412 3551 imperator,
1442 3469 1794 3551 scriptumque
1817 3469 1948 3536 rcci-

441 3541 595 3621 piunt
641 3544 924 3621 orientalis_
949 3541 1487 3621 _imperii'_ant_istites.
1527 3541 1613 3606 IV.
1651 3541 1836 3621 Réjicit
1861 3552 1946 3608 Vi-

441 3609 599 3691 gilius
627 3629 764 3691 cum
806 3609 1128 3691 occidentali
1178 3616 1436 3691 Ecclesia,
1487 3609 1758 3691 frendente
1788 3621 1950 3676 Theo-

443 3677 598 3762 ilora.
714 3681 926 3762 APelagii
961 3683 1185 3762 Romam
1211 3689 1408 3762 reditus
1423 3677 1450 3754 ’;
1487 3677 1547 3743 co
1566 3690 1794 3762 apsente
1825 3709 1948 3762 pro—

443 3756 549 3802 stat
578 3753 818 3836 filiolum
871 3753 936 3806 de
971 3757 1264 3836 recipiendo
1307 3753 1520 3836 scripto.
1565 3759 1653 3814 Vl.
1689 3753 1948 3836 indicitur

443 3818 722 3900 conciliant
777 3823 1038 3900 generale
1069 3818 1540 3900 inrausawtriurn
1593 3828 1946 3900 capitulorum

441 3885 929 3971 Const‘antinépgli
949 3894 1262 3971 habendum.
1322 3899 1432 3971 γη.
1491 3885 1707 3971 Cogitur
1757 3916 1816 3971 eo
1866 3885 1947 3971 ire

442 3959 700 4038 pontifex.
736 3959 964 4038 Vill._1n
994 3967 1090 4038 uia
1132 3975 1300 4038 tentat
1337 3959 1639 4038 eﬁccre,'ut
1673 3971 1728 4023 in
1761 3969 1945 4026 Sicilia

443 4024 702 4109 habeatur
738 4032 1115 4109 synodus.__lX.
1151 4024 1655 4109 Constai'i'tinOpolim
1684 4024 1948 4109 ingressus

444 4095 666 4176 damnat
686 4095 791 4176 eos,
819 4103 908 4176 qui
931 4103 1152 4159 edictum
1171 4095 1678 4176 receperant,'etiam
1699 4095 1947 4165 Hennam

445 4167 616 4243 regite
632 4169 774 4243 urbis
823 4167 1140 4243 cpiswpum.
1173 4174 1242 4228 Χ.
1288 4167 1493 4231 Nititur
1535 4179 1801 4232 Theodoro
1848 4182 1947 4234 hac

445 4238 716 4316 occasione
738 4238 1042 4296 Anthimuin
1065 4260 1328 4310 revocare,
1368 4248 1457 4300 sed
1486 4249 1705 4316 frustra.
1741 4249 1829 4303 XI.
1865 4249 1949 4303 Vi-

444 4303 632 4388 giliam
659 4303 1326 4388 ⁸ᾗηιρεναιεζ’πιςξιι-σοςμξνίέ
1348 4303 1572 4370 conalur
1594 4318 1662 4370 ad
1690 4319 1947 4388 recipien-

445 4373 595 4458 dum.
607 4373 852 4458 edictum.
888 4373 1368 4458 Xll._l_’labctvsuum
1393 4388 1668 4441 concilium
1692 4373 1944 4458 ponlifex,

2053 546 2218 600 quam
2269 531 2624 606 Origenistas,
2672 553 2798 592 cum
2835 538 2912 592 illi
2947 539 3001 593 in
3027 539 3344 595 civitatibus
3375 541 3633 596 domina-

2055 635 2268 692 rentur,
2325 628 2414 682 isti
2453 630 2691 685 laterent
2741 631 2795 685 in
2835 632 3007 687 lauris
3051 641 3147 688 aut
3167 633 3452 701 mandris;
3483 633 3632 689 Ace-

2055 713 2246 782 phalos
2302 733 2332 770 a
2381 719 2546 790 229
2604 721 2810 792 synodo
2863 722 2976 793 ipsa
3031 723 3467 778 Chalcedonensi
3515 739 3633 780 non

2053 805 2374 874 abhorrere,
2421 810 2517 865 sed
2575 812 2644 866 ab
2706 812 2774 867 iis
2821 824 3032 868 tantum
3074 813 3412 880 hoininibus,
3463 832 3627 886 quos,

2050 895 2301 952 Nestorio
2333 915 2442 954 non
2469 901 2684 958 sincere
2705 905 2937 975 ejurato,
2974 905 3290 974 recepisset,
3314 907 3631 977 quibusque

2050 987 2304 1056 receptis,
2331 987 2506 1044 videri
2543 1000 2775 1062 poterat,
2814 1009 2938 1047 cum
2981 992 3234 1048 Nestorio
3281 994 3630 1062 aliquatenus

2049 1078 2300 1145 sentire;
2357 1082 2516 1141 unica
2571 1083 2673 1138 hac
2729 1084 3092 1139 confessionis
3139 1084 3322 1154 specie
3355 1084 3630 1155 plurimos

2050 1169 2254 1225 offendi
2283 1213 2297 1234 ,
2355 1173 2558 1244 alioqui
2589 1175 2936 1241 'Catholieos,
2985 1185 3040 1231 et
3090 1176 3261 1246 pacis,
3321 1192 3428 1247 qua
3487 1176 3630 1232 ﬁdes

2051 1268 2164 1314 tuta
2200 1262 2292 1327 sit,
2327 1265 2944 1321 amantes:Catholicos
2989 1267 3281 1338 ejusmodi,
3326 1266 3470 1322 facto
3516 1267 3628 1322 sibi

2047 1349 2450 1419 Acephalorum
2494 1354 2737 1419 nomine,
2792 1356 2980 1410 testari
3019 1357 3153 1411 satis
3186 1370 3245 1411 se
3287 1372 3468 1426 neque
3506 1357 3625 1411 Eu-

2049 1442 2268 1513 tychen,
2293 1459 2473 1514 neque
2495 1445 2807 1502 Nestorium
2848 1447 3025 1518 sequi,
3086 1455 3251 1518 atque
3292 1447 3367 1503 ita
3401 1458 3627 1518 paratos

2048 1535 2301 1590 assentiri
2332 1537 2541 1609 synodo
2560 1547 2854 1608 utrumque
2886 1538 3166 1594 damnanti
3195 1556 3210 1605 ;
3237 1538 3371 1608 quin
3403 1552 3499 1593 eos
3527 1553 3626 1608 pa-

2048 1627 2153 1681 lam
2185 1643 2498 1684 asseverare
2540 1630 2866 1700 sincereque
2917 1630 3183 1701 proﬁteri,
3234 1630 3278 1685 si
3325 1628 3622 1704 proscripti

2049 1714 2254 1772 fuerint
2278 1717 2663 1774 haereticorum
2696 1721 2939 1792 magistri
2980 1737 3044 1776 ac
3073 1721 3413 1787 defensores,
3454 1729 3623 1790 atque

2047 1806 2185 1862 adeo
2221 1816 2424 1863 sanctae
2459 1808 2651 1882 synodi
2691 1810 2982 1880 Ephesium
3002 1811 3301 1883 Cyrillique
3322 1810 3625 1867 calumnia-

2047 1904 2213 1964 tores,
2235 1914 2604 1956 consensuros
2631 1915 2690 1956 se
2734 1900 2973 1956 libenter
3012 1902 3070 1957 in
3117 1917 3282 1957 unam
3331 1900 3458 1956 fidei
3501 1899 3622 1954 for-

2045 2005 2236 2046 mam:
2271 2008 2490 2048 causam
2537 1993 2703 2048 trium
2750 1993 3058 2058 hominum,
3107 1994 3274 2049 etiam
3319 1993 3619 2057 bonorum,

2045 2095 2154 2134 non
2205 2097 2327 2136 esse
2375 2081 2534 2146 tanti,
2569 2081 2704 2152 quin
2741 2083 2927 2152 sperni
2952 2083 3125 2153 possit
3149 2097 3261 2152 prta
3285 2081 3436 2136 orbis
3461 2095 3620 2150 pace.

2116 2171 2254 2228 Tres
2281 2174 2425 2238 illos,
2458 2175 2527 2228 de
2557 2175 2761 2244 quibus
2796 2175 3000 2244 agitur,
3040 2190 3151 2228 non
3200 2189 3323 2230 esse
3367 2173 3616 2243 integros

2044 2265 2222 2332 famai,
2258 2281 2360 2320 nec
2393 2265 2691 2321 criminum
2738 2281 2942 2336 puros;
2992 2266 3350 2320 Theodorum
3377 2265 3471 2320 diu
3509 2278 3620 2318 uo-

2047 2356 2212 2410 minis
2246 2357 2330 2410 sui
2367 2356 2562 2412 umbra
2590 2357 2790 2413 texisse
2813 2357 3066 2412 infandas
3088 2358 3348 2417 haereses.
3373 2369 3612 2426 quarum

2046 2461 2210 2502 causa
2239 2447 2294 2502 fu
2307 2447 2412 2502 erit
2444 2463 2475 2502 a
2500 2447 2706 2520 Cyrillo
2735 2449 2959 2519 scriptis
3007 2447 3167 2504 libris
3209 2446 3619 2518 reprehensus;

2043 2554 2191 2604 eum,
2227 2539 2358 2594 dum
2387 2540 2619 2605 viveret,
2645 2548 2896 2594 coactum
2947 2538 3254 2594 Antiochiae
3279 2534 3622 2608 palinodiam

2043 2629 2336 2700 aliquando
2363 2645 2583 2694 canere,
2630 2638 2754 2700 post
2777 2638 3011 2684 mortem
3049 2645 3080 2684 a
3129 2629 3300 2684 sacris
3339 2623 3622 2698 diptychis

2051 2731 2386 2792 expunctum
2408 2724 2573 2777 etiam
2599 2739 2627 2777 a
2653 2723 2788 2777 suis.

2115 2813 2526 2869 Theodoretum
2572 2815 2953 2884 Pentalogium
3001 2815 3288 2884 scripsisse
3351 2810 3618 2866 adversus

2044 2905 2378 2975 Ephesinam
2443 2907 2734 2978 synodum,
2773 2905 3040 2978 Cyrillum
3090 2905 3243 2961 velut
3291 2903 3618 2960 haereticum

2044 2994 2372 3059 traduxisse,
2390 2995 2648 3051 laudasse
2715 2995 3031 3051 Nestorium
3062 3004 3321 3064 tanquam
3371 2991 3657 3078 Catholi:

1969 3093 2014 3151 ε
2045 3101 2191 3150 cum,
2221 3086 2388 3140 etiam
2412 3095 2537 3156 post
2558 3087 2927 3142 Ecclesiarum
2951 3101 3140 3156 pacem
3183 3103 3198 3139 :
3236 3086 3416 3140 virum
3447 3083 3620 3138 exsti-

2048 3177 2179 3231 tisse
2203 3175 2419 3231 factiosi
2448 3175 2674 3246 ingenii,
2707 3176 2802 3247 qui
2835 3178 3092 3233 debuerit
3121 3176 3472 3248 imperatoris
3497 3189 3627 3229 sau-

2046 3267 2229 3322 ctione
2249 3266 2526 3321 contineri
2547 3266 2688 3337 Cyro
2715 3268 2871 3336 quasi
2905 3281 3146 3331 carcere,
3200 3282 3269 3320 ne
3293 3263 3621 3319 tumultuari

2045 3365 2328 3428 pergeret;
2350 3358 2497 3428 juste
2521 3357 2748 3426 Ephesi,
2769 3359 2898 3414 licet
2926 3359 2993 3413 ab
3015 3359 3240 3429 injusto,
3281 3355 3628 3426 depositum,

2045 3464 2149 3503 nec
2180 3449 2249 3504 ab
2277 3447 2728 3504 Occidentalibus
2764 3449 3081 3504 restitutum
3123 3465 3190 3503 ex
3238 3448 3414 3502 forma
3457 3460 3628 3500 cano-

2046 3555 2216 3594 num:
2271 3540 2616 3596 renuntiasse
2654 3541 2877 3610 quidem
2925 3541 3181 3596 Nestorio
3235 3539 3621 3606 Chalcedone,

2051 3632 2144 3686 sed
2166 3633 2338 3688 verbo
2359 3641 2548 3698 tenus;
2573 3632 2782 3705 Syriam
2807 3633 3189 3697 commovisse,
3210 3632 3342 3687 dum
3373 3632 3624 3697 viveret;

2049 3724 2260 3789 orbem,
2301 3733 2426 3794 post
2458 3733 2714 3779 mortem.

2117 3815 2236 3870 Jam
2265 3830 2396 3869 vero
2425 3815 2573 3869 lbam
2611 3815 2831 3886 iudiciis
2853 3816 3070 3870 duobus
3117 3814 3457 3884 postulatum
3490 3810 3630 3866 fuis-

2047 3922 2106 3960 se
2149 3906 2218 3960 de
2275 3906 2625 3972 criminibus,
2658 3922 2895 3977 quorum
2944 3906 3185 3976 suspicio
3219 3904 3446 3959 infamia
3500 3912 3624 3968 est;

2051 3999 2585 4069 causamjudicatam
2616 4014 2725 4053 non
2753 4013 2895 4062 esse,
2911 3997 3007 4052 sed
3037 3995 3455 4054 dissimulanter
3475 4008 3628 4050 com-

2049 4087 2317 4156 positam:
2344 4087 2562 4142 Edessae
2591 4087 2832 4142 scholam
2860 4085 3243 4140 Nestorianam
3283 4083 3351 4138 ab
3399 4097 3486 4148 eo,
3515 4097 3628 4152 qua

2050 4178 2158 4231 late
2185 4193 2285 4247 per
2317 4177 2549 4247 populos
2578 4178 2749 4247 pestis
2814 4184 3183 4246 spargerctur,
3218 4174 3306 4229 vel
3355 4182 3634 4243 apertam,

2051 4271 2138 4324 vel
2174 4270 2377 4335 fotam;
2406 4270 2476 4324 ab
2505 4284 2573 4330 eo
2603 4269 2890 4338 Ephesium
2935 4266 3146 4338 synodo
3190 4274 3492 4334 sanctoque
3515 4265 3628 4335 Cy-

2052 4360 2178 4414 rillo
2205 4361 2410 4415 illatam
2435 4359 2729 4430 injuriam;
2758 4359 2948 4415 eadem
2983 4359 3161 4428 ipsum
3189 4371 3315 4413 cum
3371 4355 3632 4410 Theodo-

445 4453 497 4497 οι
519 4513 532 4529 _
555 4443 864 4529 {ndicatugn
889 4451 1095 4529 scribit,
1131 4471 1259 4529 _quo
1308 4457 1531 4529 dagmat
1586 4443 1945 4529 "sagmina;
1978 4450 2026 4506 D
2055 4464 2174 4509 reto
2198 4453 2520 4523 pertinacia,
2545 4462 2602 4507 et
2627 4450 2852 4507 haeresis
2871 4458 3127 4505 auctores
3182 4447 3484 4503 honorifice
3523 4463 3626 4517 ap-

443 4513 606 4596 salvis
618 4520 872 4587 personis.
889 4519 1026 4578 Xlll.
1043 4513 1354 4580 Reluctatur
1369 4525 1668 4584 Facundus.
1687 4513 1825 4582 Χινῖ
1842 4513 1948 4584 Alii

445 4592 604 4640 etiam
633 4601 1044 4646 commoventur.

773 4701 850 4752 Ab
867 4717 996 4754 anno
1021 4703 1197 4756 Christi
1219 4705 1306 4756 541
1345 4707 1404 4756 ad
1438 4707 1546 4758 548.

446 4797 490 4853 ι.
524 4798 815 4872 Postquam
841 4807 1186 4867 Justinianus
1213 4826 1374 4867 suum
1398 4812 1465 4867 de
1494 4813 1726 4885 Origene
1747 4817 1954 4873 librum

376 4887 449 4944 ab
499 4891 758 4949 omnibus
805 4899 1098 4966 probatum
1137 4902 1400 4971 vidisset,
1455 4904 1637 4961 simile
1688 4907 1950 4978 quiddam

378 4982 691 5040 meditatus.
728 4994 816 5040 est
861 4989 1129 5050 adversus
1179 4996 1504 5068 Acephalos,
1560 5013 1672 5068 quo
1721 5001 1951 5071 perinde

381 5075 612 5144 probato
658 5075 969 5147 ﬁnireutur,
1023 5094 1084 5139 ut
1139 5087 1362 5156 quidem
1387 5090 1665 5160 sperabat,
1693 5093 1950 5150 Ecclesiae

376 5167 541 5232 bella,
569 5182 870 5240 omnesque
901 5173 957 5226 in
979 5179 1307 5233 sententiam
1327 5182 1518 5252 synodi
1550 5185 1947 5255 conspirarent.

447 5256 514 5312 ll.
548 5258 688 5314 Cum
717 5270 865 5317 totus
891 5264 948 5317 in
974 5279 1040 5320 eo
1063 5277 1232 5334 esset,
1251 5271 1522 5342 simulque
1546 5277 1737 5347 synodi
1765 5277 1952 5333 defen-

377 5347 594 5405 sionem
634 5361 826 5407 contra
863 5355 1169 5426 Acephalos
1215 5373 1353 5430 pene
1394 5364 1738 5434 absolvisset,
1769 5368 1950 5424 'l‘heo-

379 5439 548 5496 dorus
598 5439 957 5500 Caesariensis
1010 5447 1302 5519 episcopus
1350 5456 1767 5512 communicatis
1826 5474 1949 5514 cum

375 5533 619 5610 Augusta
645 5535 910 5604 consiliis,
942 5539 1204 5594 utendum
1240 5535 1392 5598 ratus
1409 5553 1494 5600 est
1520 5548 1948 5616 opportunitate,

377 5615 487 5690 qua
518 5623 737 5696 Pelagio
769 5629 1022 5696 diacono,
1049 5631 1314 5703 synodum
1342 5615 1947 5706 apprimeiobservanti,

380 5725 480 5784 par
503 5713 752 5774 referret.
792 5718 1114 5790 imperatori
1150 5737 1283 5795 ergo
1309 5725 1548 5782 scribere
1576 5725 1789 5781 ardenti
1821 5743 1950 5798 pcr-

2053 4542 2306 4613 pellasse,
2335 4549 2392 4597 et
2420 4539 2693 4611 sprevisse
2726 4539 2851 4595 fidei
2895 4537 3238 4594 defensores.

2121 4632 2201 4687 Ad
2256 4631 2375 4688 haec
2423 4647 2644 4686 causam
2694 4629 2885 4702 synodi
2941 4626 3405 4684 Chalcedonensis
3463 4641 3637 4696 posse-

2050 4723 2258 4780 facilea
2281 4737 2446 4778 causa
2467 4723 2637 4777 trium
2667 4721 2951 4776 hominum
3008 4719 3258 4791 sejungi;
3299 4717 3447 4773 illam
3497 4717 3633 4772 fidei

2051 4832 2196 4881 esse,
2229 4815 2392 4871 istam
2422 4828 2818 4885 personarum;
2866 4812 3038 4867 ﬁdem
3064 4822 3183 4866 tum
3234 4810 3458 4866 demum
3481 4809 3630 4864 inte-

2053 4923 2208 4978 gram
2243 4904 2478 4972 servari,
2521 4920 2648 4960 cum
2675 4903 2967 4960 anathema
2989 4903 3215 4968 dicitur,
3246 4916 3359 4956 non
3384 4900 3631 4956 homini-

2051 4997 2157 5052 bus
2180 5003 2399 5051 tantum
2429 4995 2662 5050 haeresin
2687 4992 3078 5065 professis,sed
3100 4991 3236 5064 ipsis
3261 4992 3430 5048 etiam
3454 4991 3629 5048 haere-

2024 5139 2026 5141 ,
2054 5089 2133 5144 sis
2167 5089 2394 5143 nomine
2415 5087 2706 5158 suspectis.

2125 5179 2370 5249 Denique
2394 5178 2637 5241 futuram
2664 5177 2807 5232 hanc
2853 5176 3118 5231 omnibus
3156 5173 3632 5244 consequentibus

2055 5271 2271 5326 saeculis
2296 5271 2626 5342 singularem
2656 5267 3007 5339 imperatoris
3044 5267 3309 5352 .gloriam,
3347 5266 3394 5320 si
3427 5281 3627 5334 repur-

2052 5375 2232 5436 gasset
2260 5364 2525 5436 synodum
2561 5379 2591 5417 a
2618 5363 2869 5427 maculis,
2913 5377 3050 5432 quas
3099 5359 3457 5414 humanitatis
3514 5359 3632 5412 fato

2053 5455 2448 5519 contraxisset;
2478 5454 2530 5509 si.
2561 5452 2806 5508 dedisset
2842 5466 3030 5520 pacem
3057 5449 3312 5505 Ecclesia:
3367 5447 3632 5500 omnibus

2057 5546 2217 5602 bonis
2243 5545 2572 5615 optabilem;
2615 5544 2660 5598 si
2696 5543 2943 5598 omnium
3001 5542 3312 5596 voluntates
3340 5539 3395 5594 in
3459 5553 3626 5591 unam

2056 5637 2246 5701 fidem,
2277 5636 2506 5693 sublatis
2536 5636 2856 5706 opinionum
2903 5634 3167 5695 dissidiis,
3215 5631 3543 5686 adunasset:
3571 5629 3625 5683 id

2057 5730 2126 5784 ab
2157 5730 2488 5801 imperatore
2506 5729 2677 5785 Deum
2710 5741 3020 5800 reposcere,
3055 5734 3342 5798 postquam
3385 5721 3624 5779 Africam
