3926 6216
256 329 343 397 181
1415 322 1781 386 HISTORIA
1813 317 2324 382 THEODORETI.

3407 304 3509 371 183

253 437 617 512 notatam,
647 430 1008 505 Siciliamque
1032 441 1088 489 et
1116 432 1327 488 Italiam
1360 447 1485 487 eum
1520 432 1696 487 Roma
1731 445 1826 486 ve-
1856 433 1902 490 Α
1928 423 2208 512 dorusque
2256 422 2663 512 subripuissent
2699 438 2713 476 :
2764 419 3084 512 metuebant
3138 418 3350 475 scilicet
3397 433 3508 512 ne,

256 539 363 584 tere
382 527 439 581 in
461 526 641 597 ipsius
668 525 941 582 ditionem
972 523 1275 594 redegerit:
1305 522 1361 577 id
1397 538 1565 578 unum
1598 520 1829 593 rependi

258 632 463 689 possea
495 616 757 688 piissimo
790 616 1062 687 principe,
1087 632 1186 686 pro
1232 622 1313 669 tot
1366 613 1615 669 victoriis
1638 629 1669 668 a
1718 612 1831 668 Nu-

256 709 395 764 mine
422 708 674 775 indultis,
711 707 844 762 dare
870 722 1063 778 pacem
1109 705 1396 770 Ecclesiae,
1427 720 1549 775 qua:
1601 702 1698 759 Dei
1739 719 1828 759 re-

256 815 414 871 gnum
439 808 547 864 est,
571 813 742 869 quam
794 798 943 853 Deus
982 796 1143 851 dedit
1166 794 1315 861 orbi,
1352 794 1503 867 quod
1534 793 1832 851 Justinianl

255 888 568 959 imperium.

323 978 414 1035 ΙΠ.
442 978 541 1033 His
561 978 800 1047 aliisque
828 976 1150 1047 imperator,
1187 985 1250 1031 ut
1291 984 1414 1030 erat
1453 975 1620 1031 homo
1671 975 1831 1030 valde

259 1071 451 1135 bonus,
484 1084 683 1139 passus
714 1077 802 1124 est
822 1068 1060 1138 primum
1098 1082 1157 1122 se
1215 1066 1459 1122 amoveri
1513 1082 1546 1120 a
1576 1072 1833 1136 suscepto

262 1159 522 1214 adversus
576 1157 895 1226 Acepbalos
941 1172 1140 1227 opere,
1204 1164 1321 1211 tum
1372 1155 1572 1211 deinde
1627 1155 1832 1210 librum

263 1246 531 1303 Theodori
555 1246 744 1302 studio
768 1245 1176 1311 elucubratum,
1222 1261 1324 1301 suo
1372 1247 1595 1301 nomine
1633 1246 1833 1301 inscri-

268 1339 371 1410 psit
387 1348 551 1409 atque
570 1338 781 1394 edidit:
819 1337 1063 1393 edictum
1087 1345 1300 1409 postea,
1337 1338 1485 1409 quod
1535 1338 1834 1394 voluminis

269 1431 431 1485 instar
452 1431 559 1494 sit,
612 1446 644 1484 a
685 1427 1090 1485 Theodorianis
1144 1430 1511 1500 compositum
1569 1429 1836 1485 adversus

272 1523 365 1579 tria
388 1523 625 1593 capitula
648 1523 862 1578 edidit:
890 1523 1125 1592 denique
1168 1522 1452 1577 mandavit
1477 1520 1683 1591 ubique
1724 1529 1836 1576 ter-

270 1630 463 1680 rarum,
518 1616 591 1671 ab
650 1616 912 1670 omnibus
958 1630 1113 1670 suam
1167 1615 1350 1670 edicto
1374 1612 1835 1684 subscriptionem

271 1721 514 1775 supponi.

1931 524 2039 579 qua
2066 510 2282 565 valebat
2301 507 2445 580 apud
2474 508 2865 579 imperatorem
2904 508 3099 579 gratia,
3130 523 3350 578 quoque
3393 506 3512 561 ani-

1931 616 2024 657 mo
2073 610 2193 657 erat
2230 616 2359 673 erga
2393 607 2638 656 sanctam
2685 598 2978 672 synodum,
3026 597 3327 669 praestigias
3383 611 3512 650 suas

1933 692 2280 757 dissolveret,
2314 690 2705 748 etJustiniano
2741 690 2985 756 fraudes,
3010 705 3134 760 qua:
3176 688 3279 759 ipsi
3312 686 3504 742 tende-

1934 785 2158 850 bantur,
2190 784 2559 855 factionisque
2591 782 2829 838 infandze
2857 782 3153 838 consilium
3179 781 3444 850 aperiret.

2000 875 2222 945 Pelagio
2245 875 2418 945 igitur
2441 876 2632 945 procul
2674 875 2874 946 posito,
2927 874 3272 944 sun‘ectoque
3314 872 3371 927 in
3395 872 3515 942 ejus

1933 967 2118 1023 locum
2149 966 2451 1037 Stephano,
2483 967 2707 1022 homine
2731 967 2882 1037 paris
2929 967 3154 1037 quidem
3206 966 3379 1021 studii
3413 981 3513 1035 pro

1936 1058 2062 1123 ﬁde,
2094 1057 2192 1113 sed
2214 1057 2442 1129 imparis
2462 1058 2518 1128 in
2551 1057 2676 1113 aula
2705 1058 2893 1128 gratiis
2929 1066 3096 1129 atque
3136 1057 3510 1128 auctoritatis,

1936 1150 2183 1221 prostitit
2210 1148 2691 1219 ConstantinOpoli
2715 1148 2960 1204 edictum
2978 1191 2993 1214 ,
3049 1150 3395 1220 missumque
3443 1150 3516 1204 ad

1937 1259 2134 1300 omnes
2180 1244 2335 1299 orbis
2367 1244 2681 1315 episcopos.
2732 1244 2974 1298 concivit
3015 1260 3160 1309 eam,
3194 1260 3318 1314 quae
3364 1244 3514 1299 dicta

1937 1344 2040 1401 est,
2082 1335 2510 1391 commotionem
2558 1336 2899 1407 animorum.
2937 1335 3063 1391 Haec
3116 1345 3175 1390 ut
3202 1336 3512 1402 sedaretur,

1938 1429 2349 1484 convocandam
2407 1430 2578 1484 totius
2630 1428 2893 1483 Ecclesia:
2957 1429 3225 1498 synodum
3255 1430 3516 1485 Justinia-

1938 1536 2043 1577 nus
2071 1521 2331 1585 credidit,
2356 1522 2470 1591 ipsa
2493 1530 2820 1592 perurgente
2855 1522 3123 1591 Augusta,
3158 1522 3255 1577 sed
3299 1532 3517 1577 contra-

1938 1613 2023 1669 rio
2051 1614 2309 1670 consilio.
2339 1614 2643 1668 Videbatur
2668 1613 2818 1668 enim
2865 1612 2971 1668 sibi
3005 1629 3200 1668 secura
3248 1615 3514 1678 victorian

1942 1705 2085 1759 etde
2103 1705 2314 1777 synodo
2358 1704 2799 1762 Chalcedonensi
2839 1704 3047 1760 certius
3090 1706 3515 1775 triumphatura,

333 1796 392 1851 ω
422 1796 555 1851 fecit
585 1797 912 1866 imperator,
949 1796 1241 1867 Acephalis
1294 1797 1702 1867 gratulantihus
1726 1797 1834 1853 sibi
1873 1805 1909 1856 Il
1940 1796 2225 1866 siquando
2257 1806 2478 1852 coactos
2507 1796 2565 1850 in
2590 1796 2786 1851 urbem
2816 1797 3023 1868 regiam
3057 1797 3212 1853 orbis
3242 1798 3521 1853 antistites

270 1894 468 1959 partam
491 1887 598 1942 hac
623 1896 743 1942 arte
776 1886 1082 1941 victoriam.
1146 1886 1371 1943 Mennas
1399 1904 1524 1942 eum
1572 1890 1687 1943 suis
1719 1888 1837 1958 epi-

272 1978 437 2048 scopis
459 1978 712 2034 edictum
736 1979 969 2050 recepit,
1001 1994 1065 2035 ea
1101 1990 1285 2037 tamen
1318 1981 1597 2046 cautione,
1618 1981 1664 2035 si
1685 1996 1837 2037 sum-

270 2086 381 2125 mus
403 2071 652 2140 pontifex
685 2072 979 2141 probaret:
1008 2072 1100 2127 alii
1143 2081 1256 2128 tres
1288 2070 1587 2129 Orientalis
1614 2071 1836 2141 imperii

271 2163 579 2235 patriarchae
610 2163 872 2218 reluctari
901 2177 1011 2219 non
1039 2172 1170 2220 sunt
1197 2164 1340 2229 ausi,
1374 2171 1524 2218 metu
1576 2163 1838 2217 amitten-

272 2250 342 2306 dae
361 2251 667 2322 dignitatis,
698 2251 847 2322 quod
881 2253 1188 2324 contigerat
1237 2253 1649 2319 decessoribus,
1686 2252 1843 2324 prin-

272 2342 393 2412 cipis
422 2343 677 2398 animum
700 2343 986 2400 offendere
1007 2360 1120 2399 non
1148 2344 1359 2400 veritis.

336 2435 423 2489 IV.
448 2434 719 2491 Restabat
748 2450 893 2504 unus
914 2435 1090 2491 instar
1109 2436 1360 2491 omnium
1407 2451 1659 2491 summus
1703 2449 1846 2504 pon-

275 2524 409 2589 tifex,
432 2541 601 2594 quem
629 2524 921 2580 Theodora
946 2526 1013 2580 ad
1033 2525 1510 2589 consentiendum,
1533 2524 1839 2596 urgendum

275 2615 489 2685 putavit,
517 2615 722 2685 partim
745 2615 924 2670 uxorii
956 2614 1326 2685 imperatoris,
1367 2617 1568 2686 partim
1586 2615 1839 2670 Belisarii

274 2706 573 2762 famulantis
624 2708 912 2777 potentia:
948 2708 1028 2764 sic
1057 2707 1204 2763 enim
1253 2707 1545 2762 videbatur
1606 2708 1840 2763 convelli

275 2812 417 2865 posse
470 2797 725 2853 funditus
775 2797 1245 2854 Chalcedonensis
1303 2798 1574 2870 synodus,
1616 2798 1661 2853 si
1717 2814 1841 2870 qua:

275 2889 448 2958 prima:
473 2889 623 2944 sedis
653 2890 981 2945 auctoritate
1025 2889 1331 2954 nitebatur,
1400 2888 1645 2960 ejusdem
1690 2890 1841 2946 sedis

276 2982 590 3036 auctoritate
618 2979 929 3037 labefieret.
987 2981 1096 3045 Sua
1142 2997 1267 3052 spes
1303 2980 1565 3035 feminam
1608 2980 1835 3035 fefellit:

276 3086 390 3125 nam
418 3072 669 3142 Vigilius,
702 3073 720 3091 ⁴
750 3072 953 3135 Leonis
973 3072 1147 3143 Magni
1202 3079 1425 3142 sumpto
1462 3072 1681 3143 spiritu,
1716 3072 1837 3129 edi-

1940 1886 2170 1942 haberet
2191 1889 2243 1943 in
2285 1904 2383 1943 sua
2412 1895 2706 1959 potestate.

2017 1977 2103 2032 VI.
2129 1978 2400 2034 Indicitur
2428 1994 2562 2051 ergo
2590 1981 2834 2053 synodus
2855 1981 3387 2051 Constantinopolim
3437 1983 3514 2049 ⁸³;

1937 2077 2168 2123 vocatur
2215 2071 2331 2139 ipse
2380 2071 2612 2141 Vigilius
2671 2086 2773 2141 pro
2817 2086 2972 2127 more
3023 2086 3125 2141 per
3170 2072 3521 2143 imperatoris

1941 2156 2166 2213 Sacram
2191 2176 2202 2212 :
2231 2160 2326 2214 sed
2348 2160 2511 2214 datur
2534 2160 2695 2216 simul
2720 2177 2749 2215 a
2780 2159 3071 2215 Theodora
3120 2161 3260 2216 clam
3288 2161 3519 2217 manda-

1939 2259 2056 2306 tum
2084 2251 2149 2305 ad
2178 2251 2531 2315 Belisarium.
2562 2268 2673 2327 quo
2695 2252 3014 2324 pontiﬁcem
3064 2254 3252 2309 venire
3298 2261 3518 2325 cogeret

1938 2343 2024 2398 vel
2051 2343 2304 2397 invitum.

2011 2433 2122 2487 Vll.
2155 2433 2357 2488 Verum
2386 2434 2480 2487 diu
2508 2448 2565 2488 se
2602 2433 2848 2504 pontifex
2879 2436 3163 2493 excusavit
3204 2436 3370 2493 allato
3398 2450 3518 2491 ma.

1935 2524 2120 2594 jorum
2168 2524 2442 2593 exemplo,
2491 2525 2585 2594 qui
2632 2540 2814 2595 neque
2860 2526 3120 2591 Nicaeam,
3169 2528 3345 2582 accitu
3378 2527 3521 2583 Con-

1941 2611 2190 2677 stantini,
2237 2628 2418 2683 neque
2442 2614 2724 2683 Ephesum
2766 2626 2863 2670 aut
2905 2615 3335 2681 Chalcedonem,
3368 2616 3519 2673 eilia-

1940 2705 2247 2777 gitantibus
2270 2706 2399 2761 licet
2430 2706 2743 2767 Theodosio
2787 2710 3010 2781 juniore
3032 2718 3091 2765 et
3130 2709 3399 2765 Martiano
3421 2726 3516 2765 ac-

1942 2798 2238 2853 cessissent
2272 2817 2284 2853 :
2314 2798 2577 2854 aﬂ‘erehat
2606 2798 2803 2855 deinde
2834 2800 2963 2865 loci,
3023 2800 3092 2856 ad
3136 2817 3299 2871 quem
3327 2801 3520 2856 condi—

1942 2900 2091 2945 ctum
2122 2898 2262 2956 erat,
2292 2891 2833 2959 incommoditatem;
2858 2893 3108 2959 alterius,
3133 2903 3263 2964 puta
3293 2894 3516 2955 Sicilia.

1940 2984 2410 3053 opportunitatem
2451 2985 2612 3055 longe
2646 2987 2938 3056 majorem;
2975 3002 3042 3041 eo
3091 2986 3338 3056 undique
3371 2987 3513 3042 faci-

1942 3074 2050 3132 lius
2070 3076 2332 3132 advenire
2367 3078 2558 3132 Patres
2584 3093 2765 3148 posse,
2804 3080 3138 3149 paribusque
3181 3079 3380 3134 studiis
3418 3077 3521 3134 Oc—

276 3172 408 3217 ctum
427 3164 609 3233 rejecit
637 3180 653 3229 ;
686 3163 740 3218 id
771 3171 1049 3228 causatus,
1083 3163 1230 3234 quod
1259 3172 1482 3218 sanctus
1505 3163 1636 3218 olim
1652 3163 1841 3219 deces-
1870 3156 1912 3212 C
1948 3168 2226 3224 cidentem
2275 3168 2667 3239 Orientemque
2712 3170 2769 3224 in
2830 3186 2995 3225 unam
3026 3171 3358 3225 sententiam
3383 3186 3518 3224 con-

276 3267 376 3317 sor,
398 3253 657 3323 religiose
686 3253 1036 3308 retinendam
1079 3253 1226 3308 omni
1253 3268 1319 3308 ex
1340 3262 1494 3323 parte
1534 3253 1802 3325 synodum
1826 3272 1837 3304 :

284 3344 451 3410 «Quia
494 3361 680 3415 neque
727 3344 993 3415 perfectio
1037 3345 1459 3411 incrementum,
1512 3360 1692 3416 neque
1742 3346 1844 3399 ad-

272 3435 553 3505 jectionem
586 3436 874 3507 plenitudo
908 3436 1107 3507 recipit
1138 3436 1206 3490 ⁸⁷.
1251 3456 1270 3489 ο

337 3528 531 3583 Secuta
550 3540 636 3584 est
670 3529 756 3584 sui
779 3528 977 3599 capitis
1004 3531 1317 3600 exemplum
1350 3530 1629 3584 Ecclesia:
1665 3530 1844 3583 sicubi

277 3638 374 3675 non
402 3622 680 3678 serviebat
716 3622 954 3692 turpiter
988 3622 1244 3692 principi,
1295 3622 1399 3676 hoc
1428 3630 1534 3686 est,
1588 3623 1645 3677 in
1683 3621 1843 3676 Occi-

278 3713 430 3768 dente
451 3722 509 3768 et
542 3715 597 3768 in
622 3713 831 3780 Africa,
865 3715 963 3770 sed
987 3716 1297 3785 praesertim
1347 3714 1402 3768 in
1436 3714 1674 3785 Illyrico,
1711 3715 1843 3769 Dal-

284 3808 439 3862 matia
466 3823 529 3863 ae
567 3808 782 3873 Galliis,
823 3809 1056 3878 aliisque
1115 3808 1510 3864 remotioribus
1557 3810 1625 3864 ab
1684 3809 1842 3865 Italia

281 3900 595 3968 provinciis:
647 3910 816 3971 atque
873 3901 1001 3957 inde
1060 3902 1163 3957 fuit
1216 3910 1416 3967 metus,
1478 3918 1548 3955 ne
1604 3902 1843 3957 schisma

282 3986 577 4045 llormisdae
602 3991 947 4059 temporibus
987 3993 1318 4047 exstinctum
1366 3993 1757 4047 revivisceret:
1791 4001 1847 4047 et

282 4080 488 4147 quidem
519 4090 674 4136 tanto
696 4082 1085 4137 vehementius
1112 4090 1374 4153 tantoque
1400 4084 1738 4152 pertinacius
1763 4083 1848 4138 fu-

286 4182 472 4238 turum,
528 4182 741 4242 quanto
776 4188 942 4228 causa
997 4174 1291 4229 videbatur
1336 4175 1644 4240 honestior,
1686 4190 1851 4247 syno~

288 4262 401 4317 dum
434 4266 836 4320 meumenicam
870 4266 1214 4335 tueri,quam
1248 4266 1510 4322 Acacium
1560 4268 1840 4323 damnare.

350 4355 406 4409 ν.
436 4354 561 4411 Haec
594 4356 894 4410 commotio
940 4357 1188 4427 contigit,
1236 4372 1347 4426 quo
1394 4373 1536 4411 anno
1596 4359 1848 4428 Pelagius

291 4446 532 4503 diaconus
567 4449 800 4503 Romam
823 4449 1005 4503 rediit.
1037 4448 1176 4504 Sunt
1194 4451 1288 4519 qui
1317 4459 1638 4504 revocatum
1684 4465 1715 4505 a
1747 4450 1844 4505 Vi-

290 4537 403 4605 gilio
426 4538 675 4601 credant,
699 4545 825 4607 post
848 4538 1091 4593 edictum
1116 4540 1477 4608 publicatum,
1512 4556 1603 4603 ne,
1643 4549 1703 4593 ut
1724 4549 1845 4595 erat

292 4625 543 4692 gratiosus
567 4626 933 4696 principibus,
967 4628 1023 4681 in
1047 4643 1239 4683 eorum
1291 4628 1620 4683 sententiam
1649 4645 1847 4685 concc-

294 4713 447 4771 deret.
488 4717 630 4772 Sunt
667 4718 762 4788 qui
789 4718 1086 4790 conjiciant
1115 4736 1146 4773 a
1176 4719 1487 4774 Justiniano
1527 4722 1839 4784 remissum,

295 4814 348 4858 ut
366 4808 693 4875 periclitanti
732 4809 920 4864 Romae
947 4824 1107 4877 opem
1152 4808 1346 4874 ferret,
1376 4810 1521 4879 quod
1551 4819 1606 4866 et
1641 4813 1850 4880 praesti-

301 4894 377 4959 tit,
406 4898 656 4967 pecunia,
687 4914 852 4970 quam
877 4914 1127 4969 magnam
1153 4911 1441 4969 acceperat
1487 4902 1556 4956 ab
1610 4903 1847 4971 impera-

304 4993 422 5049 tore,
466 5003 585 5041 eum
644 4988 981 5052 discederet,
1037 4988 1104 5043 ad
1154 4989 1442 5045 levandam
1495 4992 1847 5046 obsessorum

308 5071 521 5145 impiam
549 5080 766 5135 collata.
801 5079 990 5149 Longe
1039 5079 1380 5143 credibilius,
1414 5083 1663 5146 rediisse,
1696 5083 1850 5152 prius

313 5180 448 5232 quam
469 5171 705 5227 edictum
736 5173 1012 5227 adversus
1058 5171 1165 5226 tria
1207 5174 1444 5243 capitula
1498 5175 1759 5229 ederetur
1794 5175 1849 5229 in

314 5252 497 5327 lucem;
532 5263 691 5335 idque
725 5264 963 5328 factum,
1001 5266 1311 5317 autsunnni
1342 5267 1619 5334 pontificis
1659 5266 1848 5329 solius,

319 5356 397 5400 ant
448 5353 604 5408 solius
694 5354 1093 5425 imperatoris,
1146 5361 1241 5407 aut
1292 5356 1581 5424 utriusque
1645 5344 1853 5426 jussio-

316 5446 402 5503 ιω,
446 5458 593 5511 quam
655 5446 774 5502 s'tis
827 5444 1049 5499 artibus
1127 5448 1370 5515 Augusta
1447 5446 1603 5516 231
1677 5448 1854 5500 Theo-

1945 3260 2173 3329 Spirare.
2199 3260 2571 3314 Nihilominus
2594 3260 2878 3315 annitente
2907 3260 3183 3315 Antonina
3217 3259 3521 3314 Theodorae

1944 3349 2197 3405 ministra
2219 3350 2517 3406 Belisarius
2544 3350 2860 3421 pontificem
2887 3367 2953 3407 ex
2988 3352 3140 3407 Italia
3183 3352 3335 3407 exire
3373 3367 3522 3407 com-

1947 3440 2108 3510 pulit,
2139 3448 2195 3494 et
2219 3456 2360 3511 pene
2389 3456 2487 3511 per
2521 3441 2630 3494 vim
2666 3443 2848 3511 ejecit.

2019 3531 2155 3586 Vill.
2191 3532 2360 3588 Roma
2414 3531 2599 3601 igitur,
2646 3540 2937 3603 postquam
2979 3550 3010 3588 a
3079 3535 3256 3590 Totila
3308 3535 3521 3605 direpta

1946 3631 2050 3686 est,
2104 3637 2360 3692 egressus
2406 3621 2666 3691 Vigilius,
2727 3620 2817 3676 die
2878 3622 2949 3677 22
3006 3622 3334 3677 Novembris
3378 3638 3523 3676 anno

1950 3714 2053 3768 546
2078 3715 2291 3783 trajecit
2320 3714 2375 3767 in
2405 3713 2669 3777 Siciliam,
2703 3712 2795 3766 ubi
2820 3721 2876 3767 et
2897 3713 3280 3768 ordinationes
3314 3713 3525 3783 aliquot

1948 3818 2138 3858 mense
2167 3801 2455 3856 Decembri
2488 3800 2701 3866 habuit,
2761 3810 2818 3856 et
2845 3802 3174 3871 legationem
3226 3801 3363 3855 Zoili
3397 3801 3524 3856 Ale-

1949 3895 2199 3952 xandrini
2228 3894 2463 3963 excepit,
2499 3902 2555 3949 et
2573 3910 2603 3948 a
2627 3894 2783 3948 Datio
2809 3894 3200 3949 Mediolanensi
3220 3901 3525 3949 conventus

1948 3987 2162 4050 didicit,
2190 4001 2299 4054 quo
2329 3992 2474 4039 statu
2513 4000 2603 4039 res
2631 3984 2759 4039 ﬁdei
2802 3984 2983 4040 forent
3025 3982 3518 4054 Constantinopoli,

1954 4087 2010 4134 et
2036 4078 2103 4132 ab
2146 4076 2296 4132 Afris
2324 4076 2621 4146 Sardisque
2652 4092 2751 4146 per
2783 4076 2993 4147 legatos
3018 4088 3237 4145 rogatus
3262 4082 3367 4140 est,
3397 4090 3525 4145 pro-

1948 4168 2138 4223 videre
2166 4182 2234 4222 ne
2276 4165 2408 4237 quid
2451 4166 2769 4221 detrimenti
2795 4166 3040 4238 synodus
3064 4164 3527 4222 Chalcedonensis

1949 4269 2253 4331 pateretur;
2290 4268 2345 4314 et
2370 4259 2584 4315 litteras
2617 4258 2684 4313 ad
2711 4259 3099 4328 imperatorem
3126 4259 3298 4323 dedit,
3323 4259 3526 4328 quibus

1926 4334 2155 4406 ibidem
2182 4350 2370 4405 haberi
2396 4350 2688 4404 concilium
2725 4349 3013 4420 flagitaret.
3065 4349 3169 4404 Sed
3199 4350 3369 4405 irrita:
3404 4350 3526 4404 fue-

1954 4449 2083 4496 runt
2115 4455 2340 4511 preces:
2371 4455 2538 4509 quare
2567 4439 2841 4494 Natalitiis
2870 4439 3024 4494 festis
3060 4441 3318 4509 peractis,
3346 4451 3527 4495 trans-

1956 4536 2106 4590 misit
2138 4535 2192 4588 in
2219 4534 2615 4597 continentem,
2657 4532 2913 4603 factoque
2939 4549 3036 4601 per
3062 4532 3340 4587 Helladem
3360 4541 3529 4600 atque

1953 4626 2230 4700 Illyricum
2264 4627 2483 4691 itinere,
2508 4625 3047 4693 Constantinopolim
3083 4624 3362 4693 ingressus
3418 4632 3523 4689 est,

1957 4719 2045 4774 die
2086 4717 2346 4772 vicesima
2388 4717 2575 4787 quinta
2622 4716 2868 4772 Januarii
2893 4729 3038 4769 anno
3079 4715 3204 4779 547,
3267 4731 3391 4770 cum
3430 4732 3528 4770 ex-

1958 4817 2144 4863 oratus
2166 4809 2359 4865 fuissct
2383 4808 2452 4860 ab
2482 4807 2712 4877 Illyricis
2732 4806 2799 4859 de
2834 4803 2941 4868 via,
2979 4817 3046 4857 ne
3079 4802 3246 4858 trium
3287 4804 3526 4874 capitum

1959 4900 2295 4956 damnationi
2328 4900 2710 4953 assentirctur.

2030 4991 2120 5047 lX.
2148 4991 2219 5047 Ut
2249 4991 2304 5043 in
2335 4990 2477 5043 hanc
2530 4990 2869 5060 Illyricorum
2911 4991 3240 5046 sententiam
3291 4996 3401 5043 tota
3430 5004 3528 5042 vo-

1962 5082 2197 5138 luntatis
2224 5080 2577 5135 inclinatione
2610 5081 2911 5146 ferebatur,
2946 5082 3019 5137 ita
3043 5081 3226 5137 statim
3282 5087 3446 5148 atque
3476 5079 3529 5133 in

1962 5174 2154 5228 urbem
2188 5172 2394 5241 regiam
2427 5170 2597 5235 venit,
2620 5172 2885 5243 judicium
2939 5173 3194 5228 exercuit
3217 5171 3285 5226 de
3313 5172 3529 5235 Menna,

1962 5263 2193 5331 aliisque
2238 5262 2708 5332 subscriptoribus
2736 5264 3012 5334 episcopis
3049 5282 3060 5316 :
3098 5278 3269 5333 quare
3326 5260 3532 5316 factum

1965 5353 2223 5423 Stephani
2244 5354 2581 5424 apocrisiarii
2606 5356 2713 5421 sui,
2728 5357 3172 5410 communionem
3193 5354 3354 5423 232
3382 5352 3533 5407 Men-

1964 5463 2047 5501 nae
2083 5437 2372 5505 exsecrati,
2407 5447 2664 5517 probans,
2692 5448 2843 5503 urbis
2875 5448 3033 5519 regia:
3080 5445 3404 5509 antistitem,
3443 5442 3531 5499 vi-

1631 5608 1946 5664 SCllULle
1987 5608 2213 5663 ΝΟΤᾹΞ.

936 5740 977 5770 ⁸⁸³
1024 5740 1175 5797 Anno
1204 5743 1324 5809 Siti,
1368 5745 1467 5797 sub
1499 5741 1732 5798 initium.

352 5734 562 5825 "Epist.
602 5746 844 5804 Leonis.
