3926 6216
398 313 499 380 I83

1520 316 1893 378 GARNERII
1935 318 2427 384 DISSERTATIO
2466 322 2493 382 Ι
2501 368 2516 384 .

3542 311 3654 380 184

397 430 561 486 dente
590 428 918 500 imperatore
964 437 1020 484 et
1049 428 1418 499 nequidquam
1448 429 1737 485 obnitente
1784 428 1967 485 Theo-
1997 434 2041 492 Α
2070 447 2158 490 sas
2183 443 2242 489 ut
2268 435 2618 506 produceret,
2659 429 2833 486 videri
2887 438 3070 501 potest
3129 429 3301 484 libros
3345 428 3652 485 duodecim

397 518 556 586 don,
581 519 756 574 sacris
800 517 1101 584 abstinuit;
1156 518 1367 573 Zoilum
1411 517 1627 590 Egypti
1657 519 1971 589 primatem,

405 607 556 679 quod
586 606 943 687 approbasset
991 606 1253 671 edictum,
1302 607 1539 677 graviter
1602 607 1971 679 obiurgatum,

399 696 469 753 ad
498 699 876 769 penitentiam
908 697 1122 768 adegit;
1148 696 1435 767 dignisque
1464 711 1680 752 summo
1716 698 1974 769 pontiﬁce

404 788 605 845 studiis
655 804 873 844 rursum
917 787 1233 852 contendit,
1279 797 1335 842 ut
1384 788 1438 842 in
1494 788 1682 843 Sicilia
1732 788 1975 860 synodus

404 891 728 951 cogeretur:
769 895 873 942 ne,
936 876 1083 948 quod
1132 880 1313 948 reipsa
1358 880 1563 944 evenit,
1618 878 1974 935 Orientalium

404 969 683 1027 serviliter
713 968 1057 1025 adulantium
1091 970 1327 1041 principi
1356 970 1676 1035 multitudo,
1701 970 1973 1027 Occiden-

404 1058 596 1115 talium
649 1055 830 1113 eidem
885 1071 1149 1129 generose
1213 1058 1582 1114 obnitentium
1644 1061 1973 1129 paucitatem

402 1150 685 1206 obrueret.

475 1240 543 1295 Χ.
575 1241 769 1297 Annus
789 1243 1004 1313 integer
1031 1244 1157 1308 fuit,
1186 1244 1316 1298 dum
1348 1246 1555 1299 mutuis
1588 1246 1690 1301 hac
1721 1246 1789 1301 de
1821 1263 1973 1317 quae-

401 1334 583 1390 stione
615 1334 913 1391 dissidiisa
937 1335 1197 1406 pontiﬁce
1230 1344 1287 1391 et
1328 1338 1660 1408 imperatore
1691 1347 1932 1393 certatur
1958 1356 1970 1393 :

401 1443 512 1498 quo
540 1437 789 1499 tempore
816 1426 1131 1492 Theodora,
1165 1443 1292 1485 cum
1318 1428 1569 1485 Mennam
1600 1429 1816 1486 videret
1835 1432 1975 1488 male

401 1531 692 1593 acceptum
731 1536 763 1576 a
796 1520 1028 1593 Vigilio,
1082 1520 1151 1577 de
1206 1523 1467 1578 Anthimo
1517 1539 1619 1579 suo
1670 1524 1977 1580 revocando

402 1611 684 1682 cogitavit.
721 1611 984 1682 Vigilium
1010 1626 1143 1682 ergo
1162 1610 1501 1684 aggreditur,
1523 1617 1541 1635 ‘
1574 1629 1682 1684 qua
1706 1627 1863 1685 parte
1874 1630 1975 1685 po-

404 1710 568 1768 terat,
594 1702 873 1772 precibus,
903 1703 1214 1772 promissis,
1248 1713 1303 1759 et
1330 1703 1521 1772 minis;
1558 1704 1653 1762 sed
1679 1707 1974 1773 incassum,

2073 522 2343 578 adversus
2383 521 2683 579 Iustiniani
2725 519 2968 576 edictum
3015 517 3325 591 scripsisse.
3368 518 3480 574 Hos
3512 532 3654 574 vero

2074 628 2215 684 pene
2237 622 2370 670 tunc
2394 613 2725 679 absolverat,
2752 627 2862 683 quo
2914 621 3160 682 tempore
3188 609 3421 681 Yigilius
3462 609 3656 665 conci-

2074 704 2207 759 lium
2225 704 2520 761 contraxit.

2146 795 2400 851 Actiones
2418 796 2642 851 concilii
2676 794 2860 866 plures
2892 791 3187 857 exstitisse,
3227 806 3294 846 ex
3330 806 3399 846 eo
3433 798 3658 845 constat

2074 886 2222 956 quod
2247 902 2306 943 se
2356 887 2413 942 in
2443 886 2608 943 tertia
2632 884 2925 942 Facundus
2943 891 3133 938 narret
3158 897 3260 954 pro
3280 882 3389 938 Iba:
3414 882 3658 953 epistola

2075 975 2221 1049 apud
2241 978 2500 1051 Vigilium
2526 977 2841 1033 vehementi
2864 976 3112 1033 oratione
3139 974 3346 1030 dixisse
3371 992 3384 1028 :
3412 994 3431 1025 ‹
3460 975 3597 1029 Peto
3623 991 3658 1030 a

2070 1067 2284 1139 justitia
2303 1077 2507 1133 vestra,
2540 1076 2729 1124 utrum
2766 1074 3022 1137 suscepta
3063 1066 3135 1121 sit
3168 1081 3199 1120 a
3253 1064 3463 1136 synodo
3485 1063 3659 1120 Chal-

2075 1158 2371 1215 cedonensi
2392 1159 2625 1229 epistola
2652 1159 2781 1225 lbae,
2812 1174 2935 1229 quae
2962 1157 3115 1213 velut
3143 1156 3470 1212 Nestoriana
3494 1154 3658 1210 dam-

2075 1258 2203 1306 nata
2227 1259 2331 1316 est,
2364 1258 2425 1306 ut
2448 1249 2779 1321 inquiratis;
2809 1258 2867 1304 et
2887 1248 3019 1303 dum
3065 1248 3377 1304 constiterit
3413 1262 3527 1301 non
3551 1246 3661 1301 ob-

2076 1359 2196 1399 esse
2225 1342 2453 1416 synodo,
2476 1341 2624 1413 quod
2655 1358 2783 1413 pars
2830 1340 3060 1396 adversa
3088 1340 3157 1396 de
3197 1337 3478 1395 Theodori
3520 1352 3660 1407 per-

2078 1450 2213 1490 sona
2235 1434 2514 1506 proponit,
2548 1435 2629 1490 sic
2649 1450 2713 1488 ea
2770 1448 2891 1503 qua:
2914 1432 3153 1502 proferri
3209 1430 3420 1496 volunt,
3480 1428 3659 1500 relegi

2077 1528 2430 1599 permittatis,
2466 1541 2537 1581 ne
2558 1525 2699 1580 forte
2735 1539 2858 1594 quae
2889 1534 3149 1594 aguntur,
3183 1521 3253 1576 ad
3300 1520 3660 1576 retractatio-

2079 1634 2205 1674 nem
2258 1617 2553 1672 vidcantur
2590 1625 2909 1671 memoratae
2956 1612 3152 1685 synodi
3198 1611 3504 1683 pertinere.
3537 1609 3663 1680 Ego

2080 1711 2228 1767 enim
2256 1709 2429 1765 fateor
2448 1708 2773 1778 simpliciter
2798 1705 3130 1762 beatitudini
3146 1714 3366 1769 vestrae,
3395 1719 3505 1758 non
3553 1716 3664 1773 pro

405 1795 677 1865 siquidem
711 1795 852 1851 mori
878 1808 1043 1866 quam
1076 1795 1305 1866 obsequi
1334 1796 1570 1853 malebat
1599 1798 1872 1868 pontifex,
1902 1799 1978 1855 ita
2009 1794 2055 1851 Β
2085 1796 2359 1857 Theodori
2407 1800 2778 1871 Mopsuesteni
2835 1797 3189 1853 damnatione
3240 1811 3327 1851 me
3364 1811 3396 1850 a
3436 1804 3667 1851 contra-

405 1886 723 1955 apostolicis
744 1886 941 1957 plenus
973 1895 1093 1942 erat
1140 1887 1340 1943 animis
1374 1905 1388 1941 :
1418 1896 1603 1958 atque,
1647 1898 1708 1943 ut
1759 1906 1980 1951 omnem

404 1979 661 2049 Augusta:
689 1993 843 2049 spem
876 1979 1166 2045 adimeret,
1202 1978 1452 2035 Mennam
1504 1980 1561 2036 in
1616 1984 1845 2052 gratiam
1888 2001 1979 2041 re-

404 2077 626 2140 ceptum
650 2070 948 2126 interdicto
976 2072 1160 2137 solvit,
1186 2080 1243 2127 et
1268 2070 1336 2127 ab
1366 2088 1433 2128 eo
1468 2073 1711 2129 vicissim
1742 2078 1976 2148 accepit,

405 2162 546 2233 grati
581 2162 753 2217 animi
792 2178 944 2234 ergo,
977 2173 1037 2218 ut
1074 2165 1274 2218 summi
1320 2164 1599 2233 pontiﬁcis
1639 2181 1842 2223 nomen
1891 2170 1979 2224 di-

406 2251 628 2324 ptycbis
667 2252 1288 2323 Constantinopolitanae
1327 2254 1585 2311 Ecclesia:
1617 2258 1857 2325 primum
1892 2259 1979 2314 in-

406 2344 745 2400 scriberetur
770 2345 838 2399 ".

478 2433 573 2490 X1.
606 2435 726 2491 Non
748 2435 824 2491 ita
852 2435 1009 2492 facile
1041 2453 1099 2492 se
1146 2439 1425 2508 expedivit
1473 2439 1763 2495 conatibus
1806 2440 1978 2496 Justit-

405 2526 559 2581 niani
588 2526 860 2582 instanter
884 2529 1147 2597 urgentis,
1181 2537 1241 2583 ut
1264 2530 1532 2599 scriptum
1573 2530 1643 2585 de
1683 2530 1860 2587 tribus
1885 2547 1979 2587 ca-

406 2616 597 2687 pitulis
628 2616 874 2672 edictum
897 2618 1186 2687 probaret:
1214 2633 1337 2673 eam
1366 2620 1516 2675 enim
1541 2620 1654 2676 vim
1701 2622 1981 2678 reluctans

405 2722 600 2777 passus
646 2718 752 2774 est,
797 2723 926 2779 qua,
957 2707 1005 2763 si
1038 2710 1316 2782 credimus
1349 2710 1659 2775 Anastasio,
1703 2711 1980 2767 exclama-

407 2805 495 2853 ret
539 2798 867 2867 aliquando:
926 2800 1090 2855 (Non
1127 2817 1156 2855 a
1208 2801 1523 2857 Iustiniano
1579 2811 1636 2857 et
1692 2801 1982 2859 Theodora

407 2887 670 2957 piissimis
723 2889 1066 2960 principibus
1107 2892 1413 2948 accersitus
1444 2892 1592 2959 veni,
1625 2892 1721 2948 sed
1754 2893 1809 2947 in
1859 2893 1983 2948 Dio.

406 2979 704 3036 eletianum
724 2990 780 3037 et
807 2980 1182 3038 Eleutheriam
1214 2983 1403 3039 incidi.
1434 3004 1452 3037 ι

476 3072 592 3128 Xll.
623 3073 775 3129 Fecit
800 3088 866 3130 ea
889 3074 993 3140 vis,
1033 3083 1093 3129 ut
1122 3074 1267 3145 apud
1300 3090 1358 3132 se
1418 3077 1711 3133 concilium
1757 3072 1979 3148 septua-

407 3165 558 3235 ginta
581 3166 967 3237 episcoporum
999 3165 1247 3232 haberet,
1280 3167 1629 3238 provisums,
1663 3169 1709 3223 si
1739 3183 1847 3239 qua
1889 3183 1980 3223 ra-

410 3257 564 3311 tione
589 3255 672 3311 fas
694 3265 861 3323 esset,
889 3257 1096 3314 salvam
1125 3267 1384 3328 praestare
1431 3258 1625 3331 synodi
1677 3259 1981 3316 Chalcedo-

410 3345 598 3402 nensis
629 3347 1031 3413 auctoritatem,
1062 3359 1118 3403 et
1148 3349 1310 3403 simul
1327 3348 1534 3419 aliquid
1550 3350 1618 3405 de
1635 3365 1797 3405 causa
1816 3352 1981 3405 trium

411 3435 699 3490 hominum
732 3436 1046 3499 remittere,
1081 3437 1134 3489 id
1168 3445 1273 3496 est.
1306 3437 1543 3509 benigna
1593 3438 1829 3509 quadam
1863 3439 1977 3495 dis-

412 3526 737 3595 pensatione
780 3527 1086 3582 concedere
1127 3528 1399 3592 nonnihil,
1440 3544 1548 3598 qua
1596 3539 1653 3584 et
1688 3530 1984 3600 imperato-

414 3618 492 3672 ris
509 3617 709 3673 honori
729 3627 1072 3688 parceretur,
1090 3627 1145 3672 et
1170 3618 1555 3675 occluderetur
1585 3635 1649 3676 os
1668 3621 1979 3691 Acephalis:

412 3716 574 3764 erant
619 3710 767 3764 enim
820 3709 1090 3765 invidiose
1131 3710 1429 3776 causaturi,
1485 3712 1590 3768 sibi
1640 3723 1773 3768 tunc
1816 3713 1985 3769 fuisse

414 3801 663 3858 clausum
691 3801 902 3859 aditum
924 3800 992 3857 ad
1026 3802 1346 3869 Ecclesiam,
1403 3820 1528 3860 cum
1588 3806 1984 3862 instantissime

416 3903 667 3965 peterent
690 3894 927 3951 admitti.

487 3984 677 4040 Ctetus
694 3985 783 4041 ille
816 3986 1039 4043 Patrum
1060 4005 1129 4044 ex
1150 3989 1217 4043 iis
1231 3998 1454 4043 coactus
1476 4000 1559 4043 est
1580 3989 1674 4059 qui
1700 4006 1983 4061 nunquam

417 4084 738 4130 curvassent
761 4093 936 4148 genua
968 4092 1149 4134 coram
1175 4076 1478 4143 Belial,sed
1513 4094 1777 4150 generose
1797 4081 1984 4136 stetis-

414 4174 536 4220 sent
566 4167 832 4223 hactenus
858 4184 958 4238 pro
979 4184 1142 4225 causa
1168 4169 1285 4225 Dei.

484 4255 626 4312 XIII.
656 4254 879 4313 Patrum
926 4274 1068 4316 unus
1096 4259 1201 4315 fuit
1249 4260 1540 4317 Facundus
1579 4260 1987 4319 Hermianensis

412 4349 467 4402 in
503 4347 689 4407 Africa
737 4350 1052 4422 cpiscopus,
1102 4352 1340 4409 celebris
1383 4352 1472 4408 ille
1519 4353 1687 4409 trium
1744 4354 1983 4425 capitum

2082 1893 2383 1950 dicentium
2415 1892 2804 1947 communione
2844 1889 3220 1954 subtraxisse;
3252 1885 3362 1942 hoc
3387 1885 3541 1941 enim
3567 1884 3663 1939 vel

2081 1988 2127 2042 si
2156 1984 2571 2056 approbandum
2599 1999 2710 2039 non
2733 1983 2826 2047 sit,
2857 1981 3145 2036 ferendum
3175 1993 3358 2036 tamen
3377 1977 3661 2040 existimo,

2079 2094 2182 2134 nec
2206 2086 2410 2133 tantam
2435 2091 2557 2133 esse
2594 2091 2814 2131 causam
2830 2074 3038 2147 judico,
3076 2088 3178 2145 pro
3198 2088 3307 2143 qua
3325 2071 3665 2127 deberemus

2080 2188 2111 2228 a
2145 2169 2534 2228 communione
2587 2167 2963 2223 multitudinis
3003 2164 3303 2237 segregari.
3359 2162 3467 2218 Sed
3526 2160 3665 2232 quia

2080 2280 2149 2319 ex
2188 2276 2422 2333 persona
2477 2258 2755 2316 Theodori
2800 2257 3085 2329 epistolam
3124 2252 3244 2311 lbte'
3274 2253 3661 2310 Nestorianam

2081 2356 2316 2427 probare
2341 2353 2522 2410 conati
2555 2362 2705 2417 sunt,
2741 2362 2797 2406 et
2818 2367 2887 2406 ex
2922 2348 3154 2421 epistola
3176 2347 3283 2402 Iba:
3307 2345 3601 2419 synodum,
3628 2359 3663 2400 a

2083 2464 2190 2519 qua
2219 2457 2473 2515 suscepta
2508 2454 2611 2507 est,
2650 2443 2986 2514 improbare,
3026 2460 3045 2493 ι
3086 2449 3194 2496 etc.
3662 2502 3667 2503 γ

2156 2536 2397 2592 Facundi
2436 2536 2601 2589 verba
2632 2534 2854 2597 docent,
2881 2532 3128 2587 animose
3160 2531 3345 2584 minus
3372 2538 3504 2583 tunc
3526 2534 3665 2581 tem-

2089 2630 2240 2700 poris
2262 2626 2544 2681 Theodori
2572 2624 3041 2694 Theodoretique.
3078 2638 3244 2694 quam
3275 2622 3385 2677 Iba:
3432 2634 3662 2675 causam

2084 2719 2364 2773 defensam
2416 2731 2575 2770 esse:
2612 2729 2738 2768 nam
2783 2712 3132 2769 Chalcedone
3161 2711 3304 2766 lecta
3340 2710 3521 2765 fuerat
3549 2707 3665 2762 lbae

2083 2808 2346 2878 epistola,
2380 2820 2488 2859 non
2538 2805 2669 2858 item
2710 2802 2879 2857 ullum
2925 2801 3154 2856 alterius
3190 2799 3478 2869 utriusque
3514 2797 3664 2852 scri-

2085 2905 2272 2967 ptum;
2302 2908 2417 2948 'nec
2470 2892 2613 2947 lecta
2658 2891 2837 2945 solum
2889 2889 3126 2960 epistola
3158 2896 3264 2952 est,
3326 2885 3424 2942 sed
3480 2883 3668 2939 videri

2084 2987 2265 3057 potuit
2301 3000 2332 3039 a
2359 2982 2614 3038 Patribus
2633 2989 2730 3035 aut
2755 2981 3074 3050 approbata,
3098 2989 3195 3035 aut
3231 2987 3380 3033 certe
3409 2991 3521 3031 non
3550 2976 3667 3030 im-

2085 3056 2354 3147 probata:
2410 3088 2522 3128 non
2561 3072 2742 3143 potuit
2770 3056 2961 3142 igitur
2992 3070 3059 3125 ad
3109 3085 3339 3125 examen
3409 3066 3668 3122 revocari

2084 3163 2204 3218 sine
2233 3160 2537 3215 offensione
2567 3160 2811 3224 Patrum,
2843 3160 2962 3213 sine
2978 3173 3087 3228 qua
3134 3168 3317 3213 tamen
3356 3154 3669 3212 examinari

2084 3256 2166 3311 fas
2197 3263 2316 3310 erat
2341 3253 2468 3319 alia,
2497 3268 2619 3323 qua:
2660 3251 3010 3307 Chalcedone
3036 3267 3105 3306 ne
3130 3251 3410 3321 proposita
3431 3249 3666 3319 quidem

2086 3348 2324 3413 fuerant,
2351 3355 2562 3401 tantum
2583 3343 2741 3400 abest
2778 3353 2838 3398 ut
2871 3344 3141 3415 probata;
3201 3344 3312 3396 imo
3346 3356 3468 3411 quze
3499 3354 3669 3394 erro-

2085 3455 2201 3495 rem
2225 3439 2509 3493 continere
2541 3435 2779 3507 Cyrillus
2818 3433 3191 3506 impugnanda
3227 3433 3512 3489 docuerat.

2154 3530 2459 3586 Causarum
2510 3526 2781 3600 ejusmodi
2824 3525 3108 3581 distinctio
3156 3539 3268 3580 non
3328 3525 3567 3594 primum
3606 3522 3671 3577 in

2089 3621 2265 3691 Vigilii
2306 3619 2543 3675 concilio
2569 3618 2842 3681 innotuit,
2878 3616 2975 3672 sed
3020 3618 3132 3688 jam
3184 3615 3399 3686 pridem
3442 3613 3511 3668 ab
3534 3627 3673 3667 eru-

2086 3712 2215 3767 ditis
2261 3720 2550 3782 perspeeta
2594 3709 2773 3765 fuerat
2807 3728 2819 3763 :
2862 3722 2988 3763 nam
3021 3708 3190 3763 Roma
3215 3706 3468 3776 Pelagius
3489 3743 3503 3770 ,
3535 3712 3671 3758 ante

2086 3804 2390 3859 discessum
2449 3802 2758 3872 pontificis,
2813 3799 3155 3855 Ferrandum
3210 3797 3711 3868 Cartliaginensis'

2088 3897 2343 3951 Ecclesia:
2389 3895 2702 3957 diaconum,
2753 3910 2817 3949 ea
2873 3901 3201 3964 tempestate
3250 3890 3547 3953 celebrem,
3595 3889 3673 3946 de

2087 3990 2201 4044 sola
2223 3988 2330 4043 Iba:
2350 3986 2582 4057 epistola
2605 3986 2937 4041 sententiam
2986 3992 3311 4055 rogaverat:
3348 3979 3674 4036 Ferrandns

2086 4087 2236 4134 certe
2264 4077 2333 4133 de
2374 4079 2488 4132 sola
2545 4075 2850 4147 respondit,
2882 4084 2939 4129 et
2990 4075 3057 4130 de
3083 4074 3253 4130 solius
3279 4073 3487 4145 judicio
3526 4088 3670 4127 con-

2087 4179 2382 4241 querentes
2396 4167 2875 4223 Chalcedonenses
2902 4167 3094 4222 Patres
3119 4165 3460 4239 exaggeratis
3481 4164 3674 4219 verbis

2088 4262 2319 4317 inducit.
2364 4281 2381 4313 ι
2407 4260 2467 4316 In
2519 4262 2838 4324 novissima,
2892 4258 3091 4329 inquit,
3131 4258 3539 4314 resurrectione
3581 4256 3676 4311 di-

2089 4363 2215 4409 cant
2240 4354 2343 4409 viri
2366 4352 2642 4425 religiosi:
2669 4351 2782 4408 Cur
2806 4351 3095 4421 epistolam
3119 4348 3478 4421 reprobastis,
3505 4348 3675 4418 cujus

410 4440 690 4508 defensor,
744 4457 1026 4514 nunquam
1057 4445 1190 4500 satis
1231 4444 1542 4500 laudandus
1567 4485 1584 4511 ,
1631 4446 1676 4500 si
1715 4445 1975 4517 Vigilium
2015 4463 2058 4518 υ
2087 4445 2412 4501 catholicam
2441 4458 2563 4499 esse
2590 4443 2891 4498 dictionem
2946 4443 3240 4505 sensimus,
3275 4440 3531 4503 diximus,
3575 4439 3677 4509 ju-

406 4530 606 4589 ducem
630 4536 787 4605 sequi
818 4536 1121 4603 maluisset,
1147 4552 1272 4592 cum
1307 4536 1458 4606 pacis
1485 4551 1651 4592 causa
1681 4538 1984 4607 prudenter

409 4624 616 4695 aliquid
636 4625 706 4682 de
726 4626 963 4697 pristino
992 4628 1171 4699 rigore
1224 4627 1463 4693 remisit,
1500 4643 1665 4698 quam
1693 4643 1820 4682 cum
1867 4629 1983 4684 suis

409 4714 556 4770 Afris
587 4731 863 4773 summum
888 4717 1233 4789 pontiﬁcem,
1287 4718 1430 4774 ultra
1477 4720 1801 4777 reverentiae
1860 4734 1981 4777 mo-

409 4805 567 4871 dum,
597 4821 852 4877 arguere.

480 4896 601 4964 Quo
626 4906 870 4969 tempore
894 4901 1123 4973 Vigilius
1153 4903 1448 4959 concilium
1501 4906 1797 4971 contraxit,
1841 4908 1983 4978 jam-

410 4983 620 5040 dudum
671 4986 763 5042 ille
812 4987 1288 5064 Constantinopoli
1330 4994 1674 5060 morabatur,
1710 5010 1879 5067 agens
1925 4983 1985 5052 in

411 5078 579 5134 rebus
610 5077 872 5136 Ecclesia:
927 5082 1219 5151 Africanae,
1275 5102 1636 5160 magnamque
1676 5088 1882 5146 ibidem
1930 5102 1985 5147 et

410 5168 558 5239 apud
586 5183 720 5225 suos
745 5169 1040 5241 collegerat
1061 5172 1331 5231 doctrinae
1376 5178 1713 5248 opinionem,
1748 5196 1858 5251 qua
1878 5180 1985 5236 fre-

413 5266 504 5311 tus
523 5254 867 5313 conﬁdenter
887 5272 948 5315 se
987 5273 1116 5315 cum
1150 5258 1452 5332 Stephano,
1480 5263 1630 5320 sedis
1669 5266 1985 5337 apostolica:

410 5346 793 5416 apocrisiario,
831 5349 946 5420 jam
1008 5358 1126 5405 tum
1169 5348 1512 5409 abstinuerat
1535 5368 1565 5407 a
1596 5356 1985 5414 communione

411 5435 625 5498 Hennae
650 5437 893 5495 edictum
924 5438 1269 5514 recipientis.
1298 5441 1459 5517 233
1488 5439 1847 5503 Abstinentiae
1864 5461 1988 5501 cau-

2083 4536 2409 4602 dicavimus,
2438 4544 2495 4591 et
2533 4535 2802 4607 judicium
2832 4543 3084 4588 nostrum
3137 4529 3538 4588 subscribendo
3571 4527 3677 4583 lir-

2084 4626 2390 4682 mavimus?
2418 4626 2502 4680 An
2552 4625 2681 4695 quia
2733 4623 3066 4680 venerabilis
3116 4622 3241 4679 Ibas
3284 4620 3677 4678 Alexandrina:

2084 4717 2343 4773 Ecclesia:
2362 4716 2678 4786 pontiﬁcem
2705 4724 2959 4770 sanctum
2988 4711 3361 4783 vituperavit?
3383 4710 3490 4766 Sed
3515 4710 3673 4764 idem

2085 4818 2275 4877 sancto
2294 4806 2499 4880 Cyrillo
2521 4817 2711 4879 postea
2742 4822 2801 4863 se
2844 4806 3278 4862 communicasse
3317 4802 3673 4876 signiﬁcavit.

2087 4899 2144 4954 Si
2177 4897 2492 4954 merebatur
2512 4914 2610 4970 pro
2632 4898 2777 4954 beati
2799 4897 2988 4970 Cyrilli
3000 4895 3404 4968 vituperatione
3426 4893 3674 4964 cuipam,

2088 4991 2406 5047 merebatur
2435 5006 2536 5062 pro
2579 5000 2885 5047 restaurata
2929 4989 3320 5045 communione
3346 5003 3458 5043 non
3502 4986 3678 5040 mini-

2091 5099 2233 5138 mam
2262 5084 2512 5154 gratiam.
2550 5082 2617 5138 Ut
2671 5082 2845 5137 sancti
2898 5081 3085 5154 Cyrilli
3129 5079 3388 5151 capitula,
3443 5087 3678 5149 propter

2092 5175 2506 5245 ambiguitatem
2578 5184 2634 5231 et
2701 5174 2996 5230 locutionis
3054 5172 3484 5235 obscuritatem,
3540 5184 3677 5223 cum

2090 5264 2461 5323 Orientalibus
2481 5266 2755 5337 episcopis
2784 5282 2978 5337 parum
3002 5265 3354 5336 intelligendo
3393 5262 3673 5333 culparet,

2094 5352 2348 5412 humana:
2378 5356 2478 5411 fuit
2503 5355 2867 5413 inﬁrmitatis:
2900 5354 3063 5428 235.
3094 5364 3154 5409 ut
3204 5355 3348 5410 dicta
3395 5350 3493 5409 sua
3524 5353 3674 5407 bene

2095 5446 2476 5518 interpretanti
2506 5446 2718 5503 facilius
2738 5444 3011 5514 crederet,
3042 5461 3105 5503 ac.
3142 5444 3504 5502 libentissime
3531 5459 3678 5499 con-

1733 5605 1911 5663 SCllU
1925 5606 2053 5661 [.le
2091 5596 2323 5663 NOTAE.

484 5741 532 5775 ⁹⁹
561 5744 750 5799 Anast.
786 5743 839 5798 in
879 5743 994 5800 Vita
1022 5742 1220 5816 Vigilii.
1298 5745 1345 5777 ”
1365 5742 1523 5800 Praef.
1559 5743 1623 5800 ad
1666 5743 1761 5799 lib.
1790 5760 1861 5800 xu
1891 5756 1944 5801 et
1980 5745 2037 5802 in
2069 5744 2208 5805 libro
2241 5744 2438 5804 Contra
2467 5743 2787 5802 Mocimmm.
