3926 6216
178 307 279 373 135

1344 312 1708 372 HISTORIA
1743 315 2251 377 THEODORETI.

3338 314 3435 381 186

170 417 443 484 sentiret,
501 421 731 475 omnino
783 421 1146 477 sacerdotalis
1204 421 1385 478 fuerat
1443 424 1757 491 charitatis,
1788 432 1833 485 Α
1859 428 1990 497 quid
2023 445 2053 482 a
2084 429 2344 499 pontifice
2370 429 2438 484 de
2467 428 2776 484 constantia
2804 429 3070 484 hactenus
3097 427 3153 484 in
3173 428 3440 500 capitibus

176 510 296 565 sine
328 510 448 564 ullo
486 509 787 581 dispendio
820 514 1088 569 veritatis.
1137 512 1252 569 Cur
1303 516 1590 586 epistolam
1622 520 1762 573 nos‘

166 600 588 667 damnaremus,
614 603 710 659 ubi
747 614 1011 675 tanquam
1038 608 1312 676 praeterita
1339 618 1471 664 sunt
1523 618 1758 679 utraque

1867 520 2117 575 tuendis:
2150 520 2412 591 Acephali
2435 520 2739 589 agebantur
2782 520 2836 574 in
2882 519 3075 584 furias,
3113 534 3239 575 cum
3278 535 3440 576 suum

1863 618 2158 664 cernerent
2175 609 2243 664 de
2270 609 2464 681 synodi
2488 609 2712 666 statutis
2754 608 3152 664 labefactandis
3177 618 3436 664 conatum

167 699 419 753 narrata,
449 706 552 761 per
602 692 755 747 illius
785 696 964 749 sancti
1002 693 1192 767 Cyrilli
1230 696 1420 752 ﬁdeles
1486 698 1763 768 interpre-
1862 700 1994 756 hinc
2043 701 2218 773 eludi,
2265 702 2413 757 unde
2438 700 2744 772 juvandum
2785 702 3148 772 jactaverant.

171 781 443 835 sationes?
481 781 627 852 Ipse,
667 784 786 854 ipse
815 795 1040 841 sanctus
1072 786 1308 858 Cyrillus
1341 803 1450 842 non
1487 789 1580 842 uni
1630 789 1756 853 lbos,

168 871 265 925 sed
301 873 567 942 pluribus
591 872 972 932 Orientalibus
1009 879 1302 948 episcopis,
1348 879 1567 934 auferre
1603 893 1761 934 scan-

166 963 351 1017 dalum
384 966 546 1020 mala:
580 966 961 1037 intelligentia:
1010 971 1356 1039 properavit,
1398 970 1539 1025 bene
1580 971 1754 1025 inter-

166 1056 442 1125 pretando
486 1059 736 1128 capitula
771 1076 908 1115 sua:
948 1070 1001 1116 et
1044 1077 1146 1117 nos
1195 1078 1296 1133 pro
1342 1062 1563 1135 injuriis
1615 1065 1758 1135 ejus,

171 1146 415 1200 historiae
448 1148 641 1213 modo,
668 1166 793 1219 qua:
840 1153 1217 1223 contigerant,
1249 1161 1617 1223 exponentem
1673 1171 1763 1211 re-

172 1236 540 1305 probaremus
566 1240 883 1309 epistolam.
918 1243 973 1297 Si
1011 1243 1291 1298 contraria
1317 1260 1463 1300 verte
1512 1245 1641 1301 ﬁdei
1673 1261 1760 1301 re-

172 1330 309 1397 gulis
337 1330 395 1385 in
422 1332 520 1385 illa
540 1334 778 1403 epistola
801 1336 1131 1391 venerabilis
1154 1337 1279 1392 lbas
1300 1338 1592 1407 episcopus
1612 1339 1763 1394 locu-

177 1430 260 1474 tus
281 1421 456 1476 fuisse
492 1423 771 1488 ﬁrmatur,
795 1434 1024 1497 propter
1052 1428 1336 1498 aliquanta
1358 1430 1445 1485 vel
1481 1430 1760 1502 ambigua,

179 1509 256 1562 vel
291 1510 559 1575 obscura,
588 1529 716 1583 quae
742 1514 953 1569 faciunt
976 1516 1082 1571 hoc
1102 1517 1318 1585 videri;
1356 1529 1546 1574 nostra
1594 1520 1757 1576 debet

179 1614 287 1653 esse
321 1604 604 1658 sententia
634 1606 832 1660 melior
863 1624 877 1660 :
914 1608 1043 1677 quia
1072 1623 1175 1663 nos
1234 1624 1302 1663 ex
1343 1625 1438 1663 ore
1484 1612 1623 1681 ejus,
1662 1614 1758 1681 qui

184 1689 398 1745 dictavit
424 1692 748 1761 epistolam,
811 1712 1036 1752 sensum
1090 1700 1368 1755 valuimus
1422 1702 1757 1772 investigare

188 1781 490 1837 verborum.
554 1785 845 1842 Postremo
884 1804 1056 1859 quare
1106 1799 1427 1860 putaremus
1467 1769 1755 1863 epistolam
1796 1769 1841 1830 Β

191 1876 355 1929 favere
376 1876 658 1942 Nestorio,
703 1881 865 1950 cujus
903 1891 1118 1947 auctor,
1158 1883 1318 1938 nobis
1371 1884 1755 1954 praesentibus,

188 1966 512 2035 iubentibus,
547 1970 930 2037 audientibus,
960 1990 1092 2029 voce
1134 1976 1256 2029 viva
1286 1974 1509 2029 minime
1536 1974 1759 2028 dubita-

193 2057 750 2119 vitanathematizare
796 2065 1134 2128 Nestorium,
1194 2065 1503 2135 suscipiens
1548 2074 1757 2119 tomum

194 2164 329 2220 papa!
347 2150 573 2219 Leonis,
611 2162 669 2209 et
688 2154 1094 2211 confessionem
1127 2173 1271 2211 verae
1308 2157 1435 2211 ﬁdei
1467 2156 1756 2211 nobiscum

195 2240 572 2299 subscribendo
593 2245 969 2301 conﬁrmans?
1012 2266 1029 2299 ι
1065 2247 1189 2302 llaec
1216 2247 1544 2302 Ferrandus.

254 2332 381 2389 XIV.
417 2334 559 2390 Cum
588 2353 678 2393 res
713 2347 974 2408 ageretur
996 2341 1050 2394 in
1078 2339 1292 2411 synodo
1310 2340 1494 2411 Vigilii
1524 2348 1757 2395 conten-

198 2423 375 2480 tiosius
393 2441 560 2496 quam
595 2428 811 2495 utilius,
838 2445 943 2484 nec
964 2430 1252 2500 aﬁ'ulgeret
1272 2445 1397 2500 spes
1424 2430 1754 2496 concordiae,

200 2517 381 2585 placuit
428 2520 702 2589 pontiﬁci,
763 2531 823 2576 ut
874 2522 1109 2593 quisque
1160 2525 1492 2577 sententiam
1552 2524 1757 2593 scripto

201 2608 420 2664 traderet
441 2611 586 2666 intra
615 2621 827 2683 septem
851 2614 992 2679 dies,
1020 2630 1255 2685 quorum
1283 2614 1395 2669 duo
1424 2622 1607 2669 tamen
1631 2613 1757 2668 festi

197 2703 440 2757 rrant.ld
468 2712 657 2760 monet
713 2706 1027 2771 Faeundus,
1078 2723 1252 2777 eoque
1298 2717 1513 2777 tempus
1558 2707 1758 2761 habitae

202 2794 371 2863 synodi
400 2811 513 2850 non
538 2796 779 2852 obscure
832 2798 1033 2853 innuit.
1084 2799 1219 2854 Nam
1260 2814 1385 2853 cum
1426 2798 1757 2854 sententiam

204 2899 337 2937 suam
380 2885 497 2955 ipse
536 2887 783 2956 pontifex
836 2889 1100 2959 scriptam
1150 2888 1366 2943 dederit
1421 2888 1754 2953 Justiniano,

206 2982 308 3044 post
336 2977 469 3032 alias
507 2978 744 3033 aliorum
798 2980 961 3049 paulo
1005 2989 1130 3034 ante
1177 2979 1444 3045 traditas,
1491 2995 1757 3050 suamque

206 3062 421 3119 Sabbato
467 3075 658 3122 sancto
702 3067 1043 3131 exhibuerit,
1091 3067 1144 3121 id
1185 3076 1271 3122 est
1319 3067 1408 3121 die
1469 3067 1757 3121 undecima

207 3154 417 3223 Aprilis;
460 3170 589 3210 nam
631 3156 841 3211 Pascha
868 3157 964 3211 illo
1003 3172 1152 3210 anno
1208 3158 1262 3211 in
1318 3158 1463 3211 diem
1500 3156 1763 3211 duodeci~
1790 3131 1830 3189 δ

207 3260 334 3299 mum
379 3247 587 3318 Aprilis
648 3249 929 3304 incidebat
966 3265 980 3302 :
1016 3264 1238 3303 necesse
1299 3258 1383 3303 est
1444 3250 1762 3305 inchoatam

208 3340 352 3395 fuisse
370 3340 641 3412 synodum
669 3341 759 3397 die
783 3342 1000 3397 decima
1040 3352 1190 3396 sexta
1220 3341 1420 3405 Martii,
1460 3358 1583 3412 quae
1626 3341 1761 3395 feria

208 3432 445 3499 secunda,
471 3432 913 3505 productamque
941 3434 1122 3489 tribus
1166 3441 1263 3488 aut
1311 3445 1552 3503 quatuor
1594 3434 1765 3487 actio-

209 3524 349 3580 nibus
380 3525 452 3580 ad
492 3526 744 3596 quintam
783 3541 959 3596 usque
1010 3534 1105 3580 aut
1169 3536 1377 3580 sextam
1425 3526 1637 3579 feriam.
1675 3524 1765 3577 Sic

208 3620 331 3676 enim
348 3621 405 3676 in
426 3621 741 3691 septiduum
760 3620 873 3676 duo
896 3619 1020 3675 festi
1045 3619 1162 3675 dies
1196 3618 1463 3693 incident,
1517 3616 1764 3671 Domini-

209 3726 290 3768 cus
316 3720 367 3768 et
394 3712 831 3789 Εὑαγγελισμὲς,
856 3720 1021 3782 atque
1049 3713 1188 3767 intra
1213 3712 1469 3767 idoneum
1505 3712 1766 3780 temporis

211 3803 426 3874 spatium
465 3803 896 3871 concludentur,
941 3820 1061 3875 qua:
1103 3814 1255 3877 gesta
1298 3819 1421 3858 esse
1476 3802 1766 3857 Facundos

207 3903 367 3949 narrat
392 3895 457 3949 ’¹.

264 3985 408 4052 Quod
438 3994 623 4042 autem
650 3988 857 4058 scripto
891 3988 1135 4058 pontifex
1164 3989 1482 4058 imperatori
1516 3987 1761 4049 tradidit,

209 4077 450 4134 famosum
481 4078 619 4134 illud
642 4088 728 4134 est
746 4078 1072 4139 Judicutum,
1095 4080 1238 4149 quod
1273 4097 1395 4133 rum
1425 4080 1767 4132 .lustinianus

209 4177 382 4237 praeter
406 4180 678 4226 conventa
704 4171 1003 4241 vulgasset,
1026 4171 1339 4225 Occidentis
1362 4172 1600 4224 Fit-cinia
1629 4188 1765 4239 pene

209 4268 303 4316 tota
331 4264 383 4317 in
402 4262 692 4334 Vigilium,
737 4264 893 4319 velut
942 4263 995 4316 in
1049 4263 1244 4334 synodi
1304 4263 1768 4317 (Ihnlcctlotwnsis

210 4353 505 4409 violatorem
526 4353 770 4424 ﬁdeique
801 4353 1164 4417 desertorem,
1199 4363 1471 4407 commota
1504 4363 1607 4407 est.
1638 4354 1761 4407 Non

1931 793 2129 848 Parum
2152 803 2270 848 erat
2290 794 2513 863 quidem
2537 793 2831 849 Justiniani
2861 793 3290 863 indignationem
3319 809 3442 848 mo-

1859 882 2026 947 visse,
2058 892 2179 937 erat
2214 883 2269 937 iu
2313 884 2471 938 lucro
2501 883 2760 938 eﬁ‘erasse
2794 882 3100 950 Acephalos
3135 900 3148 937 :
3181 891 3236 938 at
3279 884 3442 938 mise-

1861 990 1983 1029 rum
2023 974 2130 1028 fuit
2173 989 2447 1029 summum
2471 973 2784 1044 pontiﬁcem
2808 988 2837 1027 a
2856 972 3154 1028 Catholicis
3180 973 3440 1029 invidiam

1860 1066 1972 1136 pati
2016 1066 2233 1122 violata:
2275 1066 2490 1136 synodi,
2525 1066 2683 1135 cujus
2726 1065 3025 1135 integritati
3059 1074 3251 1120 contra
3283 1066 3440 1120 inva-

1860 1159 2107 1215 dentium
2156 1160 2454 1229 impetum,
2507 1174 2615 1228 qua
2664 1173 2769 1211 una
2820 1159 3031 1213 ratione
3082 1158 3195 1222 fas,
3240 1174 3442 1213 consu-

1858 1249 2026 1305 lebat.

2421 1334 2646 1398 CAPUT
2684 1339 2873 1395 XVIII.

1860 1456 1901 1510 1.
1940 1455 2442 1537 ἓωιςὶιβνηεενητον
2499 1456 2560 1537 in.
2607 1453 2884 1537 Yigilinm‘:
2926 1453 2992 1537 II.
3038 1452 3102 1507 In
3148 1455 3441 1537 quem'dtto

1932 1526 2184 1581 Ecclesia:
2221 1526 2473 1580 Romana:
2510 1523 2684 1579 clerici
2723 1523 3000 1586 rebellant,
3041 1534 3253 1593 propter
3287 1524 3443 1579 Judi-

1931 1605 2134 1651 catum.
2177 1597 2267 1650 Ill.
2315 1595 2530 1663 Vigilius
2573 1603 2876 1649 constanter
2915 1596 3082 1648 multa
3127 1595 3346 1663 patitur,
3392 1602 3440 1648 et

1933 1683 2155 1736 censura
2200 1661 2434 1736 percellit
2482 1665 2790 1736 imperatori
2836 1665 3083 1736 faventes.
3114 1661 3442 1736 _lV._Synod_i

1938 1737 1993 1789 in
2023 1731 2259 1806 Illyrico,
2299 1735 2479 1806 Afrirq
2524 1731 2574 1806 et
2609 1734 2817 1787 Galliis.
2852 1733 2912 1787 V.
2945 1731 3438 1806 Synodusjllyrici.

1942 1807 2028 1860 VI.
2059 1802 2269 1873 ATricw.
2302 1807 2411 1858 VII.
2441 1803 2603 1873 Cujus
2628 1806 2880 1872 primates
2906 1802 3158 1856 vocemur
3183 1802 3445 1857 Constan-

1937 1872 2231 1945 tinopOlim.
2281 1875 2416 1929 Vlll.
2470 1872 2711 1941 synodus
2759 1872 3144 1942 Mopsuestena,
3182 1874 3238 1927 in
3279 1888 3441 1927 causa

1936 1945 2189 2000 Theodori
2217 1961 2279 1999 ea:
2307 1944 2561 2000 divtucltis
2592 1944 2857 2000 emuncti.

1993 1959 2188 1999 teoaort
2217 1961 2279 1999 ea:
2307 1959 2561 2015 atptycms
2592 1959 2857 2013 expuncu.

2275 2048 2351 2100 Ab
2375 2061 2505 2097 anno
2528 2048 2705 2098 Christi
2728 2046 2820 2096 διε
2848 2045 2908 2095 ad
2926 2047 3034 2096 553.
3124 2107 3147 2118 κ

1936 2156 1974 2210 1.
2002 2156 2138 2211 Cum
2176 2155 2353 2209 tribus
2376 2156 2488 2209 fere
2522 2162 2646 2224 post
2673 2153 2954 2207 mensibus
2976 2152 3233 2223 periisset
3258 2152 3441 2208 Theo-

1863 2248 1996 2304 dora
2030 2250 2120 2303 lue
2156 2246 2362 2312 cancri,
2395 2247 2562 2316 cmpit
2601 2246 2754 2301 orbis
2793 2246 3102 2310 universus,
3132 2246 3289 2316 quasi
3322 2262 3442 2302 ma-

1862 2341 2010 2412 ligno
2043 2339 2327 2395 morientis
2358 2339 2555 2410 spiritu
2590 2339 2824 2402 aﬁlatus,
2858 2338 2914 2392 in
2947 2338 3227 2409 Vigilium,
3258 2345 3444 2408 spreta

1863 2432 2010 2487 sedis
2037 2431 2354 2500 apostolicae
2382 2428 2715 2493 reverentia,
2746 2427 3009 2483 insanire.
3038 2427 3173 2482 Nam
3204 2427 3443 2497 impera-

1862 2531 1950 2579 tor
1984 2524 2105 2578 dira
2143 2538 2377 2593 quaeque
2411 2520 2681 2595 minatur;
2729 2520 2860 2587 nisi,
2883 2519 3140 2575 cautione
3178 2518 3443 2585 detracta,

1860 2618 2170 2673 Judicatum
2200 2616 2269 2671 ad
2294 2615 2529 2671 formam
2561 2613 2728 2669 edicti
2759 2613 2989 2669 reficiat.

1934 2711 1999 2765 ll.
2036 2711 2261 2781 lpsimet
2293 2709 2526 2765 comites
2561 2706 2747 2778 Vigilii
2785 2714 2949 2776 atque
2989 2703 3299 2769 domestici,
3325 2704 3445 2759 ani-

1864 2800 1970 2856 mis
2023 2816 2124 2871 pro
2173 2808 2420 2869 tempore
2472 2797 2856 2863 commutatis,
2907 2794 3245 2860 Judicatum,
3298 2794 3446 2865 quod

1865 2893 2031 2962 paulo
2060 2900 2187 2947 ante
2212 2890 2572 2947 laudaverant
2598 2897 2659 2944 ut
2682 2888 2928 2961 prudens
2952 2887 3080 2943 mali
3118 2886 3444 2951 remedium,

1867 3000 1993 3040 mox
2022 2984 2317 3039 traducunt
2343 2992 2600 3052 tanquam
2625 2989 2870 3052 apertam
2902 2978 3026 3035 ﬁdei
3056 2978 3443 3049 proditionem.

1866 3076 2064 3131 Clerici
2092 3076 2204 3129 duo
2226 3074 2484 3129 Ecclesia:
2512 3075 2792 3139 Romanae,
2821 3071 3079 3127 Rusticus
3096 3079 3154 3124 et
3175 3068 3448 3124 Sebastia-

1865 3182 1989 3227 nus,
2018 3180 2254 3234 quorum
2284 3178 2429 3218 unus
2462 3162 2741 3233 pontiﬁcis
2773 3177 2842 3216 ex
2878 3160 3046 3214 fratre
3074 3169 3265 3227 nepos,
3297 3156 3447 3211 ludi-

1866 3258 1970 3309 εριιὶ
2007 3255 2253 3325 exempla
2287 3253 2580 3324 perﬁdiose
2617 3240 2863 3323 vulgdnt,
2893 3250 3226 3318 mittuntque
3259 3247 3313 3301 in
3345 3245 3448 3302 0c-

1865 3348 2139 3402 cidt-ntem
2200 3347 2268 3401 ad
2333 3343 2709 3401 sollicitandos
2761 3341 2995 3397 animos.
3053 3338 3185 3395 Inde
3241 3335 3445 3402 Africa,

1866 3437 2052 3502 Italia,
2099 3438 2313 3503 Galliae,
2360 3436 2669 3507 Illyricum,
2717 3430 3016 3496 Dalmatia,
3060 3428 3289 3498 aliaeque
3323 3438 3450 3498 pro-

1866 3531 2058 3584 vim-im
2089 3536 2508 3585 commoventur
2539 3528 2595 3582 in
2626 3525 2905 3597 Vigilium,
2941 3536 3181 3592 eumque
3218 3519 3448 3591 proditas

1869 3623 1993 3676 tidri
2034 3632 2128 3676 aut
2165 3628 2444 3685 accusant,
2477 3627 2573 3674 aut
2611 3632 2766 3672 reum
2802 3622 3090 3687 peragunt.

1939 3718 2025 3771 Ill.
2064 3716 2193 3783 Qua:
2222 3722 2344 3785 post
2374 3720 2580 3768 tantam
2621 3708 3044 3767 commotionem
3086 3718 3276 3763 secuta
3315 3704 3445 3770 sint,

1867 3825 2098 3879 qmeqne
2124 3807 2367 3877 pontifex
2390 3814 2485 3860 aut
2506 3803 2682 3874 egerit
2706 3802 2858 3873 pacis
2881 3800 3085 3865 studio,
3107 3806 3202 3853 aut
3227 3813 3256 3852 a
3280 3796 3449 3852 Justi-

1868 3905 2034 3956 niano
2086 3908 2375 3968 tyrannum
2423 3896 2615 3951 induto
2645 3908 2842 3964 passus
2884 3891 2957 3947 sit
2982 3891 3062 3957 ";
3092 3904 3200 3960 qua
3238 3887 3448 3943 ratione

1864 3997 1971 4062 jam
2010 3993 2283 4064 pmnitens
2322 3990 2389 4043 de
2431 3987 2584 4042 irrita
2617 3983 3046 4056 dispensatione,
3080 3981 3326 4036 Judicato
3364 3992 3451 4034 re-

1870 4096 2050 4155 cepto,
2087 4082 2311 4137 redierit
2345 4080 2412 4134 ad
2455 4077 2743 4149 pristinam
2783 4075 2950 4130 trium
2989 4072 3228 4143 capitum
3257 4072 3274 4089 '
3304 4069 3448 4125 inte-

1870 4191 2018 4244 gram
2043 4171 2448 4235 defensionem;
2475 4165 2751 4237 quomodo
2779 4163 3109 4233 templorum
3134 4159 3284 4231 asylo
3307 4158 3449 4213 tueri

1871 4283 1949 4329 se,
1984 4266 2217 4333 fugaque
2250 4270 2307 4316 et
2341 4259 2597 4315 altarium
2628 4254 2917 4325 complexu
2958 4260 3179 4307 coactus
3206 4250 3309 4315 sit;
3342 4264 3449 4319 qua

1872 4361 2106 4415 militum
2150 4355 2352 4411 ferocia
2381 4369 2412 4408 a
2446 4366 2599 4407 sacra
2628 4362 2816 4403 mensa
2857 4344 3025 4400 fuerit
3056 4343 3303 4406 avulsus;
3343 4355 3451 4410 qua

211 4444 295 4500 fuit
324 4457 502 4501 tamen
529 4462 631 4501 cur
653 4454 1117 4511 commoveretur,
1152 4446 1341 4500 audito
1378 4445 1611 4498 Judirati
1659 4461 1761 4498 no-
1796 4469 1838 4522 υ
1875 4448 2131 4503 ﬁrmitate
2165 4445 2334 4501 animi
2363 4451 2420 4499 et
2441 4440 2795 4497 Theodorum
2819 4435 3211 4494 Caesariensem
3240 4440 3296 4487 et
3322 4446 3451 4485 suos

213 4540 373 4595 mine:
426 4539 535 4595 hoc
585 4540 739 4595 enim
784 4538 1026 4609 Vigilius
1065 4554 1265 4592 nomen
1315 4539 1522 4607 scripto
1567 4547 1766 4607 praeter

212 4647 393 4687 morem
432 4632 643 4689 fecerat
667 4673 683 4699 ,
739 4647 852 4702 quo
890 4638 1102 4686 vetaret
1139 4646 1471 4702 quemquam
1518 4630 1764 4693 credere,

213 4723 503 4794 synodicam
526 4738 651 4780 esse
700 4722 1103 4786 deﬁnitionem,
1129 4721 1223 4777 sed
1255 4722 1527 4791 privatum
1572 4720 1768 4774 dunta—

214 4822 290 4867 xat
314 4814 721 4886 prejudicium.
1224 4816 1229 4820 ’

266 4905 655 4962 Continebatur
671 4904 924 4962 ludicato
961 4905 1127 4959 trium
1158 4903 1399 4974 capitum
1449 4903 1759 4957 damnatio:

218 4995 416 5053 sedhac
440 4998 722 5065 cautione,
759 5005 825 5052 ut
856 4996 926 5051 de
954 4996 1210 5066 personis
1254 4996 1536 5059 sileretur,
1588 5006 1643 5049 et
1678 4995 1765 5048 in-

222 5097 350 5160 tegra
406 5099 590 5146 essent
631 5088 830 5162 synodi
894 5096 1119 5144 statuta.

274 5178 453 5237 Cautio
495 5181 870 5237 Iustinianum
916 5178 1184 5245 Offendit,
1217 5164 1500 5234 damnatio
1570 5178 1767 5242 bonos,

227 5281 426 5345 utraque
456 5274 754 5347 Augustam
778 5289 845 5328 ac
877 5271 1202 5342 Acephalos.
1251 5272 1648 5343 Indignabatur
1677 5271 1770 5326 Ju-

231 5361 457 5422 stinianus
491 5368 758 5431 edictum,
797 5378 913 5437 quo
947 5362 1312 5418 invehebatur
1342 5363 1397 5416 in
1434 5362 1593 5432 235
1644 5378 1769 5431 per-

235 5472 375 5526 sonas,
432 5458 764 5532 reprehendi
802 5475 816 5511 :
859 5455 1120 5512 dolebant
1173 5455 1323 5519 boni,
1358 5453 1645 5508 remissum
1674 5453 1771 5506 ali-

1867 4542 2131 4596 diaconos
2175 4537 2345 4593 sacris
2397 4530 2775 4595 interdixerit,
2822 4527 3183 4593 Mennamque
3223 4530 3279 4577 et
3315 4520 3452 4574 alios

1866 4630 2155 4699 episcopos
2196 4627 2485 4697 ipsumque
2527 4620 2879 4685 Theodorum
2920 4616 2987 4670 ad
3023 4614 3239 4668 veniam
3279 4611 3453 4681 culpa:

1866 4720 2198 4777 exorandam
2245 4716 2520 4787 adegerit;
2567 4712 2700 4783 quid
2743 4724 2869 4764 cum
2918 4703 3259 4784 lllyricianis,
3293 4702 3455 4781 236

1868 4814 2048 4878 Afris,
2094 4811 2298 4875 Gallis,
2342 4805 2702 4863 oﬁ‘ensionem
2742 4800 2918 4871 passis
2957 4796 3218 4870 gesserit;
3253 4794 3455 4865 quibus

1869 4903 2163 4961 Justiniani
2199 4899 2457 4973 perjuriis
2496 4897 2688 4950 illusus
2725 4893 2816 4958 sit,
2853 4906 3071 4962 quaque
3117 4888 3285 4945 animi
3325 4902 3455 4941 con-

1873 4997 2093 5059 stantia,
2124 5004 2315 5063 etquo
2340 4991 2465 5045 vitae
2494 4992 2809 5056 contemptu
2851 4983 3014 5038 morti
3054 4998 3155 5053 pro
3192 4979 3454 5048 religione

1875 5105 1933 5142 se
1974 5064 2279 5149 obtulerit;
2316 5095 2476 5151 quam
2514 5080 2767 5133 luctuosa
2802 5075 3042 5145 denique
3073 5070 3242 5127 fuerit
3281 5083 3455 5123 anno—

1874 5193 1998 5232 rum
2027 5185 2264 5246 quatuor
2292 5170 2521 5227 historia
2550 5187 2563 5223 :
2590 5176 2776 5224 narrat
2808 5168 2924 5238 ipse
2954 5163 3203 5237 pontifex
3226 5162 3279 5216 in
3311 5160 3450 5213 litte-

1876 5270 1971 5333 ris,
2003 5267 2207 5337 quibus
2242 5263 2435 5334 partim
2475 5260 2824 5316 Theodorum
2849 5259 3217 5325 diaconosque
3239 5266 3447 5308 excom-

1878 5358 2152 5420 municat,
2216 5354 2435 5425 partim,
2476 5351 2842 5406 communiter
2884 5346 3207 5407 Ecclesiam,
3250 5342 3455 5397 amicos

1877 5452 2156 5522 privatim,
2193 5448 2260 5503 de
2296 5447 2409 5501 suis
2446 5445 2610 5499 rebus
2640 5443 2820 5498 docet.
2856 5441 3093 5495 Narrant
3133 5436 3295 5492 ctiam
3339 5434 3453 5487 cie-

1567 5588 1890 5643 δίῖιιυιιῑει
1932 5586 2157 5642 ΝΟΤᾹ⁴ἷ.

272 5696 372 5752 “In
404 5698 492 5754 lib.
529 5697 614 5752 Ad
640 5692 896 5748 Maria".
977 5691 1020 5722 ”
1055 5687 1245 5746 Paucis
1284 5704 1348 5745 ca
1414 5686 1731 5758 complexus
1766 5694 1845 5741 est
1890 5683 2205 5747 Carncrius,
2256 5697 2372 5751 quae
2428 5675 2744 5732 memoriam
2805 5669 2981 5742 Vigilii
3007 5667 3146 5723 male
3176 5664 3241 5719 ad
3271 5672 3450 5733 poste-

212 5781 279 5825 ros
299 5768 775 5829 commendarunt.
