3926 6216
504 326 603 393 IS?

1624 336 2000 398 GARNERII
2044 337 2536 400 DISSERTATIO
2577 337 2624 395 Ι.

3672 346 3780 408 188

497 439 600 497 rici
654 437 856 502 ltalize,
909 439 1110 494 libellis
1163 441 1236 494 ad
1286 441 1493 510 legatos
1547 440 1884 497 Childeberti
1939 447 2084 517 regis
2114 455 2153 508 Α
2185 445 2330 498 enim
2365 460 2490 513 pars
2523 458 2715 513 magna
2742 440 3070 496 miserabilis
3107 448 3430 504 conventus,
3462 441 3556 509 qui
3592 441 3780 496 donzi-

501 530 836 586 Francorum
865 531 1028 588 datis.

573 619 662 676 IV.
696 622 854 677 Hisce
881 622 1084 678 litteris
1104 623 1412 692 libellisque
1448 632 1684 688 constat,
1715 624 1784 679 ab
1806 627 2084 698 episcopis

499 714 722 785 Illyrici,
753 715 1052 769 Galliarum
1097 723 1153 768 et
1184 713 1380 770 Africae
1413 715 1651 787 synodos
1683 718 1990 774 celebratas
2027 721 2082 774 in

501 822 664 861 causa
710 807 874 861 trium
927 808 1201 877 capitum;
1254 807 1347 862 sed
1400 808 1455 862 in
1496 809 1565 864 iis
1612 811 1858 866 modeste
1905 811 2082 882 egisse

498 896 703 962 Gallos,
744 897 1061 952 iracundius
1103 898 1336 970 Illyrios,
1361 899 1522 955 Afros
1551 917 1650 970 pro
1689 904 1848 972 genio
1881 904 2078 974 gentis.

499 987 852 1044 Stomachum
897 989 1096 1059 Illyriis
1138 991 1332 1053 movit,
1369 992 1518 1061 quod
1558 1007 1684 1047 suas
1718 1009 1909 1062 preces
1939 995 2084 1064 Vigi-

499 1079 606 1134 lius
645 1079 893 1150 factaque
917 1081 1271 1150 precantibus
1316 1083 1585 1151 promissa
1625 1084 1899 1152 sprevisse
1931 1085 2083 1141 vide-

498 1179 652 1223 retur
685 1188 698 1224 :
727 1171 886 1226 Afros
909 1180 1106 1227 natura
1134 1173 1379 1228 fervidos
1400 1175 1654 1230 accendit
1680 1175 1919 1230 Facundi
1949 1177 2083 1233 alio-

497 1275 730 1332 rumque
778 1264 992 1329 relatio,
1046 1281 1156 1319 non
1205 1266 1434 1336 simplex
1482 1277 1540 1322 et
1580 1267 1816 1332 sincera,
1859 1269 1978 1333 sed,
2023 1280 2084 1323 ut

494 1351 637 1406 solet
670 1353 741 1406 ab
771 1354 943 1418 iratis,
975 1355 1302 1410 invidiosius
1339 1355 1545 1425 scripta
1581 1374 1593 1409 :
1627 1355 1900 1411 Gallorum
1941 1367 2084 1411 tem-

497 1446 746 1513 perantia
775 1461 841 1498 ex
867 1461 935 1500 eo
959 1447 1160 1509 elucet,
1189 1447 1335 1517 quod
1371 1447 1439 1502 de
1471 1447 1604 1517 ipsis
1629 1447 1868 1517 capitum
1895 1449 2083 1503 defen-

497 1545 652 1586 sores
684 1534 820 1587 nihil
863 1535 1141 1590 memoriae
1184 1536 1552 1606 prodiderint,
1586 1537 1854 1607 prodituri
1891 1542 2080 1608 procul

499 1623 689 1689 dubio,
714 1624 760 1678 si
794 1625 924 1694 quid
963 1627 1220 1684 acerbius
1249 1638 1462 1698 gestum
1493 1638 1656 1684 esset.

569 1716 647 1770 De
695 1716 992 1772 Galliarum
1043 1719 1252 1790 synodo
1290 1721 1456 1776 silent
1499 1722 1763 1790 temporis
1803 1730 2076 1786 auctores,

494 1820 600 1860 nec
649 1807 786 1860 certi
837 1808 1136 1878 quidquam
1186 1811 1327 1865 scire
1373 1811 1533 1877 licet,
1578 1814 1693 1869 sive
1740 1832 1808 1870 ex
1855 1816 2074 1882 litteris,

495 1908 633 1964 quas
673 1895 998 1951 Aurelianus
1032 1897 1388 1962 Arelatensis,
1421 1901 1516 1970 qui
1557 1904 1824 1973 synodum
1861 1906 2074 1972 habuit,

495 2000 594 2054 per
632 1973 978 2041 Anastasium
1024 1988 1176 2043 dedit
1216 1990 1284 2044 ad
1334 1992 1671 2060 pontiﬁcem,
1730 1997 1843 2052 sive
1889 2014 1954 2052 ex
1996 2015 2080 2054 re-

493 2077 699 2147 scripto
726 2079 1001 2147 pontiﬁcis
1032 2099 1044 2135 :
1081 2099 1205 2136 nam
1236 2083 1520 2153 perierunt
1548 2085 1827 2144 Aureliani
1858 2091 2076 2158 litterae,

493 2174 551 2220 et
593 2182 916 2236 responsum
965 2170 1271 2239 pontiﬁcis,
1325 2173 1472 2241 quod
1522 2175 1778 2240 habetur.
1827 2195 1894 2234 ex
1942 2196 2080 2249 pra:-

494 2258 699 2327 scripto
736 2257 1053 2314 Graecorum
1097 2261 1410 2317 confectum
1455 2263 1646 2332 fuisse,
1685 2269 1852 2324 Italia
1893 2270 2079 2326 clerici

493 2362 849 2420 queruntur:
886 2353 1161 2421 conjicere
1206 2362 1386 2409 tamen
1429 2372 1497 2411 ex
1541 2373 1803 2428 responso
1850 2361 1932 2416 fas
1972 2371 2076 2428 est,

495 2443 680 2496 missis
724 2457 754 2496 a
788 2443 1016 2496 Rustico
1053 2451 1110 2498 et
1145 2443 1470 2502 Sebastiano
1508 2448 1562 2502 in
1595 2449 1798 2506 Gallias
1835 2453 2078 2522 scriptis,

493 2542 746 2587 vocatum
779 2534 946 2588 fuisse
973 2535 1228 2606 Vigilium
1256 2537 1310 2591 in
1338 2540 1708 2609 suspicionem
1733 2554 2077 2614 Oppugnatae,

493 2639 605 2678 non
645 2624 1109 2681 Chalcedonensis
1157 2635 1391 2695 tantum,
1436 2632 1532 2685 sed
1581 2634 1746 2686 etiam
1791 2635 2082 2705 Ephesinae

493 2717 711 2787 synodi,
748 2719 856 2772 imo
892 2729 950 2774 et
985 2721 1232 2790 epistola:
1269 2721 1472 2776 Leonis
1510 2724 1577 2777 ad
1617 2725 1932 2780 Flavianum
1967 2744 1980 2780 :
2024 2727 2079 2781 in

492 2807 600 2862 hoc
630 2810 779 2864 enim
807 2812 1040 2866 crimine
1073 2814 1407 2868 removendo
1432 2823 1579 2871 totus
1599 2826 1702 2872 est.
1728 2819 1865 2874 lllud
1897 2828 2079 2875 autem

492 2897 728 2951 nefanda
770 2898 958 2954 fraude
989 2902 1241 2957 scelerati
1278 2903 1532 2960 homines
1570 2909 1906 2976 persuadere
1933 2912 2079 2967 nite-

491 2987 712 3053 bantur,
746 2999 876 3045 tunc
904 3009 1029 3047 cum
1059 2993 1364 3050 Judicatum
1405 2997 1457 3051 in
1501 3001 1812 3068 provincias
1851 3003 2080 3060 missum

490 3075 780 3132 laudarent
826 3096 839 3132 :

491 3185 618 3223 nem
658 3171 905 3227 criminis
949 3189 1012 3228 ea
1062 3183 1256 3244 parte,
1297 3195 1406 3247 qua
1452 3182 1786 3250 parcebatur
1829 3187 2081 3254 personis

491 3261 825 3317 Theodoreti
877 3273 935 3318 et
975 3265 1113 3331 lbae;
1163 3267 1457 3325 artificiose
1496 3271 1643 3326 enim
1687 3274 1959 3342 parcitum
1996 3275 2078 3330 id-

492 3353 663 3417 circo,
704 3354 849 3422 quod
877 3363 1109 3424 uterque
1150 3357 1470 3413 crederetur
1502 3377 1532 3413 a
1572 3362 1788 3432 Vigilio,
1821 3381 1930 3418 non
1960 3365 2080 3420 sine

489 3443 634 3515 justa
679 3459 861 3505 causa,
905 3453 961 3497 et
997 3444 1353 3502 Theodorum
1394 3452 1830 3519 commendasse,
1875 3465 1933 3510 et
1980 3456 2082 3528 Cy-

495 3533 680 3587 rillum
715 3535 1026 3590 damnasse.

565 3625 629 3677 γ.
665 3626 740 3679 De
780 3626 1124 3697 Illyricorum
1165 3639 1440 3685 conventu
1478 3632 1530 3686 id
1563 3634 1724 3689 tradit
1754 3637 1940 3691 Victor
1969 3639 2081 3693 Tu—

495 3715 758 3769 nonensis
794 3734 808 3769 :
847 3735 865 3767 ‹
897 3717 1022 3772 Post
1053 3719 1404 3776 consulatum
1435 3722 1617 3776 Basilii
1653 3725 1757 3778 viri
1792 3727 2081 3782 clarissimi

495 3822 640 3861 anno
665 3823 737 3870 Ix,
770 3808 1136 3880 lllyrieianam
1166 3811 1434 3882 synodum
1468 3814 1522 3868 in
1559 3815 1879 3872 defensione
1917 3819 2081 3874 trium

495 3900 735 3968 capitum
769 3901 1082 3955 Justiniano
1117 3901 1366 3973 Augusto
1403 3906 1708 3976 scripsisse,
1745 3919 1800 3963 et
1834 3910 2080 3966 Benena-

497 3999 612 4044 tum
644 3991 834 4060 primze
860 3993 1180 4049 .lustiniana:
1208 3995 1526 4067 episcopum
1549 3998 1968 4056 obtrectatorem
1991 4019 2083 4058 eo-

497 4082 749 4137 rumdem
780 4084 942 4138 trium
971 4087 1210 4154 capitum
1239 4089 1654 4144 condemnasse.
1692 4111 1709 4141 ι
1743 4092 1937 4149 Annus
1967 4095 2080 4162 ille,

497 4188 661 4242 quem
696 4188 846 4229 more
877 4190 978 4229 suo
1011 4191 1218 4232 nonum
1259 4186 1436 4244 vocat,
1467 4188 1523 4234 et
1561 4180 1615 4233 in
1656 4197 1766 4250 quo
1806 4183 2080 4241 Theodori

495 4265 710 4320 obitum
743 4266 930 4331 refert,
972 4267 1150 4338 reipsa
1185 4278 1411 4326 octavus
1446 4270 1570 4336 fuit,
1603 4289 1710 4341 qua
1748 4275 1959 4330 ratione
1989 4277 2081 4333 alii

499 4372 793 4412 numerare
842 4359 1052 4422 solent,
1101 4368 1267 4429 atque
1314 4361 1389 4416 ita
1430 4361 1902 4432 quingentesimus
1944 4382 2081 4436 qua-

887 3079 1108 3135 aiebant
1156 3083 1426 3153 siquidem
1468 3087 1741 3144 contineri
1777 3093 2077 3148 convictio-
2106 3116 2148 3173 ο

2185 536 2303 589 nari
2339 535 2511 589 voluit
2539 535 2592 588 in
2628 543 2790 604 caput
2821 535 3091 588 universae
3119 533 3395 588 Ecclesiae.
3436 551 3452 585 ι
3491 533 3619 588 Post
3638 550 3778 589 con-

2184 625 2422 680 sulatum
2469 625 2673 687 Basilii,
2704 623 2904 693 inquit,
2932 623 3038 678 viri
3060 623 3349 678 clarissimi
3375 638 3505 676 ann.
3534 639 3588 684 ι,
3619 623 3781 678 Afri-

2185 717 2307 772 cani
2343 717 2617 772 antistites
2646 716 2904 786 Vigilium
2934 716 3242 770 Romanum
3273 715 3591 784 episcOpum
3617 715 3783 770 dam-

2184 815 2434 863 natorem
2475 809 2643 863 trium
2681 808 3046 878 capitulorum
3075 806 3412 878 synodaliter
3439 821 3468 860 a
3493 805 3781 862 catholica

2185 901 2594 965 communione,
2635 909 2916 955 reservato
2953 900 3006 954 ei
3045 898 3385 970 pamitentia:
3411 899 3553 963 loco,
3590 899 3784 954 reclu-

2183 991 2356 1056 dunt;
2389 998 2447 1045 et
2477 1006 2579 1060 pro
2612 991 2930 1046 defensione
2971 999 3394 1046 memoratorum
3425 991 3593 1045 trium
3621 992 3783 1060 capi-

2182 1084 2425 1136 tulorum
2474 1083 2689 1136 litteras
2733 1082 2866 1136 satis
2915 1082 3140 1136 idoneas
3178 1082 3488 1137 Iustiniano
3526 1081 3783 1152 principi

2182 1187 2282 1242 per
2305 1172 2616 1243 Olympium
2645 1171 3056 1242 Magistrianum
3084 1172 3331 1226 mittunt.
3366 1191 3384 1223 ι

2257 1259 2550 1328 Postquam
2593 1273 2660 1314 eo
2693 1274 2869 1328 usque
2901 1259 3136 1346 vesaniae
3175 1259 3416 1314 Africam
3458 1259 3592 1315 falsa
3640 1260 3783 1314 reli-

2182 1351 2362 1421 gionis
2396 1351 2590 1406 umbra
2644 1351 2954 1421 mentisque
2986 1353 3202 1406 caecitas
3232 1352 3468 1421 impulit,
3499 1352 3783 1407 Constan-

2184 1441 2411 1511 tinopoli
2445 1442 2756 1506 Facundus,
2783 1442 2964 1512 specie
2984 1443 3354 1512 respondendi
3376 1443 3623 1498 Mociano
3647 1444 3784 1499 cui-

2183 1530 2308 1585 dam
2335 1540 2668 1586 conventum
2699 1531 2964 1602 culpanti,
2995 1531 3172 1600 reipsa
3197 1532 3252 1585 in
3280 1531 3536 1602 Vigilium
3565 1531 3779 1588 acerbe

2184 1618 2344 1672 simul
2385 1628 2440 1674 et
2486 1620 2826 1675 calumniose
2876 1622 3128 1676 invectus
3172 1630 3291 1686 est,
3343 1621 3550 1692 scripto
3591 1621 3774 1687 libro,

2184 1724 2294 1777 quo
2338 1710 2522 1765 nullus
2562 1722 2658 1767 aut
2702 1711 3030 1767 virulentior
3066 1727 3188 1767 esse
3221 1722 3404 1782 queat,
3442 1722 3538 1768 aut
3582 1714 3779 1784 impu—

2111 1779 2153 1837 Β
2181 1797 2420 1854 dentior.

2252 1891 2308 1944 Id
2353 1907 2484 1945 vero
2533 1893 2764 1947 maxime
2807 1895 2861 1946 in
2908 1909 2976 1947 eo
3022 1893 3320 1950 defendere
3353 1895 3570 1958 nititur,
3614 1896 3776 1965 quod

2181 1980 2560 2038 incredibilem
2609 1984 2844 2039 habebat
2890 1985 3176 2046 invidiam,
3221 2003 3492 2041 summum
3545 1987 3782 2057 pontiﬂ~

2181 2088 2299 2126 cem
2346 2074 2414 2128 ab
2455 2074 2733 2130 Africanis
2786 2079 3172 2132 communione
3231 2095 3340 2132 non
3392 2094 3514 2134 esse
3573 2082 3780 2136 exclu-

2181 2183 2347 2221 sum:
2378 2168 2665 2224 contendit
2702 2170 2850 2223 enim
2891 2186 2920 2223 a
2959 2171 3140 2240 seipse
3184 2173 3490 2237 exclusum,
3528 2189 3654 2228 cum
3716 2175 3782 2231 in

2179 2260 2426 2315 Judicalo
2457 2277 2559 2316 suo
2593 2263 2884 2316 anathema
2924 2263 3156 2328 diceret,
3192 2274 3253 2320 ut
3285 2265 3400 2334 ipse
3429 2266 3654 2336 quidem
3689 2269 3785 2322 in-

2183 2360 2537 2422 terpretatur,
2575 2353 2831 2409 Patribus
2859 2353 3204 2410 Chalcedone
3241 2358 3604 2428 congregatis,
3641 2360 3783 2414 toti-

2181 2459 2288 2514 que
2322 2444 2580 2500 Ecclesiaa
2609 2446 2912 2509 catholicae,
2938 2457 3104 2516 atque
3135 2449 3273 2502 adeo
3297 2449 3586 2506 Africanae.

2253 2534 2380 2588 Post
2400 2535 2570 2589 multa
2601 2535 2769 2604 igitur
2804 2535 3134 2606 impotenter
3160 2539 3372 2594 ell'utita
3407 2565 3421 2592 .-
3464 2560 3482 2592 ι
3512 2541 3657 2605 limo,
3690 2544 3781 2597 in-

2181 2624 2322 2693 quit,
2358 2623 2692 2690 sullicerent,
2729 2627 2772 2680 si
2805 2627 3128 2694 adversarii,
3158 2647 3297 2700 quos
3329 2641 3386 2687 et
3415 2633 3530 2702 ipse
3559 2635 3779 2703 culpat.

2182 2731 2292 2770 non
2341 2716 2642 2772 inferentes
2683 2719 2975 2774 anathema
3019 2718 3455 2778 Chalcedonensi
3507 2726 3782 2791 concilio,

2182 2823 2362 2876 neque
2401 2809 2455 2862 in
2508 2823 2610 2862 nos
2651 2825 2864 2873 omnes,
2899 2812 2914 2830 ⁶
2961 2810 3055 2866 δρᾶ
3107 2811 3312 2882 aliquid
3351 2814 3614 2870 adversus
3648 2819 3783 2886 ejus

2182 2899 2559 2952 auctoritatem
2596 2908 2870 2970 gerentes,
2911 2901 3015 2970 ipsi
3045 2902 3229 2971 potius
3259 2920 3288 2957 a
3321 2904 3481 2958 nobis
3504 2905 3606 2959 sub
3636 2921 3786 2961 ana-

2184 2992 2423 3046 themate
2459 2993 2854 3047 damnarentur
2887 3012 2900 3046 :
2933 3011 3079 3049 nunc
3119 3004 3302 3049 autem
3343 2997 3450 3050 illis
3474 2997 3640 3067 impie
3674 3015 3781 3068 ge-

2184 3084 2452 3147 rentibus,
2483 3093 2540 3139 et
2571 3100 2672 3139 nos
2699 3100 2762 3140 ac
2789 3085 2979 3140 Patres
3013 3097 3232 3143 nostros
3260 3089 3782 3144 anathematizanti-

2183 3172 2307 3236 bus,
2349 3188 2578 3242 seseque
2625 3189 2724 3243 per
2766 3174 2871 3228 hoc
2913 3175 3207 3233 anathema
3248 3178 3666 3248 segregantibus
3705 3181 3783 3233 ab

2184 3266 2438 3320 universa
2467 3265 2672 3320 Christi
2713 3266 2986 3332 Ecclesia;
3023 3283 3125 3322 nos
3162 3267 3257 3337 qui
3289 3269 3402 3322 Deo
3436 3279 3682 3339 regente,
3720 3272 3782 3326 in

2182 3367 2410 3428 paterna
2447 3357 2719 3413 sententia
2761 3367 2818 3413 et
2858 3360 3248 3415 communione
3279 3371 3615 3430 perstamus;
3647 3379 3780 3428 nos,

2183 3451 2426 3520 inquam,
2456 3449 2510 3503 in
2536 3451 2779 3505 Ecclesia
2799 3453 3108 3516 constituti,
3129 3453 3218 3510 cui
3249 3453 3508 3508 dixerunt
3537 3455 3784 3512 anathe-

2182 3555 2290 3603 ma,
2306 3539 2599 3594 statuimus
2618 3539 2924 3594 secundum
2937 3541 3263 3598 Christiana:
3281 3544 3562 3615 religionis
3580 3545 3786 3600 obser-

2182 3632 2444 3697 vantiam,
2461 3648 2570 3684 non
2589 3633 2998 3687 communicare
3018 3634 3087 3688 ab
3099 3633 3341 3690 Ecclesia
3359 3636 3739 3706 segregans".
3754 3658 3774 3689 ι

2253 3721 2393 3789 Quid
2445 3724 2601 3793 plura
2649 3723 2922 3793 proferam
2973 3741 3040 3778 ex
3091 3726 3254 3791 libro,
3290 3743 3401 3796 quo
3451 3744 3562 3781 uno
3605 3729 3788 3783 colle-

2183 3821 2326 3870 ctam
2361 3813 2652 3894 duodecim
2682 3815 2808 3870 aliis
2841 3816 3107 3872 doctrinm
3149 3826 3314 3886 atque
3347 3819 3512 3872 etiam
3548 3819 3785 3888 pietatis

2194 3905 2392 3960 famam
2441 3905 2936 3976 inquinavit?Qu:e
2985 3906 3200 3962 felicior
3238 3909 3561 3968 exstitisset.
3604 3917 3784 3980 atque

2183 3995 2348 4051 etiam
2393 3995 2736 4066 prudentior,
2776 3995 2821 4049 si
2867 3994 3154 4049 charitatis
3195 3995 3467 4064 impulsu,
3511 3995 3782 4065 Vigilium

2183 4096 2407 4142 secutus
2445 4086 2640 4141 fuisset
2672 4086 2987 4141 studentem
3032 4086 3175 4156 paci,
3219 4102 3321 4141 nec
3361 4087 3782 4144 Donatistarum

2185 4194 2338 4233 more
2369 4177 2610 4232 Africam
2642 4177 2764 4231 orbi
2793 4179 3145 4246 praetulisset.
3701 4228 3722 4240 ,

2254 4271 2368 4327 Vll.
2397 4272 2690 4340 Postquam
2721 4269 2968 4323 auditum
2993 4259 3076 4324 est
3108 4272 3160 4324 in
3189 4271 3326 4324 urbe
3361 4271 3508 4340 regia
3534 4271 3601 4326 de
3627 4271 3784 4327 Afri—

2184 4379 2319 4420 cana
2364 4361 2594 4434 synodo,
2641 4361 2894 4431 lectaque
2941 4362 3324 4430 episcoporum
3367 4362 3435 4416 ad
3479 4363 3784 4432 imperato-

495 4447 840 4519 dragesimus
881 4458 1109 4504 octavus
1154 4451 1396 4518 Christi,
1445 4453 1741 4509 Iustiniani
1787 4457 2082 4515 vicesimus
2114 4457 2158 4515 D
2189 4471 2302 4510 rem
2347 4454 2537 4508 relatio
2581 4468 2680 4521 per
2717 4452 3127 4523 Magistrianum
3167 4453 3354 4514 missa,
3395 4452 3601 4521 placuit
3642 4453 3783 4508 inde

496 4541 796 4605 secundus,
822 4558 851 4596 a
875 4541 1131 4596 Kalendis
1154 4542 1375 4613 Aprilis.
1405 4545 1633 4614 Oportet
1659 4547 1824 4616 igitur
1845 4549 2076 4620 Illyrios,

497 4632 679 4686 statim
711 4631 901 4686 audito
929 4633 1126 4686 nuntio
1159 4633 1226 4687 de
1259 4632 1494 4687 Judicati
1531 4635 1792 4692 missione
1832 4638 1899 4692 ad
1933 4640 2083 4694 Men-

499 4738 656 4787 nam,
703 4723 1050 4778 concurrisse
1091 4723 1158 4778 ad
1200 4724 1361 4794 237
1392 4726 1682 4796 synodum,
1744 4729 1862 4791 sed,
1907 4739 1964 4784 ut
1997 4741 2081 4786 est

498 4812 581 4865 ira
613 4828 855 4882 praeceps
883 4829 948 4867 ac
982 4814 1319 4878 turbulenta,
1353 4817 1693 4873 tumultuose
1725 4829 1778 4873 et
1815 4820 2080 4890 injuriosc

498 4917 615 4956 rem
663 4903 868 4972 egisse;
914 4920 1070 4969 nam,
1105 4915 1160 4960 et
1209 4906 1278 4960 ab
1330 4907 1485 4962 iratis
1528 4909 1802 4980 episcopis
1834 4929 2080 4968 summus

499 4993 748 5064 pontifex
784 4994 1005 5064 indigna
1043 5013 1236 5065 passus
1264 5006 1370 5064 est,
1405 5007 1461 5054 et
1488 5000 1798 5056 Bcnenatus
1831 5020 1859 5058 a
1888 5004 2079 5058 subdi-

499 5086 572 5140 tis
604 5085 927 5148 damnatus,
971 5095 1028 5141 et
1074 5086 1372 5158 imperator
1417 5092 1488 5146 ab
1535 5093 1762 5163 ingratis
1799 5096 1939 5150 male
1978 5097 2076 5151 lia-

499 5174 668 5229 bitus.

571 5267 659 5321 Vl.
692 5266 799 5322 Sed
827 5283 970 5322 anno
1000 5278 1263 5339 sequente
1288 5271 1505 5342 longius
1528 5274 1781 5330 Afrorum
1816 5278 2086 5346 impoten-

499 5361 572 5417 tia
608 5361 880 5430 prorupit,
909 5361 959 5416 id
991 5378 1143 5428 ausa,
1177 5364 1324 5434 quod
1355 5381 1384 5418 a
1421 5368 1639 5420 nomine
1668 5369 1934 5424 hactenus
1963 5380 2082 5424 ten-

497 5463 695 5506 tatum.
732 5453 926 5509 Narret
957 5455 1142 5509 Victor
1181 5456 1297 5526 ipse
1341 5457 1456 5512 suis
1500 5458 1708 5513 facinus
1752 5477 1940 5526 suum;
1979 5462 2085 5517 fuit

2187 4559 2418 4599 evocare
2449 4543 2756 4612 praecipuos
2784 4541 3067 4611 praesules,
3100 4541 3250 4594 velut
3277 4542 3342 4594 ad
3373 4541 3781 4597 meumcnicam

2186 4633 2476 4704 synodum.
2502 4632 2781 4686 Venerunt
2808 4630 3072 4700 primates
3102 4630 3268 4698 238
3303 4629 3435 4693 duo,
3467 4629 3785 4699 lleparatus

2187 4725 2692 4783 Proconsularium,
2725 4723 2942 4777 Firmus
2976 4721 3366 4786 Numidarum;
3406 4721 3605 4791 reliqui
3643 4739 3782 4792 pro—

2188 4815 2492 4870 vinciarum
2553 4815 2803 4869 seniores
2853 4814 3123 4868 miserunt
3175 4813 3400 4883 legatos.
3452 4811 3594 4878 Quid
3638 4830 3781 4866 vero

2183 4906 2658 4976 Constantinopoli
2694 4906 2928 4975 egerint,
2957 4921 3062 4976 qua
3092 4905 3393 4974 pertinacia
3424 4903 3650 4959 tulerint
3679 4905 3778 4958 alii

2185 5001 2400 5063 exsilia,
2432 5000 2523 5053 alii
2565 5015 2818 5053 carceres
2864 5014 2964 5068 pro
3008 4999 3186 5052 tribus
3227 4997 3504 5066 capitulis.
3535 5012 3642 5066 qua
3687 5013 3781 5050 ra-

2189 5091 2609 5162 tione,quidam,
2638 5090 2752 5143 sive
2778 5089 3038 5159 praemiis,
3071 5089 3184 5143 sive
3209 5088 3418 5143 sudium
3445 5085 3774 5155 cupiditate,

2187 5185 2515 5237 recesserint
2549 5181 2603 5235 in
2639 5190 2821 5250 partes
2849 5179 3167 5242 Iustiniani,
3207 5188 3392 5232 narrat
3435 5177 3623 5233 Victor
3662 5176 3781 5230 Tu-

2186 5275 2468 5338 nonensis,
2513 5291 2615 5327 nec
2651 5291 2708 5327 sc
2755 5272 3074 5326 illaudatum
3123 5283 3244 5326 esse
3287 5271 3448 5337 sinit;
3497 5269 3540 5324 si
3585 5286 3780 5326 tamen

2189 5367 2360 5436 ipsius
2382 5376 2466 5419 est
2493 5381 2619 5434 pars
2637 5373 2878 5417 extrema
2901 5351 3180 5426 Chronici,
3207 5363 3350 5432 quod
3372 5377 3481 5416 non
3516 5378 3663 5415 reor.

2263 5456 2393 5511 Vlll.
2428 5457 2564 5510 Dum
2603 5455 2719 5510 haec
2755 5454 2807 5508 in
2844 5453 3011 5508 variis
3041 5453 3229 5507 mundi
3276 5453 3528 5523 partibus
3569 5467 3782 5522 gerun-

1845 5597 2157 5655 SCHULZ'I
2194 5594 2422 5650 ΝΟΤΛί.

572 5677 617 5708 ⁹³
650 5681 1028 5756 Οιςαίῇαιὶοηρ,
1065 5695 1170 5756 etc.
1199 5684 1345 5739 llanc
1367 5686 1532 5739 animi
1570 5687 1843 5744 letitalem
1884 5701 2112 5746 testatur
2140 5691 2510 5751 Constitutmn,
2549 5687 2613 5741 de
2662 5701 2769 5756 quo
2801 5684 2905 5738 \‘l‘l.
2935 5697 3174 5751 sequens
3201 5689 3354 5751 caput
3400 5679 3478 5734 19.

512 5752 753 5809 facundi
781 5754 875 5813 lib.
910 5757 1040 5809 Ατιυ.
1091 5754 1408 5809 Mevianum.

3558 5679 3602 5711 "
3647 5679 3777 5736 \‘id.
