3926 6216
64 5217 68 5255 '1

132 303 233 371 [89

1321 318 1682 379 HISTORIA
1720 318 2224 382 TIIEODORETI.

3301 319 3402 388 I90

129 430 247 488 tur,
296 423 729 496 Mopsuestiam,
775 441 901 498 qua
947 429 1140 485 civitas
1184 427 1388 487 Cilicia
1435 430 1724 494 secunda,
1754 433 1800 488 Α
1828 445 2029 486 annum
2065 433 2188 498 490,
2217 433 2497 488 autetiam
2529 430 2653 496 480,
2681 432 3030 488 intercessit:
3062 447 3187 486 nam
3215 433 3398 490 Theo-

123 517 403 572 com'cnit
425 533 566 573 anno
590 518 715 585 550,
745 520 836 575 die
876 521 942 575 17
969 520 1138 586 Junii,
1163 522 1402 594 synodus
1429 521 1723 578 Iustiniani

125 607 340 666 litteris
383 621 609 666 evocata
657 629 671 666 :
726 613 1021 668 evocanda
1064 628 1227 668 causa
1279 629 1390 670 non
1443 615 1550 668 alia
1597 613 1720 678 fuit,

127 715 304 769 quam
347 711 419 758 ut.
477 702 779 774 provincia
831 705 1000 759 totius
1049 705 1439 775 seniorumque
1487 704 1727 759 civitatis

129 793 463 848 testimonio
491 802 790 856 constaret,
825 794 1173 850 Theodorum
1217 795 1559 865 Mopsuestia
1593 794 1724 848 olim

131 887 490 956 episcopum,
513 887 840 956 jamdudum
873 887 928 940 in
958 887 1072 957 ipsa
1100 902 1196 941 sua
1231 887 1477 942 Ecclesia
1500 886 1725 941 damna.

135 988 258 1032 tum
288 979 487 1043 fuisse,
526 979 760 1049 ideoque
785 995 854 1034 ex
881 979 1054 1034 sacris
1074 978 1346 1049 diptychis
1367 986 1720 1048 expunctum.

145 1068 207 1125 ιι]
230 1070 517 1141 satagebat
545 1071 867 1140 imperator,
907 1069 1101 1138 partim
1130 1077 1193 1122 ut
1217 1068 1556 1123 satisfaceret
1587 1081 1724 1137 pon-

162 1161 274 1215 tifici
310 1161 539 1232 neganti
581 1177 639 1217 se
673 1176 835 1231 posse
867 1159 1215 1216 Theodorum
1253 1159 1532 1223 damnare,
1566 1159 1724 1228 cujus

161 1255 204 1308 in
230 1254 494 1308 Ecclesia
523 1268 656 1323 pace
687 1252 935 1308 defuncti
979 1252 1242 1306 memoria
1276 1266 1344 1306 eo
1382 1265 1553 1320 usque
1585 1249 1725 1306 infa-

159 1352 285 1396 mata
313 1359 430 1397 non
458 1343 667 1409 fuerat;
695 1345 896 1412 partim
927 1349 988 1396 ut
1013 1340 1201 1406 edicti,
1238 1354 1348 1410 quo
1373 1339 1723 1394 Theodorum

158 1433 372 1503 perinde
411 1443 576 1503 atque
604 1431 896 1504 Origenem
931 1431 1329 1502 proscribebat,
1369 1430 1597 1484 formam
1628 1429 1724 1484 de-

155 1523 423 1589 fenderet;
457 1525 660 1594 partim
700 1525 837 1582 alias
873 1525 945 1580 ob
970 1539 1182 1588 causas,
1216 1538 1354 1594 quas
1381 1537 1482 1578 suo
1512 1523 1566 1577 in
1599 1521 1723 1578 loco

154 1615 531 1670 discussimus.

207 1707 525 1761 Adfuerunt
562 1721 756 1761 omnes
791 1707 1088 1777 provincia
1119 1705 1363 1778 episcopi
1389 1705 1456 1758 ".
1500 1703 1722 1760 Praefuit

152 1797 379 1855 Joannes
418 1797 719 1863 Anazarbi,
771 1814 866 1853 seu
912 1799 1410 1869 Justinianopoleos
1451 1797 1716 1851 antistes:

152 1893 314 1946 vocati
349 1907 550 1946 omnes
586 1891 656 1944 de
700 1891 870 1954 clero,
905 1891 1259 1961 senioresque
1285 1892 1608 1961 optimatum
1643 1889 1721 1944 ci-

155 1980 321 2036 titatis
344 2000 360 2035 :
385 1981 602 2051 prolata
617 1981 875 2052 diptycha
900 1981 1064 2037 trium
1089 1997 1348 2052 generum
1373 1996 1439 2035 ex
1465 1980 1721 2035 Ecclesia

149 2073 378 2129 cimelio.
417 2073 703 2138 Constitit,
751 2082 863 2128 tum
910 2073 1220 2128 testimonio
1260 2072 1562 2135 seniorum,
1604 2078 1719 2125 tum

151 2163 530 2235 diptychorum
576 2165 952 2235 inspectione,
1002 2179 1106 2219 nec
1169 2164 1501 2234 appellatum
1551 2162 1720 2216 fuisse

149 2262 258 2308 ante
307 2255 604 2321 sexaginta
653 2268 860 2317 annos,
905 2267 1008 2308 nec
1063 2252 1390 2322 inscriptum
1445 2249 1720 2322 diptycbis

151 2344 414 2400 Theodori
452 2353 681 2410 nomen,
726 2345 823 2400 sed
857 2345 978 2415 ejus
1005 2345 1124 2398 loco
1154 2344 1509 2399 substitutum
1543 2341 1720 2414 Cyril-

150 2434 248 2488 lum
274 2434 667 2490 Alexandrina
694 2433 952 2488 Ecclesia
977 2432 1282 2502 prasulem.
1311 2433 1387 2487 De
1417 2447 1476 2487 re
1502 2439 1610 2485 tota
1637 2447 1717 2486 re-

151 2524 305 2579 latmn
338 2532 426 2580 est
462 2523 744 2596 synodicis
781 2523 999 2587 litteris,
1033 2531 1091 2578 et
1122 2521 1189 2578 ad
1229 2522 1630 2592 imperatorem,
1665 2529 1724 2576 et

151 2619 207 2671 ad
241 2633 529 2672 summum
573 2613 894 2686 pontificem
931 2631 944 2668 :
986 2613 1038 2668 id
1078 2615 1224 2668 enim
1263 2614 1520 2667 tractoria
1550 2612 1721 2667 Justi-

149 2711 338 2767 nianus
364 2709 648 2779 expressis
675 2707 860 2762 verbis
889 2714 1134 2770 caverat,
1162 2720 1269 2774 qua
1296 2705 1408 2759 sive
1445 2712 1582 2768 arte,
1607 2703 1722 2758 sive

150 2804 354 2867 fraude,
385 2803 439 2857 id
479 2809 727 2865 cautum,
753 2799 887 2854 alias
910 2797 1281 2868 exposuimus.

204 2894 461 2950 Mirabile
509 2906 683 2963 porro
731 2899 817 2946 est
861 2890 1134 2960 primum,
1185 2888 1433 2944 seniores
1485 2891 1724 2948 civitatis

148 2988 371 3052 nescire,
400 3001 519 3057 quo
555 2994 805 3055 tempore
843 2983 1017 3038 deleri
1050 2996 1250 3036 nomen
1283 2982 1556 3037 Theodori
1593 2999 1724 3038 con-

1827 521 2071 585 doretus,
2095 524 2335 592 quandiu
2363 523 2516 586 vixit,
2541 538 2648 592 qua
2677 531 2797 576 erat
2824 522 2968 592 apud
2991 521 3188 578 Cilices
3211 534 3400 580 aucto-

1827 612 2010 677 ritate,
2041 628 2259 683 quoque
2300 629 2429 684 erga
2472 613 2822 668 Theodorum
2857 613 3062 680 studio,
3099 615 3400 672 obstitisset

1825 704 2027 757 acriter
2082 711 2190 757 tam
2243 705 2509 773 injurioso
2560 704 2823 759 adversus
2871 705 3108 760 amicum
3156 708 3396 762 conatui.

1823 794 1944 848 Non
1979 810 2109 864 ergo
2137 794 2413 865 diptychis
2445 794 2720 872 sublatum
2762 811 2963 850 nomen
3004 796 3278 852 Theodori
3315 809 3400 854 est

1825 893 1950 940 ante
1978 900 2180 940 annum
2214 886 2338 950 458,
2369 901 2548 956 neque
2580 885 2745 940 etiam
2781 895 2904 956 post
2937 887 3073 953 490;
3105 904 3230 942 nam
3261 889 3400 944 Mar-

1825 976 1998 1048 tyrius
2024 977 2332 1048 presbyter,
2358 977 2452 1047 qui
2484 979 2607 1049 jure
2643 977 3010 1048 interrogatus
3045 989 3150 1043 est,
3180 989 3400 1052 octoge-

1824 1070 2014 1123 narius
2040 1078 2159 1123 erat
2187 1084 2331 1123 anno
2357 1068 2480 1134 550,
2509 1084 2633 1123 cum
2669 1069 2723 1123 in
2758 1069 2968 1140 synodo
3011 1079 3305 1125 testaretur
3338 1088 3398 1127 se

1824 1168 1950 1214 ante
1986 1159 2264 1229 sexaginta
2292 1173 2467 1213 annos
2499 1158 2755 1213 Ecclesia
2786 1158 3179 1228 Mopsuestena
3217 1161 3397 1214 inser-

1824 1253 1943 1308 vire
1980 1253 2245 1324 coepisse,
2282 1268 2385 1308 nec
2417 1249 2693 1307 audivisse
2746 1266 3010 1321 unquam,
3049 1253 3194 1307 inter
3243 1269 3399 1319 sacra

1824 1345 2076 1417 diptycha
2105 1345 2356 1416 legenda,
2385 1345 2714 1416 appellatum
2750 1342 3048 1407 Theodori,
3082 1343 3176 1398 sed
3208 1343 3397 1414 Cyrilli

1824 1453 2053 1503 nomen;
2084 1440 2194 1491 imo
2218 1452 2342 1491 cum
2370 1451 2480 1491 non
2505 1435 2800 1490 admodum
2830 1449 3020 1488 recens
3043 1449 3164 1488 esse
3193 1433 3400 1488 debue-

1823 1530 1899 1584 rit
1937 1528 2162 1592 factum,
2197 1543 2307 1598 quo
2342 1535 2590 1598 tempore
2625 1543 2793 1583 senex
2819 1527 2910 1582 ille
2939 1527 2994 1580 in
3023 1525 3231 1581 clerum
3259 1528 3401 1582 asci-

1825 1628 1914 1673 tus
1947 1627 2052 1682 est,
2077 1619 2324 1688 alioquin
2363 1618 2431 1674 de
2468 1633 2526 1673 re
2563 1627 2715 1673 tanta
2751 1617 3006 1672 nonnihil
3041 1617 3305 1682 audisset,
3329 1617 3399 1671 ad

1823 1711 2146 1776 delendam,
2199 1719 2293 1766 aut
2353 1712 2546 1767 saltem
2613 1711 3010 1766 obscurandam
3077 1710 3398 1764 memoriam

1822 1818 1960 1874 opus
2003 1802 2109 1857 fuit
2159 1804 2344 1874 aliquo
2392 1813 2674 1873 tempore,
2713 1814 2845 1873 puta
2888 1802 3155 1858 decennio
3187 1819 3201 1873 ξ
3231 1810 3397 1871 atque

1822 1893 1896 1949 ita
1942 1894 2284 1964 probabilius
2332 1895 2470 1950 nihil
2513 1895 2622 1950 dici
2665 1901 2874 1964 potest,
2917 1907 3082 1963 quam
3125 1891 3396 1963 ejusmodi

1819 1987 2210 2042 obductionem
2237 1987 2434 2041 factam
2465 1994 2592 2042 ante
2623 2001 2825 2040 annum
2855 1985 2978 2038 480.
3008 1984 3114 2039 Sed
3139 1999 3250 2054 quo
3280 1993 3400 2037 tan-

1820 2077 1945 2132 dem
1981 2077 2156 2131 anno?
2191 2063 2311 2132 Non
2339 2076 2469 2140 alio,
2502 2075 2718 2144 opinor,
2756 2089 2918 2144 quam
2957 2090 3066 2143 quo
3101 2073 3399 2128 Basiliscus

1821 2168 2164 2240 tyrannidem
2189 2167 2478 2237 occupavit
2506 2167 2575 2238 (is
2595 2174 2679 2221 est
2702 2163 2850 2236 475),
2881 2181 3101 2235 quoque
3127 2165 3394 2226 edictum.

1820 2259 2086 2314 suadente
2131 2257 2410 2312 Zenonide
2457 2271 2650 2320 uxore,
2682 2255 2946 2310 adversus
2987 2253 3399 2310 Chalcedonen-

1821 2367 1935 2405 sem
1960 2349 2226 2422 synodum
2256 2349 2312 2402 in
2344 2347 2657 2419 provincias
2683 2347 2850 2401 misit.

1892 2442 2048 2508 Quod
2078 2441 2123 2496 si
2148 2456 2335 2495 verum
2365 2439 2512 2494 istud
2539 2447 2645 2502 est,
2675 2445 2736 2492 ut
2761 2445 2910 2491 certe
2935 2443 3178 2504 apparet,
3211 2434 3398 2496 mirari

1821 2533 2091 2602 quispiam
2146 2533 2270 2602 jure
2322 2536 2523 2599 queat,
2577 2526 3010 2598 improbissimas
3069 2525 3396 2580 feminarum

1823 2633 1935 2678 tres
1981 2634 2172 2678 contra
2215 2621 2565 2676 Theodorum
2615 2633 2921 2688 pugnasse,
2971 2633 3315 2687 pugnamque
3365 2633 3397 2672 a

1822 2716 2098 2770 Zenonide
2144 2714 2476 2776 inchoatam,
2508 2729 2538 2766 a
2583 2710 2871 2764 'I‘heodora
2915 2718 3243 2772 consertam,
3275 2723 3401 2778 per-

1822 2815 1996 2861 actam
2032 2804 2212 2874 Vigilii
2253 2802 2380 2857 odio
2421 2801 2490 2856 ab
2522 2802 2816 2864 Antonina,
2851 2799 3247 2853 famulantibus
3289 2800 3399 2853 sin-

1823 2898 2067 2968 gularum
2090 2895 2424 2964 impotentia
2448 2893 2655 2948 uxoriis
2679 2890 2910 2955 maritis,
2934 2891 3216 2954 Basilisco,
3234 2891 3402 2946 Justi-

1822 2989 2007 3050 niano,
2042 2996 2097 3041 et
2133 2985 2415 3040 Belisario.
2467 2984 2572 3038 Sed
2619 2984 2734 3036 hac
2773 2982 2926 3045 alias,
2969 2991 3028 3035 ut
3056 2980 3190 3045 dixi,
3222 2981 3400 3036 fusius

148 3079 350 3152 tigerit;
379 3078 587 3135 deinde
612 3076 827 3132 nullum
849 3074 906 3128 in
929 3072 1201 3145 diptychis
1228 3073 1407 3128 litura
1432 3075 1719 3144 vestigium
1747 3091 1789 3148 ο
1825 3079 2070 3149 exposita
2101 3086 2250 3132 sunt.

145 3171 430 3233 exstitisse,
466 3177 564 3223 aut
600 3168 646 3222 si
689 3167 813 3230 fuit,
854 3165 911 3219 in
945 3164 1077 3220 Acta
1114 3179 1226 3218 non
1268 3165 1499 3219 relatum
1527 3183 1541 3220 :
1568 3166 1722 3222 deni-

147 3281 240 3332 que
283 3263 558 3334 Cyrillum
611 3275 712 3330 pro
757 3257 1046 3313 Theodoro
1091 3257 1402 3311 suffectum.
1450 3257 1719 3324 Mirabile,

143 3354 380 3426 inquam,
427 3363 538 3414 est,
591 3368 717 3406 cum
757 3348 1052 3420 aliquando
1086 3348 1412 3404 Theodorus
1443 3350 1588 3405 inter
1635 3366 1723 3405 sa-

140 3464 224 3505 era
273 3447 541 3519 mysteria
595 3443 936 3515 coepiscopis
967 3451 1356 3496 annumeratus
1393 3443 1464 3497 sit
1503 3460 1514 3495 :
1545 3459 1724 3497 annu-

143 3542 457 3596 merabatur
537 3548 727 3600 certe,
784 3551 912 3590 cum
980 3535 1273 3590 Historiam
1343 3534 1724 3590 Theodoretus

140 3631 447 3685 absolveret
503 3642 654 3682 anno
702 3624 824 3689 450,
851 3622 1186 3692 summisque
1243 3623 1498 3679 laudibus
1540 3625 1723 3678 virum

140 3721 275 3776 fama
309 3721 593 3776 celebrem
626 3725 865 3771 ornaret.
895 3714 1180 3780 Quomodo
1213 3715 1382 3785 igitur
1412 3716 1548 3771 tanti
1579 3724 1722 3771 tam-

139 3828 239 3882 que
281 3813 582 3867 insolentis
627 3810 753 3865 facti
797 3809 946 3864 nulla
990 3809 1252 3864 remansit
1284 3809 1571 3873 memoria,
1601 3825 1725 3864 cum

139 3901 288 3957 orbis
325 3902 443 3958 fere
492 3903 665 3958 totius
711 3902 1106 3958 celeberrimus
1146 3902 1422 3971 interpres
1474 3898 1724 3970 Scriptu-

141 4008 212 4050 ra
274 4003 484 4050 sancta
558 3993 886 4050 Theodorus
960 3993 1205 4050 audiret?
1258 3991 1544 4059 Quomodo
1616 4001 1724 4046 tam

143 4089 378 4145 recentia
445 4089 679 4144 fuerunt
747 4088 1140 4158 Mopsuestena
1213 4086 1473 4142 Ecclesia
1545 4085 1724 4156 dipty-

143 4179 260 4244 cba,
294 4197 419 4251 qua
455 4181 512 4234 in
560 4180 985 4250 quibuseunque
1028 4180 1148 4234 aliis
1193 4178 1457 4234 Ecclesiis
1503 4186 1729 4248 propter

144 4281 473 4327 retustatem
529 4272 590 4326 in
641 4272 824 4342 pretio
875 4270 1253 4326 habebantur?
1297 4268 1583 4337 Quomodo
1627 4283 1726 4338 pa-

149 4364 513 4420 triarcharum
549 4380 715 4430 unus,
743 4373 799 4420 et
833 4365 888 4418 in
915 4363 1091 4418 aliena
1131 4363 1378 4426 dioecesi,
1400 4371 1454 4416 et
1484 4361 1726 4416 minores

147 4455 289 4511 inter
303 4459 605 4527 episcopos
634 4455 999 4511 censebatur?
1025 4454 1187 4525 239
1207 4453 1490 4520 Quomodo
1523 4451 1590 4506 ad
1617 4451 1722 4522 Cy-

147 4546 244 4600 rilli
287 4562 494 4601 nomen
548 4553 660 4599 tam
706 4545 969 4599 inusitato
1011 4544 1174 4599 modo
1219 4544 1506 4598 recitatum
1559 4557 1722 4597 nemo

150 4635 314 4704 hasit,
339 4647 399 4695 et
440 4638 666 4695 curiose
710 4653 908 4693 causas
936 4637 1082 4702 facti,
1106 4653 1215 4692 non
1253 4636 1545 4690 admodum
1573 4646 1723 4690 vete-

153 4728 240 4793 ris,
269 4729 559 4800 quaesivit?
593 4728 722 4783 Hac
761 4738 816 4782 et
852 4727 978 4793 alia,
1009 4735 1074 4780 ut
1109 4725 1521 4780 admirationem
1553 4726 1721 4780 vehe-

157 4825 416 4885 mentem,
492 4819 576 4874 sic
642 4817 967 4872 nonnullam
1044 4815 1442 4870 dubitationem
1501 4831 1723 4872 movere

158 4917 350 4978 queunt
387 4909 603 4965 homini
648 4924 760 4964 non
797 4907 1152 4962 vehementer
1191 4904 1438 4969 credulo,
1473 4921 1542 4960 ne
1584 4906 1726 4963 forte

163 4999 231 5064 id,
250 5002 508 5073 quidquid
535 5009 644 5065 est,
669 5001 892 5056 concilii
917 5015 947 5053 a
966 4997 1271 5054 Justiniano
1297 4996 1540 5067 pontifici
1575 4997 1726 5052 frau-

167 5090 270 5146 dem
301 5095 578 5160 moliente,
603 5093 978 5163 excogitatum
1012 5090 1102 5154 sit,
1130 5101 1186 5145 et
1223 5107 1321 5161 per
1360 5090 1726 5159 obsequentes

177 5183 422 5241 ministros
444 5194 758 5257 peractum.

229 5276 361 5342 Quod
385 5279 430 5334 si
455 5279 649 5334 nullus
678 5276 758 5330 sit
787 5272 1117 5328 dubitationi
1151 5273 1325 5338 locus,
1358 5281 1578 5343 oportet
1611 5289 1730 5326 mu-

179 5371 257 5423 tata
283 5370 436 5429 luisse
461 5370 736 5444 diptycba
762 5381 836 5422 eo
864 5366 1126 5435 temporis
1153 5366 1462 5432 intervallo,
1487 5366 1631 5436 quod
1661 5366 1730 5421 ab

74 5457 78 5532 ξ
175 5457 288 5517 obitu
312 5463 671 5528 Theodoreti,
692 5459 797 5530 qui
836 5457 1061 5528 contigit
1090 5475 1233 5513 anno
1265 5459 1366 5514 457
1395 5469 1488 5514 aut
1518 5458 1638 5524 .158,
1660 5457 1729 5512 ad

2404 3185 2631 3240 CAPUT
2667 3184 2810 3239 XIX.

1821 3282 1863 3337 I.
1903 3280 2124 3350 Vigilius
2163 3278 2415 3331 consentit
2456 3278 2519 3350 in
2549 3276 2949 3350 celebrationem
2992 3272 3216 3337 concilii,
3250 3273 3406 3350 modo

1893 3343 2004 3404 tot};
2041 3349 2122 3404 illi
2156 3365 2318 3401 causa
2356 3348 2714 3415 permittatur;
2755 3345 2892 3415 qyod
2924 3345 3214 3415 imperator
3237 3343 3401 3412 jura-

1893 3431 1975 3474 tus
2014 3419 2288 3489 promittit.
2331 3412 2396 3489 II.
2439 3416 2734 3489 Theodorus
2767 3412 3286 3489 Cup‘pndoaaauftor
3326 3420 3407 3465 est

1894 3481 2223 3560 imperatori,
2249 3495 2314 3560 put
2362 3487 2545 3560 datam
2585 3485 2746 3552 ﬁdem
2793 3481 2983 3560 folla1._
3019 3482 3109 3560 III.
3154 3481 3405 3560 Edictum

1893 3550 2146 3614 aduersus
2190 3556 2295 3610 tria.
2345 3550 2593 3624 capitulai
2608 3550 2920 3624 proponitur
2965 3552 3019 3604 in
3057 3550 3314 3624 Ecclesia,
3348 3560 3406 3624 et

1895 3631 2164 3698 recipitur.
2195 3629 2282 3683 IV.
2319 3620 2536 3698 Vigiliug
2571 3620 2625 3678 in
2668 3620 2970 3698 recipientcs
3010 3620 3405 3698 animadvertit.

1894 3702 1958 3756 V.
1994 3689 2199 3753 Henna?
2226 3689 2452 3751 succedit
2490 3689 2794 3765 Entychius',
2827 3702 2873 3746 et
2911 3691 3234 3765 Vigilio_drtt_
3260 3689 3404 3765 litte_-

1896 3788 1985 3823 ras
2016 3785 2124 3822 sua:
2153 3768 2293 3836 ﬁdei,
2326 3760 2794 3836 synodum'habcri
2827 3760 3164 3836 roga_nt;_._}’I.
3201 3760 3405 3836 Annuit

1898 3840 2132 3906 Vigilius.
2153 3829 2270 3892 'VII.
2310 3829 2566 3890 Itidicitur
2590 3835 2818 3904 synodus
2843 3829 3228 3906 ad_IILNonas
3252 3829 3403 3906 Maii.

1895 3896 2030 3964 VIII.
2073 3907 2307 3961 Habetur
2346 3915 2450 3958 toto
2492 3921 2597 3958 uno
2619 3896 2835 3958 'mense.
2870 3901 2963 3956 IX.
3001 3900 3206 3966 Quarta
3239 3896 3407 3951 colla—

1899 3981 2036 4033 tione
2067 3987 2114 4033 et
2148 3977 2526 4044 parte‘quintaz
2559 3989 2720 4028 causa
2759 3971 3011 4026 Theodori
3057 3966 3408 4044 Mopsuestcni

1899 4051 2093 4115 agitur.
2124 4037 2191 4101 X.
2235 4037 2416 4101 Altéra
2457 4045 2851 4115 partequiptte
2874 4057 3037 4115 causa
3080 4037 3407 4115 Theodoreti.

1898 4107 1990 4173 XI.
2025 4118 2154 4184 Quae
2183 4119 2282 4188 ipsi
2315 4107 2535 4188 objecta.
2567 4107 2904 4188 XII.__Scri_bit
2932 4110 3288 4188 Constitutum
3318 4107 3400 4188 Iri-

1899 4177 2075 4260 gilins',
2103 4190 2157 4260 in
2197 4177 2298 4260 quo
2326 4177 2636 4260 nominatim
2666 4182 2969 4260 Theodoreti
3001 4194 3280 4260 personant
3306 4177 3405 4260 Ide~

1899 4248 2085 4329 fendit,
2116 4248 2409 4329 doctrinam
2437 4256 2676 4329 dalrtnat.
2706 4252 2846 4329 XIII.
2887 4248 3414 4329 ιιίηιίυιριηα.ιέὶσὶεωνΔ

1901 4318 1932 4382 ἓι
1965 4318 2181 4381 concilio
2221 4327 2457 4396 operibus
2491 4323 2815 4396 Theodoreti,
2853 4331 2902 4396 et
2941 4336 3121 4374 eorum
3164 4318 3406 4386 defenso-

1901 4399 2058 4451 ribus.
2101 4386 2268 4468 2m
2301 4394 2439 4448 XIV.
2489 4391 2826 4468 Qumcpcra
2867 4392 3251 4468 damnentur/tt
3281 4403 3411 4468 con:-
3459 4386 3472 4394 ’

1899 4468 2038 4529 cilia,
2076 4454 2315 4521 αἶῖςῖίω
2353 4454 2774 4532 reprehensiones
2808 4460 3163 4532 capitulorum
3195 4454 3406 4526 Cyrilli,

1900 4555 1969 4592 an
2000 4538 2108 4591 alia
2136 4539 2294 4591 etiam
2319 4551 2502 4605 Opera.

2233 4625 2309 4676 Ab
2334 4638 2460 4674 anno
2483 4620 2658 4671 Christi
2684 4621 2774 4670 518
2800 4621 2858 4668 ad
2880 4620 2992 4669 5355.

1899 4734 1938 4787 I.
1972 4733 2263 4801 Postquam
2293 4730 2434 4784 duos
2470 4729 2583 4783 fere
2619 4734 2762 4780 totos
2793 4739 2965 4777 annos
2993 4735 3240 4774 summus
3267 4733 3403 4788 pon-

1829 4823 1960 4878 tifex
1989 4831 2044 4876 et
2077 4822 2375 4890 imperator
2409 4817 2794 4874 dimicassent,
2827 4811 2917 4865 ille
2958 4808 3261 4878 apostolico
3299 4806 3412 4877 spi-

1831 4915 1962 4976 ritu,
1986 4913 2077 4966 hic
2119 4911 2402 4982 tyrannico
2451 4906 2655 4963 animo,
2692 4901 3029 4957 celebratum
3069 4908 3151 4954 est
3189 4897 3409 4954 tandem

1831 5006 2085 5076 quintum
2125 5002 2443 5063 concilium,
2474 4995 2671 5066 Vigilio
2703 4993 2900 5064 partim
2937 4993 3174 5052 volente,
3211 4990 3408 5059 partim

1835 5096 2024 5150 invito.
2055 5093 2172 5148 Jam
2206 5091 2330 5166 indj‘.
2354 5088 2573 5158 quidem
2601 5085 2670 5140 ab
2703 5082 2860 5138 initio
2894 5081 3083 5136 haberi
3118 5095 3411 5134 consense-

1831 5194 1934 5250 rat,
1963 5185 2058 5240 sed
2087 5184 2140 5238 in
2167 5170 2372 5244 Sicilia,
2403 5194 2511 5248 quo
2538 5175 2882 5232 commodius
2908 5172 3193 5240 utriusque
3223 5170 3412 5224 Eccle-

1828 5279 1921 5332 sia
1944 5276 2202 5348 praesules
2223 5273 2609 5336 convenirent;
2635 5269 2908 5338 repulsam
2931 5279 3146 5335 passus,
3165 5275 3411 5316 assense-

1833 5378 1918 5424 rat
1942 5369 2060 5440 cogi
2092 5368 2145 5422 in
2178 5367 2315 5420 urbe
2344 5365 2512 5435 regia,
2545 5360 2707 5415 modo
2737 5360 2944 5428 integra
2974 5356 3138 5409 trium
3169 5353 3409 5422 capitum

1834 5475 2020 5524 causa,
2056 5457 2304 5514 rescissis
2347 5455 2605 5511 omnibus
2635 5453 2901 5507 hactenus
2938 5461 3001 5501 ca
3031 5446 3097 5501 dc
3133 5461 3190 5499 re
3220 5447 3403 5516 gcsus,
3465 5451 3468 5454 ’

1497 5612 1810 5669 SCIIL’IJJI
1859 5613 2088 5668 NOTAE.

191 5709 225 5741 ’³
260 5719 364 5776 "id.
400 5715 578 5784 infra,
623 5712 876 5769 dissert.
917 5705 980 5759 ad
1023 5707 1207 5775 synod.
1242 5725 1290 5774 γ,
1329 5723 1447 5777 cap.
1485 5707 1581 5760 ult.
