  <div class='ocr_page' id='page_1' title='image "/cluster/home/n/w/nwhite01/storage/ocr_20150623/84 pt.5/mdp.39015010572884/103.png"; bbox 0 0 3926 6216; ppageno 0'>
   <div class='ocr_carea' id='block_1_1' title="bbox 602 344 695 411">
    <p class='ocr_par' dir='ltr' id='par_1_1' title="bbox 602 344 695 411">
     <span class='ocr_line' id='line_1_1' title="bbox 602 344 695 411; baseline -0.011 -1"><span class='ocrx_word' id='word_1_1' title='bbox 602 344 695 411; x_wconf 77' lang='grc'><strong>191</strong></span> 
     </span>
    </p>
   </div>
   <div class='ocr_carea' id='block_1_2' title="bbox 1724 333 2723 406">
    <p class='ocr_par' dir='ltr' id='par_1_2' title="bbox 1724 333 2723 406">
     <span class='ocr_line' id='line_1_2' title="bbox 1724 333 2723 406; baseline -0.008 1"><span class='ocrx_word' id='word_1_2' title='bbox 1724 344 2103 406; x_wconf 74' lang='lat' dir='ltr'><strong>GARNERII</strong></span> <span class='ocrx_word' id='word_1_3' title='bbox 2137 333 2636 403; x_wconf 50' lang='lat' dir='ltr'><strong>DI‘SSERTA&#39;TIO</strong></span> <span class='ocrx_word' id='word_1_4' title='bbox 2674 340 2723 400; x_wconf 92' lang='grc' dir='ltr'><strong>Ι.</strong></span> 
     </span>
    </p>
   </div>
   <div class='ocr_carea' id='block_1_3' title="bbox 3752 336 3843 402">
    <p class='ocr_par' dir='ltr' id='par_1_3' title="bbox 3752 336 3843 402">
     <span class='ocr_line' id='line_1_3' title="bbox 3752 336 3843 402; baseline 0.011 -1"><span class='ocrx_word' id='word_1_5' title='bbox 3752 336 3843 402; x_wconf 79' lang='lat'><strong>192</strong></span> 
     </span>
    </p>
   </div>
   <div class='ocr_carea' id='block_1_4' title="bbox 590 447 3840 524">
    <p class='ocr_par' dir='ltr' id='par_1_4' title="bbox 590 447 3840 524">
     <span class='ocr_line' id='line_1_4' title="bbox 590 447 3840 524; baseline -0.001 -17"><span class='ocrx_word' id='word_1_6' title='bbox 590 452 802 515; x_wconf 68' lang='lat' dir='ltr'><strong>sviuodo</strong></span> <span class='ocrx_word' id='word_1_7' title='bbox 829 453 1261 524; x_wconf 89' lang='lat' dir='ltr'><strong>permitteretur.</strong></span> <span class='ocrx_word' id='word_1_8' title='bbox 1294 453 1375 507; x_wconf 85' lang='lat' dir='ltr'><strong>Ad</strong></span> <span class='ocrx_word' id='word_1_9' title='bbox 1410 451 1465 507; x_wconf 89' lang='lat' dir='ltr'>id</span> <span class='ocrx_word' id='word_1_10' title='bbox 1494 461 1839 509; x_wconf 86' lang='lat' dir='ltr'><strong>sacramento</strong></span> <span class='ocrx_word' id='word_1_11' title='bbox 1871 453 2170 523; x_wconf 80' lang='lat' dir='ltr'><strong>imperator</strong></span> <span class='ocrx_word' id='word_1_12' title='bbox 2200 470 2238 523; x_wconf 63' lang='grc' dir='ltr'><strong>Α</strong></span> <span class='ocrx_word' id='word_1_13' title='bbox 2271 448 2365 517; x_wconf 88' lang='lat' dir='ltr'><strong>qui</strong></span> <span class='ocrx_word' id='word_1_14' title='bbox 2391 448 2503 502; x_wconf 88' lang='lat' dir='ltr'><strong>Deo</strong></span> <span class='ocrx_word' id='word_1_15' title='bbox 2533 447 2764 518; x_wconf 88' lang='lat' dir='ltr'><strong>placeat,</strong></span> <span class='ocrx_word' id='word_1_16' title='bbox 2795 456 2852 503; x_wconf 89' lang='lat' dir='ltr'><strong>et</strong></span> <span class='ocrx_word' id='word_1_17' title='bbox 2888 455 3201 503; x_wconf 83' lang='lat' dir='ltr'><strong>sanctarum</strong></span> <span class='ocrx_word' id='word_1_18' title='bbox 3235 456 3472 519; x_wconf 78' lang='lat' dir='ltr'><strong>quatuor</strong></span> <span class='ocrx_word' id='word_1_19' title='bbox 3516 448 3840 520; x_wconf 83' lang='lat' dir='ltr'><strong>synodorum</strong></span> 
     </span>
    </p>
   </div>
   <div class='ocr_carea' id='block_1_5' title="bbox 588 539 2165 614">
    <p class='ocr_par' dir='ltr' id='par_1_5' title="bbox 588 539 2165 614">
     <span class='ocr_line' id='line_1_5' title="bbox 588 539 2165 614; baseline -0.001 -19"><span class='ocrx_word' id='word_1_20' title='bbox 588 557 648 595; x_wconf 86' lang='lat' dir='ltr'><strong>se</strong></span> <span class='ocrx_word' id='word_1_21' title='bbox 678 544 1035 614; x_wconf 85' lang='lat' dir='ltr'><strong>obligaverat,</strong></span> <span class='ocrx_word' id='word_1_22' title='bbox 1069 543 1420 612; x_wconf 82' lang='lat' dir='ltr'><strong>stetissetque</strong></span> <span class='ocrx_word' id='word_1_23' title='bbox 1462 542 1754 611; x_wconf 89' lang='lat' dir='ltr'><strong>promisso,</strong></span> <span class='ocrx_word' id='word_1_24' title='bbox 1787 557 1883 612; x_wconf 87' lang='lat' dir='ltr'><strong>spe</strong></span> <span class='ocrx_word' id='word_1_25' title='bbox 1915 539 2165 612; x_wconf 85' lang='lat' dir='ltr'><strong>potiundi</strong></span> 
     </span>
    </p>
   </div>
   <div class='ocr_carea' id='block_1_6' title="bbox 588 630 2167 704">
    <p class='ocr_par' dir='ltr' id='par_1_6' title="bbox 588 630 2167 704">
     <span class='ocr_line' id='line_1_6' title="bbox 588 630 2167 704; baseline -0.004 -13"><span class='ocrx_word' id='word_1_26' title='bbox 588 636 724 702; x_wconf 85' lang='lat' dir='ltr'><strong>voti,</strong></span> <span class='ocrx_word' id='word_1_27' title='bbox 759 636 864 691; x_wconf 85' lang='lat' dir='ltr'><strong>nisi</strong></span> <span class='ocrx_word' id='word_1_28' title='bbox 913 634 1236 690; x_wconf 81' lang='lat' dir='ltr'><strong>Theodorus</strong></span> <span class='ocrx_word' id='word_1_29' title='bbox 1272 633 1585 704; x_wconf 80' lang='lat' dir='ltr'><strong>Cappadox,</strong></span> <span class='ocrx_word' id='word_1_30' title='bbox 1619 633 1827 688; x_wconf 83' lang='lat' dir='ltr'><strong>humile</strong></span> <span class='ocrx_word' id='word_1_31' title='bbox 1862 632 1996 688; x_wconf 91' lang='lat' dir='ltr'><strong>illud</strong></span> <span class='ocrx_word' id='word_1_32' title='bbox 2030 630 2167 686; x_wconf 70' lang='lat' dir='ltr'><strong>aulae</strong></span> 
     </span>
    </p>
   </div>
   <div class='ocr_carea' id='block_1_7' title="bbox 589 725 1906 797">
    <p class='ocr_par' dir='ltr' id='par_1_7' title="bbox 589 725 1906 797">
     <span class='ocr_line' id='line_1_7' title="bbox 589 725 1906 797; baseline 0 -18"><span class='ocrx_word' id='word_1_33' title='bbox 589 727 945 797; x_wconf 83' lang='lat' dir='ltr'><strong>mancipium,</strong></span> <span class='ocrx_word' id='word_1_34' title='bbox 973 725 1285 797; x_wconf 62' lang='lat' dir='ltr'><strong>frangendae</strong></span> <span class='ocrx_word' id='word_1_35' title='bbox 1312 725 1438 780; x_wconf 85' lang='lat' dir='ltr'><strong>ﬁdei</strong></span> <span class='ocrx_word' id='word_1_36' title='bbox 1471 734 1664 780; x_wconf 87' lang='lat' dir='ltr'><strong>auctor</strong></span> <span class='ocrx_word' id='word_1_37' title='bbox 1691 725 1906 781; x_wconf 80' lang='lat' dir='ltr'><strong>fuisset.</strong></span> 
     </span>
    </p>
   </div>
   <div class='ocr_carea' id='block_1_8' title="bbox 659 815 2165 889">
    <p class='ocr_par' dir='ltr' id='par_1_8' title="bbox 659 815 2165 889">
     <span class='ocr_line' id='line_1_8' title="bbox 659 815 2165 889; baseline -0.002 -17"><span class='ocrx_word' id='word_1_38' title='bbox 659 818 724 872; x_wconf 92' lang='lat' dir='ltr'><strong>ll.</strong></span> <span class='ocrx_word' id='word_1_39' title='bbox 768 819 959 872; x_wconf 86' lang='lat' dir='ltr'><strong>Aiebat</strong></span> <span class='ocrx_word' id='word_1_40' title='bbox 993 818 1103 882; x_wconf 86' lang='lat' dir='ltr'><strong>ille,</strong></span> <span class='ocrx_word' id='word_1_41' title='bbox 1144 831 1269 872; x_wconf 92' lang='lat' dir='ltr'><strong>cum</strong></span> <span class='ocrx_word' id='word_1_42' title='bbox 1309 817 1605 889; x_wconf 85' lang='lat' dir='ltr'><strong>abjecisset</strong></span> <span class='ocrx_word' id='word_1_43' title='bbox 1637 817 1720 871; x_wconf 90' lang='lat' dir='ltr'><strong>sui</strong></span> <span class='ocrx_word' id='word_1_44' title='bbox 1754 815 2046 872; x_wconf 86' lang='lat' dir='ltr'><strong>sacerdotii</strong></span> <span class='ocrx_word' id='word_1_45' title='bbox 2077 830 2165 869; x_wconf 91' lang='lat' dir='ltr'><strong>re-</strong></span> 
     </span>
    </p>
   </div>
   <div class='ocr_carea' id='block_1_9' title="bbox 585 909 2162 981">
    <p class='ocr_par' dir='ltr' id='par_1_9' title="bbox 585 909 2162 981">
     <span class='ocr_line' id='line_1_9' title="bbox 585 909 2162 981; baseline -0.003 -16"><span class='ocrx_word' id='word_1_46' title='bbox 585 910 908 974; x_wconf 87' lang='lat' dir='ltr'><strong>verentiam,</strong></span> <span class='ocrx_word' id='word_1_47' title='bbox 942 909 1227 980; x_wconf 90' lang='lat' dir='ltr'><strong>indignum</strong></span> <span class='ocrx_word' id='word_1_48' title='bbox 1269 925 1482 964; x_wconf 84' lang='lat' dir='ltr'><strong>summa</strong></span> <span class='ocrx_word' id='word_1_49' title='bbox 1529 917 1820 981; x_wconf 86' lang='lat' dir='ltr'><strong>potestate,</strong></span> <span class='ocrx_word' id='word_1_50' title='bbox 1855 917 2004 979; x_wconf 87' lang='lat' dir='ltr'><strong>gesta</strong></span> <span class='ocrx_word' id='word_1_51' title='bbox 2042 923 2072 962; x_wconf 92' lang='lat' dir='ltr'><strong>a</strong></span> <span class='ocrx_word' id='word_1_52' title='bbox 2104 922 2162 962; x_wconf 86' lang='lat' dir='ltr'><strong>se</strong></span> 
     </span>
    </p>
   </div>
   <div class='ocr_carea' id='block_1_10' title="bbox 586 999 2163 1075">
    <p class='ocr_par' dir='ltr' id='par_1_10' title="bbox 586 999 2163 1075">
     <span class='ocr_line' id='line_1_10' title="bbox 586 999 2163 1075; baseline -0.002 -21"><span class='ocrx_word' id='word_1_53' title='bbox 586 1000 901 1056; x_wconf 85' lang='lat' dir='ltr'><strong>rescindere</strong></span> <span class='ocrx_word' id='word_1_54' title='bbox 930 1000 999 1055; x_wconf 91' lang='lat' dir='ltr'><strong>ad</strong></span> <span class='ocrx_word' id='word_1_55' title='bbox 1032 1000 1261 1055; x_wconf 86' lang='lat' dir='ltr'><strong>alterius</strong></span> <span class='ocrx_word' id='word_1_56' title='bbox 1287 1001 1578 1075; x_wconf 85' lang='lat' dir='ltr'><strong>arbitrium</strong></span> <span class='ocrx_word' id='word_1_57' title='bbox 1612 1018 1624 1053; x_wconf 94' lang='lat'><strong>:</strong></span> <span class='ocrx_word' id='word_1_58' title='bbox 1651 1016 1757 1054; x_wconf 93' lang='lat' dir='ltr'><strong>non</strong></span> <span class='ocrx_word' id='word_1_59' title='bbox 1784 1014 1905 1055; x_wconf 90' lang='lat' dir='ltr'><strong>esse</strong></span> <span class='ocrx_word' id='word_1_60' title='bbox 1928 999 2163 1069; x_wconf 89' lang='lat' dir='ltr'><strong>impera-</strong></span> 
     </span>
    </p>
   </div>
   <div class='ocr_carea' id='block_1_11' title="bbox 582 1088 2162 1160">
    <p class='ocr_par' dir='ltr' id='par_1_11' title="bbox 582 1088 2162 1160">
     <span class='ocr_line' id='line_1_11' title="bbox 582 1088 2162 1160; baseline 0 -17"><span class='ocrx_word' id='word_1_61' title='bbox 582 1088 741 1152; x_wconf 84' lang='lat' dir='ltr'><strong>toris,</strong></span> <span class='ocrx_word' id='word_1_62' title='bbox 779 1088 928 1159; x_wconf 82' lang='lat' dir='ltr'><strong>leges</strong></span> <span class='ocrx_word' id='word_1_63' title='bbox 973 1089 1245 1160; x_wconf 87' lang='lat' dir='ltr'><strong>accipere,</strong></span> <span class='ocrx_word' id='word_1_64' title='bbox 1282 1091 1376 1146; x_wconf 88' lang='lat' dir='ltr'><strong>sed</strong></span> <span class='ocrx_word' id='word_1_65' title='bbox 1418 1091 1549 1146; x_wconf 88' lang='lat' dir='ltr'><strong>dare</strong></span> <span class='ocrx_word' id='word_1_66' title='bbox 1586 1108 1597 1143; x_wconf 92' lang='lat'>:</span> <span class='ocrx_word' id='word_1_67' title='bbox 1635 1089 2037 1145; x_wconf 88' lang='lat' dir='ltr'><strong>intolerandum</strong></span> <span class='ocrx_word' id='word_1_68' title='bbox 2080 1092 2162 1144; x_wconf 89' lang='lat' dir='ltr'><strong>vi—</strong></span> 
     </span>
    </p>
   </div>
   <div class='ocr_carea' id='block_1_12' title="bbox 583 1179 2157 1253">
    <p class='ocr_par' dir='ltr' id='par_1_12' title="bbox 583 1179 2157 1253">
     <span class='ocr_line' id='line_1_12' title="bbox 583 1179 2157 1253; baseline 0.004 -23"><span class='ocrx_word' id='word_1_69' title='bbox 583 1179 722 1245; x_wconf 81' lang='lat' dir='ltr'><strong>deri,</strong></span> <span class='ocrx_word' id='word_1_70' title='bbox 758 1180 1059 1245; x_wconf 90' lang='lat' dir='ltr'><strong>hominem,</strong></span> <span class='ocrx_word' id='word_1_71' title='bbox 1088 1183 1181 1252; x_wconf 89' lang='lat' dir='ltr'><strong>qui</strong></span> <span class='ocrx_word' id='word_1_72' title='bbox 1212 1184 1461 1253; x_wconf 83' lang='lat' dir='ltr'><strong>captivus</strong></span> <span class='ocrx_word' id='word_1_73' title='bbox 1492 1182 1584 1246; x_wconf 89' lang='lat' dir='ltr'><strong>sit,</strong></span> <span class='ocrx_word' id='word_1_74' title='bbox 1613 1190 1667 1238; x_wconf 90' lang='lat' dir='ltr'><strong>et</strong></span> <span class='ocrx_word' id='word_1_75' title='bbox 1701 1183 1910 1238; x_wconf 83' lang='lat' dir='ltr'><strong>servire</strong></span> <span class='ocrx_word' id='word_1_76' title='bbox 1939 1182 2157 1248; x_wconf 87' lang='lat' dir='ltr'><strong>debeat,</strong></span> 
     </span>
    </p>
   </div>
   <div class='ocr_carea' id='block_1_13' title="bbox 580 1269 2158 1345">
    <p class='ocr_par' dir='ltr' id='par_1_13' title="bbox 580 1269 2158 1345">
     <span class='ocr_line' id='line_1_13' title="bbox 580 1269 2158 1345; baseline 0.004 -21"><span class='ocrx_word' id='word_1_77' title='bbox 580 1269 856 1327; x_wconf 87' lang='lat' dir='ltr'><strong>dominari</strong></span> <span class='ocrx_word' id='word_1_78' title='bbox 880 1274 1019 1329; x_wconf 87' lang='lat' dir='ltr'><strong>velle</strong></span> <span class='ocrx_word' id='word_1_79' title='bbox 1042 1274 1098 1329; x_wconf 90' lang='lat' dir='ltr'><strong>in</strong></span> <span class='ocrx_word' id='word_1_80' title='bbox 1128 1274 1264 1329; x_wconf 87' lang='lat' dir='ltr'><strong>urbe</strong></span> <span class='ocrx_word' id='word_1_81' title='bbox 1290 1274 1435 1345; x_wconf 89' lang='lat' dir='ltr'><strong>regia</strong></span> <span class='ocrx_word' id='word_1_82' title='bbox 1465 1294 1476 1329; x_wconf 92' lang='lat'>:</span> <span class='ocrx_word' id='word_1_83' title='bbox 1504 1289 1815 1345; x_wconf 88' lang='lat' dir='ltr'><strong>supremam</strong></span> <span class='ocrx_word' id='word_1_84' title='bbox 1839 1282 1962 1345; x_wconf 86' lang='lat' dir='ltr'><strong>post</strong></span> <span class='ocrx_word' id='word_1_85' title='bbox 1988 1274 2158 1331; x_wconf 86' lang='lat' dir='ltr'><strong>Deum</strong></span> 
     </span>
    </p>
   </div>
   <div class='ocr_carea' id='block_1_14' title="bbox 578 1365 2159 1436">
    <p class='ocr_par' dir='ltr' id='par_1_14' title="bbox 578 1365 2159 1436">
     <span class='ocr_line' id='line_1_14' title="bbox 578 1365 2159 1436; baseline 0.003 -19"><span class='ocrx_word' id='word_1_86' title='bbox 578 1366 923 1435; x_wconf 80' lang='lat' dir='ltr'><strong>niajestatem</strong></span> <span class='ocrx_word' id='word_1_87' title='bbox 969 1381 1077 1419; x_wconf 93' lang='lat' dir='ltr'><strong>non</strong></span> <span class='ocrx_word' id='word_1_88' title='bbox 1127 1365 1329 1420; x_wconf 89' lang='lat' dir='ltr'><strong>debere</strong></span> <span class='ocrx_word' id='word_1_89' title='bbox 1375 1365 1629 1431; x_wconf 89' lang='lat' dir='ltr'><strong>aliorum,</strong></span> <span class='ocrx_word' id='word_1_90' title='bbox 1664 1365 1917 1436; x_wconf 85' lang='lat' dir='ltr'><strong>quamvis</strong></span> <span class='ocrx_word' id='word_1_91' title='bbox 1955 1365 2159 1436; x_wconf 82' lang='lat' dir='ltr'><strong>episco-</strong></span> 
     </span>
    </p>
   </div>
   <div class='ocr_carea' id='block_1_15' title="bbox 581 1455 2157 1527">
    <p class='ocr_par' dir='ltr' id='par_1_15' title="bbox 581 1455 2157 1527">
     <span class='ocr_line' id='line_1_15' title="bbox 581 1455 2157 1527; baseline 0.003 -22"><span class='ocrx_word' id='word_1_92' title='bbox 581 1467 801 1522; x_wconf 91' lang='lat' dir='ltr'><strong>porum,</strong></span> <span class='ocrx_word' id='word_1_93' title='bbox 830 1455 985 1524; x_wconf 90' lang='lat' dir='ltr'><strong>sequi</strong></span> <span class='ocrx_word' id='word_1_94' title='bbox 1014 1455 1242 1525; x_wconf 85' lang='lat' dir='ltr'><strong>judicia,</strong></span> <span class='ocrx_word' id='word_1_95' title='bbox 1304 1455 1400 1511; x_wconf 90' lang='lat' dir='ltr'><strong>sed</strong></span> <span class='ocrx_word' id='word_1_96' title='bbox 1440 1465 1671 1512; x_wconf 89' lang='lat' dir='ltr'><strong>cunctos</strong></span> <span class='ocrx_word' id='word_1_97' title='bbox 1705 1458 1970 1527; x_wconf 86' lang='lat' dir='ltr'><strong>cujusque</strong></span> <span class='ocrx_word' id='word_1_98' title='bbox 2009 1455 2157 1512; x_wconf 91' lang='lat' dir='ltr'><strong>modi</strong></span> 
     </span>
    </p>
   </div>
   <div class='ocr_carea' id='block_1_16' title="bbox 581 1541 2155 1617">
    <p class='ocr_par' dir='ltr' id='par_1_16' title="bbox 581 1541 2155 1617">
     <span class='ocr_line' id='line_1_16' title="bbox 581 1541 2155 1617; baseline 0.005 -22"><span class='ocrx_word' id='word_1_99' title='bbox 581 1541 648 1596; x_wconf 92' lang='lat' dir='ltr'><strong>ad</strong></span> <span class='ocrx_word' id='word_1_100' title='bbox 677 1542 1000 1613; x_wconf 81' lang='lat' dir='ltr'><strong>obsequium</strong></span> <span class='ocrx_word' id='word_1_101' title='bbox 1033 1560 1254 1616; x_wconf 80' lang='lat' dir='ltr'><strong>cogere;</strong></span> <span class='ocrx_word' id='word_1_102' title='bbox 1289 1546 1520 1601; x_wconf 80' lang='lat' dir='ltr'><strong>Romani</strong></span> <span class='ocrx_word' id='word_1_103' title='bbox 1550 1546 1825 1617; x_wconf 86' lang='lat' dir='ltr'><strong>pontificis</strong></span> <span class='ocrx_word' id='word_1_104' title='bbox 1854 1548 2155 1603; x_wconf 86' lang='lat' dir='ltr'><strong>auctorita-</strong></span> 
     </span>
    </p>
   </div>
   <div class='ocr_carea' id='block_1_17' title="bbox 582 1634 2152 1707">
    <p class='ocr_par' dir='ltr' id='par_1_17' title="bbox 582 1634 2152 1707">
     <span class='ocr_line' id='line_1_17' title="bbox 582 1634 2152 1707; baseline 0.003 -21"><span class='ocrx_word' id='word_1_105' title='bbox 582 1640 690 1686; x_wconf 90' lang='lat' dir='ltr'><strong>tem</strong></span> <span class='ocrx_word' id='word_1_106' title='bbox 715 1634 1116 1704; x_wconf 88' lang='lat' dir='ltr'><strong>suspiciendam</strong></span> <span class='ocrx_word' id='word_1_107' title='bbox 1137 1637 1375 1706; x_wconf 88' lang='lat' dir='ltr'><strong>populis,</strong></span> <span class='ocrx_word' id='word_1_108' title='bbox 1414 1637 1511 1692; x_wconf 90' lang='lat' dir='ltr'><strong>sed</strong></span> <span class='ocrx_word' id='word_1_109' title='bbox 1532 1637 1601 1691; x_wconf 89' lang='lat' dir='ltr'><strong>ab</strong></span> <span class='ocrx_word' id='word_1_110' title='bbox 1626 1637 1721 1691; x_wconf 93' lang='lat' dir='ltr'><strong>illo</strong></span> <span class='ocrx_word' id='word_1_111' title='bbox 1739 1636 1947 1707; x_wconf 89' lang='lat' dir='ltr'><strong>despici</strong></span> <span class='ocrx_word' id='word_1_112' title='bbox 1971 1652 2152 1707; x_wconf 88' lang='lat' dir='ltr'><strong>posse,</strong></span> 
     </span>
    </p>
   </div>
   <div class='ocr_carea' id='block_1_18' title="bbox 580 1724 2152 1797">
    <p class='ocr_par' dir='ltr' id='par_1_18' title="bbox 580 1724 2152 1797">
     <span class='ocr_line' id='line_1_18' title="bbox 580 1724 2152 1797; baseline 0.006 -20"><span class='ocrx_word' id='word_1_113' title='bbox 580 1724 737 1793; x_wconf 86' lang='lat' dir='ltr'><strong>cujus</strong></span> <span class='ocrx_word' id='word_1_114' title='bbox 768 1727 1081 1783; x_wconf 85' lang='lat' dir='ltr'><strong>sanctiones</strong></span> <span class='ocrx_word' id='word_1_115' title='bbox 1118 1728 1317 1785; x_wconf 67' lang='lat' dir='ltr'><strong>divinae</strong></span> <span class='ocrx_word' id='word_1_116' title='bbox 1353 1730 1550 1786; x_wconf 90' lang='lat' dir='ltr'><strong>merito</strong></span> <span class='ocrx_word' id='word_1_117' title='bbox 1588 1730 1849 1785; x_wconf 89' lang='lat' dir='ltr'><strong>dicuntur</strong></span> <span class='ocrx_word' id='word_1_118' title='bbox 1871 1740 1927 1787; x_wconf 89' lang='lat' dir='ltr'><strong>et</strong></span> <span class='ocrx_word' id='word_1_119' title='bbox 1953 1746 2152 1797; x_wconf 63' lang='lat' dir='ltr'><strong>sacrm;</strong></span> 
     </span>
    </p>
   </div>
   <div class='ocr_carea' id='block_1_19' title="bbox 2270 537 3847 610">
    <p class='ocr_par' dir='ltr' id='par_1_19' title="bbox 2270 537 3847 610">
     <span class='ocr_line' id='line_1_19' title="bbox 2270 537 3847 610; baseline 0.001 -18"><span class='ocrx_word' id='word_1_120' title='bbox 2270 537 2687 594; x_wconf 86' lang='lat' dir='ltr'><strong>deﬁnitionibus</strong></span> <span class='ocrx_word' id='word_1_121' title='bbox 2715 547 2983 609; x_wconf 75' lang='lat' dir='ltr'><strong>congruat</strong></span> <span class='ocrx_word' id='word_1_122' title='bbox 3012 556 3025 593; x_wconf 92' lang='lat'><strong>:</strong></span> <span class='ocrx_word' id='word_1_123' title='bbox 3062 539 3342 609; x_wconf 86' lang='lat' dir='ltr'><strong>quoniam,</strong></span> <span class='ocrx_word' id='word_1_124' title='bbox 3377 540 3576 610; x_wconf 85' lang='lat' dir='ltr'><strong>inquit,</strong></span> <span class='ocrx_word' id='word_1_125' title='bbox 3617 540 3687 596; x_wconf 90' lang='lat' dir='ltr'><strong>ad</strong></span> <span class='ocrx_word' id='word_1_126' title='bbox 3728 557 3847 607; x_wconf 70' lang='lat' dir='ltr'><strong>au:-</strong></span> 
     </span>
    </p>
   </div>
   <div class='ocr_carea' id='block_1_20' title="bbox 2268 629 3838 704">
    <p class='ocr_par' dir='ltr' id='par_1_20' title="bbox 2268 629 3838 704">
     <span class='ocr_line' id='line_1_20' title="bbox 2268 629 3838 704; baseline 0.005 -22"><span class='ocrx_word' id='word_1_127' title='bbox 2268 639 2513 685; x_wconf 90' lang='lat' dir='ltr'><strong>mentum</strong></span> <span class='ocrx_word' id='word_1_128' title='bbox 2551 630 2700 699; x_wconf 83' lang='lat' dir='ltr'><strong>pacis</strong></span> <span class='ocrx_word' id='word_1_129' title='bbox 2720 629 3147 691; x_wconf 84' lang='lat' dir='ltr'><strong>etconcordiam</strong></span> <span class='ocrx_word' id='word_1_130' title='bbox 3180 631 3549 688; x_wconf 88' lang='lat' dir='ltr'><strong>Ecclesiarum</strong></span> <span class='ocrx_word' id='word_1_131' title='bbox 3587 633 3838 704; x_wconf 84' lang='lat' dir='ltr'><strong>pertinet,</strong></span> 
     </span>
    </p>
   </div>
   <div class='ocr_carea' id='block_1_21' title="bbox 2268 722 3839 797">
    <p class='ocr_par' dir='ltr' id='par_1_21' title="bbox 2268 722 3839 797">
     <span class='ocr_line' id='line_1_21' title="bbox 2268 722 3839 797; baseline 0.004 -22"><span class='ocrx_word' id='word_1_132' title='bbox 2268 731 2328 775; x_wconf 92' lang='lat' dir='ltr'><strong>ut</strong></span> <span class='ocrx_word' id='word_1_133' title='bbox 2350 722 2498 776; x_wconf 89' lang='lat' dir='ltr'><strong>omni</strong></span> <span class='ocrx_word' id='word_1_134' title='bbox 2535 722 2601 777; x_wconf 85' lang='lat' dir='ltr'><strong>de</strong></span> <span class='ocrx_word' id='word_1_135' title='bbox 2630 722 2812 777; x_wconf 86' lang='lat' dir='ltr'><strong>medio</strong></span> <span class='ocrx_word' id='word_1_136' title='bbox 2855 722 3197 778; x_wconf 83' lang='lat' dir='ltr'><strong>dissensione</strong></span> <span class='ocrx_word' id='word_1_137' title='bbox 3231 723 3465 788; x_wconf 89' lang='lat' dir='ltr'><strong>sublata,</strong></span> <span class='ocrx_word' id='word_1_138' title='bbox 3495 740 3615 795; x_wconf 61' lang='lat' dir='ltr'><strong>quae</strong></span> <span class='ocrx_word' id='word_1_139' title='bbox 3650 740 3682 780; x_wconf 88' lang='lat' dir='ltr'><strong>a</strong></span> <span class='ocrx_word' id='word_1_140' title='bbox 3707 740 3839 797; x_wconf 77' lang='lat' dir='ltr'><strong>pra:-</strong></span> 
     </span>
    </p>
   </div>
   <div class='ocr_carea' id='block_1_22' title="bbox 2265 813 3837 883">
    <p class='ocr_par' dir='ltr' id='par_1_22' title="bbox 2265 813 3837 883">
     <span class='ocr_line' id='line_1_22' title="bbox 2265 813 3837 883; baseline 0.003 -16"><span class='ocrx_word' id='word_1_141' title='bbox 2265 813 2427 868; x_wconf 89' lang='lat' dir='ltr'><strong>dictis</strong></span> <span class='ocrx_word' id='word_1_142' title='bbox 2447 824 2686 883; x_wconf 88' lang='lat' dir='ltr'><strong>quatuor</strong></span> <span class='ocrx_word' id='word_1_143' title='bbox 2707 816 2912 869; x_wconf 85' lang='lat' dir='ltr'><strong>sanctis</strong></span> <span class='ocrx_word' id='word_1_144' title='bbox 2935 814 3187 870; x_wconf 88' lang='lat' dir='ltr'><strong>conciliis</strong></span> <span class='ocrx_word' id='word_1_145' title='bbox 3214 813 3441 869; x_wconf 88' lang='lat' dir='ltr'><strong>deﬁnita</strong></span> <span class='ocrx_word' id='word_1_146' title='bbox 3472 826 3621 881; x_wconf 87' lang='lat' dir='ltr'><strong>sunt,</strong></span> <span class='ocrx_word' id='word_1_147' title='bbox 3650 817 3837 872; x_wconf 79' lang='lat' dir='ltr'><strong>incon-</strong></span> 
     </span>
    </p>
   </div>
   <div class='ocr_carea' id='block_1_23' title="bbox 2264 903 3838 975">
    <p class='ocr_par' dir='ltr' id='par_1_23' title="bbox 2264 903 3838 975">
     <span class='ocr_line' id='line_1_23' title="bbox 2264 903 3838 975; baseline 0.004 -18"><span class='ocrx_word' id='word_1_148' title='bbox 2264 917 2424 958; x_wconf 90' lang='lat' dir='ltr'><strong>cussa</strong></span> <span class='ocrx_word' id='word_1_149' title='bbox 2450 915 2764 968; x_wconf 79' lang='lat' dir='ltr'><strong>serventur,</strong></span> <span class='ocrx_word' id='word_1_150' title='bbox 2810 914 3124 959; x_wconf 91' lang='lat' dir='ltr'><strong>sanctarum</strong></span> <span class='ocrx_word' id='word_1_151' title='bbox 3166 903 3503 975; x_wconf 85' lang='lat' dir='ltr'><strong>synodorum</strong></span> <span class='ocrx_word' id='word_1_152' title='bbox 3538 908 3838 964; x_wconf 80' lang='lat' dir='ltr'><strong>reverentia</strong></span> 
     </span>
    </p>
   </div>
   <div class='ocr_carea' id='block_1_24' title="bbox 2264 993 2975 1051">
    <p class='ocr_par' dir='ltr' id='par_1_24' title="bbox 2264 993 2975 1051">
     <span class='ocr_line' id='line_1_24' title="bbox 2264 993 2975 1051; baseline -0.001 -3"><span class='ocrx_word' id='word_1_153' title='bbox 2264 993 2321 1048; x_wconf 91' lang='lat' dir='ltr'><strong>in</strong></span> <span class='ocrx_word' id='word_1_154' title='bbox 2348 994 2608 1049; x_wconf 87' lang='lat' dir='ltr'><strong>omnibus</strong></span> <span class='ocrx_word' id='word_1_155' title='bbox 2627 994 2920 1051; x_wconf 87' lang='lat' dir='ltr'><strong>custodita.</strong></span> <span class='ocrx_word' id='word_1_156' title='bbox 2955 1015 2975 1047; x_wconf 72' lang='grc' dir='ltr'><strong><em>ι</em></strong></span> 
     </span>
    </p>
   </div>
   <div class='ocr_carea' id='block_1_25' title="bbox 2332 1086 3836 1161">
    <p class='ocr_par' dir='ltr' id='par_1_25' title="bbox 2332 1086 3836 1161">
     <span class='ocr_line' id='line_1_25' title="bbox 2332 1086 3836 1161; baseline 0.002 -19"><span class='ocrx_word' id='word_1_157' title='bbox 2332 1086 2424 1142; x_wconf 85' lang='lat' dir='ltr'><strong>Vl.</strong></span> <span class='ocrx_word' id='word_1_158' title='bbox 2454 1086 2708 1156; x_wconf 64' lang='lat' dir='ltr'><strong>Accepta.-</strong></span> <span class='ocrx_word' id='word_1_159' title='bbox 2749 1094 2877 1142; x_wconf 91' lang='lat' dir='ltr'><strong>sunt</strong></span> <span class='ocrx_word' id='word_1_160' title='bbox 2906 1086 3163 1159; x_wconf 84' lang='lat' dir='ltr'><strong>Eutychii</strong></span> <span class='ocrx_word' id='word_1_161' title='bbox 3194 1087 3393 1143; x_wconf 73' lang='lat' dir='ltr'><strong>littera:</strong></span> <span class='ocrx_word' id='word_1_162' title='bbox 3442 1087 3560 1159; x_wconf 90' lang='lat' dir='ltr'><strong>ipso</strong></span> <span class='ocrx_word' id='word_1_163' title='bbox 3602 1089 3836 1161; x_wconf 86' lang='lat' dir='ltr'><strong>Epipha-</strong></span> 
     </span>
    </p>
   </div>
   <div class='ocr_carea' id='block_1_26' title="bbox 2263 1172 3838 1250">
    <p class='ocr_par' dir='ltr' id='par_1_26' title="bbox 2263 1172 3838 1250">
     <span class='ocr_line' id='line_1_26' title="bbox 2263 1172 3838 1250; baseline 0.006 -24"><span class='ocrx_word' id='word_1_164' title='bbox 2263 1172 2480 1227; x_wconf 90' lang='lat' dir='ltr'><strong>niorum</strong></span> <span class='ocrx_word' id='word_1_165' title='bbox 2513 1172 2604 1228; x_wconf 91' lang='lat' dir='ltr'><strong>die</strong></span> <span class='ocrx_word' id='word_1_166' title='bbox 2642 1192 2655 1227; x_wconf 89' lang='lat'><strong>:</strong></span> <span class='ocrx_word' id='word_1_167' title='bbox 2688 1181 2858 1244; x_wconf 89' lang='lat' dir='ltr'><strong>utque</strong></span> <span class='ocrx_word' id='word_1_168' title='bbox 2884 1184 3043 1229; x_wconf 91' lang='lat' dir='ltr'><strong>erant</strong></span> <span class='ocrx_word' id='word_1_169' title='bbox 3070 1176 3379 1231; x_wconf 89' lang='lat' dir='ltr'><strong>reverentia</strong></span> <span class='ocrx_word' id='word_1_170' title='bbox 3407 1185 3464 1232; x_wconf 91' lang='lat' dir='ltr'><strong>et</strong></span> <span class='ocrx_word' id='word_1_171' title='bbox 3491 1178 3695 1249; x_wconf 85' lang='lat' dir='ltr'><strong>pietate</strong></span> <span class='ocrx_word' id='word_1_172' title='bbox 3732 1180 3838 1250; x_wconf 81' lang='lat' dir='ltr'><strong>ple-</strong></span> 
     </span>
    </p>
   </div>
   <div class='ocr_carea' id='block_1_27' title="bbox 2260 1264 3838 1337">
    <p class='ocr_par' dir='ltr' id='par_1_27' title="bbox 2260 1264 3838 1337">
     <span class='ocr_line' id='line_1_27' title="bbox 2260 1264 3838 1337; baseline 0.006 -19"><span class='ocrx_word' id='word_1_173' title='bbox 2260 1279 2364 1329; x_wconf 83' lang='lat' dir='ltr'><strong>nae,</strong></span> <span class='ocrx_word' id='word_1_174' title='bbox 2393 1264 2639 1319; x_wconf 88' lang='lat' dir='ltr'><strong>animum</strong></span> <span class='ocrx_word' id='word_1_175' title='bbox 2668 1265 2848 1337; x_wconf 83' lang='lat' dir='ltr'><strong>Vigilii</strong></span> <span class='ocrx_word' id='word_1_176' title='bbox 2886 1266 3178 1323; x_wconf 91' lang='lat' dir='ltr'><strong>infractum</strong></span> <span class='ocrx_word' id='word_1_177' title='bbox 3207 1269 3383 1333; x_wconf 86' lang='lat' dir='ltr'><strong>malis,</strong></span> <span class='ocrx_word' id='word_1_178' title='bbox 3416 1278 3469 1324; x_wconf 91' lang='lat' dir='ltr'><strong>et</strong></span> <span class='ocrx_word' id='word_1_179' title='bbox 3507 1271 3838 1328; x_wconf 85' lang='lat' dir='ltr'><strong>tumultuan-</strong></span> 
     </span>
    </p>
   </div>
   <div class='ocr_carea' id='block_1_28' title="bbox 2262 1357 3836 1432">
    <p class='ocr_par' dir='ltr' id='par_1_28' title="bbox 2262 1357 3836 1432">
     <span class='ocr_line' id='line_1_28' title="bbox 2262 1357 3836 1432; baseline 0.008 -22"><span class='ocrx_word' id='word_1_180' title='bbox 2262 1357 2333 1412; x_wconf 90' lang='lat' dir='ltr'><strong>tis</strong></span> <span class='ocrx_word' id='word_1_181' title='bbox 2354 1358 2613 1414; x_wconf 65' lang='lat' dir='ltr'><strong>Ecclesiae</strong></span> <span class='ocrx_word' id='word_1_182' title='bbox 2649 1370 2967 1431; x_wconf 69' lang='lat' dir='ltr'><strong>pertaesum,</strong></span> <span class='ocrx_word' id='word_1_183' title='bbox 3000 1362 3055 1417; x_wconf 89' lang='lat' dir='ltr'><strong>in</strong></span> <span class='ocrx_word' id='word_1_184' title='bbox 3082 1372 3267 1432; x_wconf 88' lang='lat' dir='ltr'><strong>partes</strong></span> <span class='ocrx_word' id='word_1_185' title='bbox 3300 1363 3626 1429; x_wconf 63' lang='lat' dir='ltr'><strong>clementiae,</strong></span> <span class='ocrx_word' id='word_1_186' title='bbox 3660 1367 3745 1422; x_wconf 86' lang='lat' dir='ltr'><strong>vel</strong></span> <span class='ocrx_word' id='word_1_187' title='bbox 3774 1382 3836 1422; x_wconf 88' lang='lat' dir='ltr'><strong>eo</strong></span> 
     </span>
    </p>
   </div>
   <div class='ocr_carea' id='block_1_29' title="bbox 2260 1445 3835 1525">
    <p class='ocr_par' dir='ltr' id='par_1_29' title="bbox 2260 1445 3835 1525">
     <span class='ocr_line' id='line_1_29' title="bbox 2260 1445 3835 1525; baseline 0.005 -26"><span class='ocrx_word' id='word_1_188' title='bbox 2260 1445 2516 1511; x_wconf 81' lang='lat' dir='ltr'><strong>maxime,</strong></span> <span class='ocrx_word' id='word_1_189' title='bbox 2547 1446 2903 1515; x_wconf 83' lang='lat' dir='ltr'><strong>inﬁexerunt,</strong></span> <span class='ocrx_word' id='word_1_190' title='bbox 2931 1450 3078 1521; x_wconf 91' lang='lat' dir='ltr'><strong>quod</strong></span> <span class='ocrx_word' id='word_1_191' title='bbox 3100 1467 3449 1507; x_wconf 87' lang='lat' dir='ltr'><strong>communem</strong></span> <span class='ocrx_word' id='word_1_192' title='bbox 3479 1455 3727 1509; x_wconf 87' lang='lat' dir='ltr'><strong>omnium</strong></span> <span class='ocrx_word' id='word_1_193' title='bbox 3749 1470 3835 1525; x_wconf 84' lang='lat' dir='ltr'><strong>pa.-</strong></span> 
     </span>
    </p>
   </div>
   <div class='ocr_carea' id='block_1_30' title="bbox 2260 1536 3833 1615">
    <p class='ocr_par' dir='ltr' id='par_1_30' title="bbox 2260 1536 3833 1615">
     <span class='ocr_line' id='line_1_30' title="bbox 2260 1536 3833 1615; baseline 0.008 -27"><span class='ocrx_word' id='word_1_194' title='bbox 2260 1536 2625 1594; x_wconf 89' lang='lat' dir='ltr'><strong>triarcbarum</strong></span> <span class='ocrx_word' id='word_1_195' title='bbox 2658 1540 2821 1596; x_wconf 88' lang='lat' dir='ltr'><strong>ﬁdem</strong></span> <span class='ocrx_word' id='word_1_196' title='bbox 2842 1541 3229 1608; x_wconf 89' lang='lat' dir='ltr'><strong>continerent,</strong></span> <span class='ocrx_word' id='word_1_197' title='bbox 3275 1544 3467 1615; x_wconf 87' lang='lat' dir='ltr'><strong>illique</strong></span> <span class='ocrx_word' id='word_1_198' title='bbox 3513 1545 3630 1600; x_wconf 89' lang='lat' dir='ltr'><strong>suis</strong></span> <span class='ocrx_word' id='word_1_199' title='bbox 3659 1546 3833 1601; x_wconf 89' lang='lat' dir='ltr'><strong>nomi-</strong></span> 
     </span>
    </p>
   </div>
   <div class='ocr_carea' id='block_1_31' title="bbox 2259 1626 3831 1708">
    <p class='ocr_par' dir='ltr' id='par_1_31' title="bbox 2259 1626 3831 1708">
     <span class='ocr_line' id='line_1_31' title="bbox 2259 1626 3831 1708; baseline 0.008 -29"><span class='ocrx_word' id='word_1_200' title='bbox 2259 1626 2424 1682; x_wconf 86' lang='lat' dir='ltr'><strong>nibus</strong></span> <span class='ocrx_word' id='word_1_201' title='bbox 2468 1628 2797 1701; x_wconf 91' lang='lat' dir='ltr'><strong>subscriptis</strong></span> <span class='ocrx_word' id='word_1_202' title='bbox 2826 1640 3012 1687; x_wconf 90' lang='lat' dir='ltr'><strong>sancte</strong></span> <span class='ocrx_word' id='word_1_203' title='bbox 3031 1633 3281 1704; x_wconf 83' lang='lat' dir='ltr'><strong>jurarent</strong></span> <span class='ocrx_word' id='word_1_204' title='bbox 3316 1649 3374 1689; x_wconf 90' lang='lat' dir='ltr'><strong>se</strong></span> <span class='ocrx_word' id='word_1_205' title='bbox 3402 1644 3644 1705; x_wconf 87' lang='lat' dir='ltr'><strong>quatuor</strong></span> <span class='ocrx_word' id='word_1_206' title='bbox 3675 1651 3831 1708; x_wconf 88' lang='lat' dir='ltr'><strong>syno—</strong></span> 
     </span>
    </p>
   </div>
   <div class='ocr_carea' id='block_1_32' title="bbox 2258 1718 3833 1800">
    <p class='ocr_par' dir='ltr' id='par_1_32' title="bbox 2258 1718 3833 1800">
     <span class='ocr_line' id='line_1_32' title="bbox 2258 1718 3833 1800; baseline 0.008 -28"><span class='ocrx_word' id='word_1_207' title='bbox 2258 1718 2357 1774; x_wconf 87' lang='lat' dir='ltr'><strong>dos</strong></span> <span class='ocrx_word' id='word_1_208' title='bbox 2400 1721 2551 1776; x_wconf 89' lang='lat' dir='ltr'><strong>omni</strong></span> <span class='ocrx_word' id='word_1_209' title='bbox 2581 1737 2648 1777; x_wconf 82' lang='lat' dir='ltr'><strong>ex</strong></span> <span class='ocrx_word' id='word_1_210' title='bbox 2689 1729 2846 1793; x_wconf 86' lang='lat' dir='ltr'><strong>parte</strong></span> <span class='ocrx_word' id='word_1_211' title='bbox 2885 1725 3166 1795; x_wconf 86' lang='lat' dir='ltr'><strong>amplecti,</strong></span> <span class='ocrx_word' id='word_1_212' title='bbox 3198 1740 3303 1782; x_wconf 89' lang='lat' dir='ltr'><strong>nec</strong></span> <span class='ocrx_word' id='word_1_213' title='bbox 3326 1727 3469 1783; x_wconf 89' lang='lat' dir='ltr'><strong>velle</strong></span> <span class='ocrx_word' id='word_1_214' title='bbox 3499 1727 3652 1784; x_wconf 90' lang='lat' dir='ltr'><strong>aliud</strong></span> <span class='ocrx_word' id='word_1_215' title='bbox 3679 1728 3833 1800; x_wconf 89' lang='lat' dir='ltr'><strong>quid-</strong></span> 
     </span>
    </p>
   </div>
   <div class='ocr_carea' id='block_1_33' title="bbox 579 1808 3830 1892">
    <p class='ocr_par' dir='ltr' id='par_1_33' title="bbox 579 1808 3830 1892">
     <span class='ocr_line' id='line_1_33' title="bbox 579 1808 3830 1892; baseline 0.004 -26"><span class='ocrx_word' id='word_1_216' title='bbox 579 1822 797 1884; x_wconf 86' lang='lat' dir='ltr'><strong>paratos</strong></span> <span class='ocrx_word' id='word_1_217' title='bbox 840 1830 962 1871; x_wconf 87' lang='lat' dir='ltr'><strong>esse</strong></span> <span class='ocrx_word' id='word_1_218' title='bbox 1010 1814 1369 1872; x_wconf 88' lang='lat' dir='ltr'><strong>Orientalium</strong></span> <span class='ocrx_word' id='word_1_219' title='bbox 1416 1818 1630 1874; x_wconf 92' lang='lat' dir='ltr'><strong>animos</strong></span> <span class='ocrx_word' id='word_1_220' title='bbox 1652 1819 1722 1874; x_wconf 90' lang='lat' dir='ltr'><strong>ad</strong></span> <span class='ocrx_word' id='word_1_221' title='bbox 1777 1819 2152 1883; x_wconf 89' lang='lat' dir='ltr'><strong>serviendum,</strong></span> <span class='ocrx_word' id='word_1_222' title='bbox 2191 1808 2226 1861; x_wconf 78' lang='grc' dir='ltr'><strong><em>Β</em></strong></span> <span class='ocrx_word' id='word_1_223' title='bbox 2258 1810 2404 1877; x_wconf 67' lang='lat' dir='ltr'><strong>Piam</strong></span> <span class='ocrx_word' id='word_1_224' title='bbox 2453 1811 2680 1867; x_wconf 78' lang='grc' dir='ltr'><strong>οηιηῖιιο</strong></span> <span class='ocrx_word' id='word_1_225' title='bbox 2727 1820 2937 1871; x_wconf 61' lang='lat' dir='ltr'><strong>tentare</strong></span> <span class='ocrx_word' id='word_1_226' title='bbox 2988 1831 3154 1887; x_wconf 82' lang='lat' dir='ltr'><strong>quam</strong></span> <span class='ocrx_word' id='word_1_227' title='bbox 3196 1817 3344 1888; x_wconf 84' lang='lat' dir='ltr'><strong>quod</strong></span> <span class='ocrx_word' id='word_1_228' title='bbox 3391 1819 3540 1875; x_wconf 74' lang='lat' dir='ltr'><strong>salva</strong></span> <span class='ocrx_word' id='word_1_229' title='bbox 3594 1821 3830 1892; x_wconf 74' lang='lat' dir='ltr'><strong>ipsarum</strong></span> 
     </span>
    </p>
   </div>
   <div class='ocr_carea' id='block_1_34' title="bbox 577 1907 2151 1981">
    <p class='ocr_par' dir='ltr' id='par_1_34' title="bbox 577 1907 2151 1981">
     <span class='ocr_line' id='line_1_34' title="bbox 577 1907 2151 1981; baseline 0.004 -23"><span class='ocrx_word' id='word_1_230' title='bbox 577 1907 743 1961; x_wconf 86' lang='lat' dir='ltr'><strong>modo</strong></span> <span class='ocrx_word' id='word_1_231' title='bbox 768 1908 1056 1963; x_wconf 87' lang='lat' dir='ltr'><strong>videantur</strong></span> <span class='ocrx_word' id='word_1_232' title='bbox 1085 1910 1204 1980; x_wconf 91' lang='lat' dir='ltr'><strong>cogi</strong></span> <span class='ocrx_word' id='word_1_233' title='bbox 1233 1924 1248 1963; x_wconf 88' lang='lat'><strong>:</strong></span> <span class='ocrx_word' id='word_1_234' title='bbox 1278 1910 1507 1981; x_wconf 78' lang='lat' dir='ltr'><strong>cogendi</strong></span> <span class='ocrx_word' id='word_1_235' title='bbox 1539 1910 1760 1966; x_wconf 90' lang='lat' dir='ltr'><strong>modum</strong></span> <span class='ocrx_word' id='word_1_236' title='bbox 1786 1910 2151 1980; x_wconf 89' lang='lat' dir='ltr'><strong>aptissimum,</strong></span> 
     </span>
    </p>
   </div>
   <div class='ocr_carea' id='block_1_35' title="bbox 576 1998 2153 2072">
    <p class='ocr_par' dir='ltr' id='par_1_35' title="bbox 576 1998 2153 2072">
     <span class='ocr_line' id='line_1_35' title="bbox 576 1998 2153 2072; baseline 0.003 -19"><span class='ocrx_word' id='word_1_237' title='bbox 576 1998 620 2053; x_wconf 89' lang='lat' dir='ltr'><strong>si</strong></span> <span class='ocrx_word' id='word_1_238' title='bbox 668 1999 1047 2065; x_wconf 88' lang='lat' dir='ltr'><strong>restituantur,</strong></span> <span class='ocrx_word' id='word_1_239' title='bbox 1079 2016 1201 2070; x_wconf 75' lang='lat' dir='ltr'><strong>quae</strong></span> <span class='ocrx_word' id='word_1_240' title='bbox 1240 2002 1474 2056; x_wconf 90' lang='lat' dir='ltr'><strong>rescindi</strong></span> <span class='ocrx_word' id='word_1_241' title='bbox 1514 2003 1650 2057; x_wconf 89' lang='lat' dir='ltr'><strong>velit</strong></span> <span class='ocrx_word' id='word_1_242' title='bbox 1689 2002 1965 2072; x_wconf 76' lang='lat' dir='ltr'><strong>pontifex,</strong></span> <span class='ocrx_word' id='word_1_243' title='bbox 2005 2011 2060 2058; x_wconf 91' lang='lat' dir='ltr'><strong>et</strong></span> <span class='ocrx_word' id='word_1_244' title='bbox 2096 2003 2153 2058; x_wconf 88' lang='lat' dir='ltr'><strong>in</strong></span> 
     </span>
    </p>
   </div>
   <div class='ocr_carea' id='block_1_36' title="bbox 574 2090 2151 2167">
    <p class='ocr_par' dir='ltr' id='par_1_36' title="bbox 574 2090 2151 2167">
     <span class='ocr_line' id='line_1_36' title="bbox 574 2090 2151 2167; baseline 0.003 -21"><span class='ocrx_word' id='word_1_245' title='bbox 574 2090 817 2147; x_wconf 82' lang='lat' dir='ltr'><strong>Ecclesia</strong></span> <span class='ocrx_word' id='word_1_246' title='bbox 851 2103 1249 2163; x_wconf 89' lang='lat' dir='ltr'><strong>proponantur,</strong></span> <span class='ocrx_word' id='word_1_247' title='bbox 1278 2094 1334 2149; x_wconf 92' lang='lat' dir='ltr'><strong>in</strong></span> <span class='ocrx_word' id='word_1_248' title='bbox 1368 2111 1532 2164; x_wconf 86' lang='lat' dir='ltr'><strong>quam</strong></span> <span class='ocrx_word' id='word_1_249' title='bbox 1572 2095 1867 2151; x_wconf 90' lang='lat' dir='ltr'><strong>convenire</strong></span> <span class='ocrx_word' id='word_1_250' title='bbox 1907 2097 2151 2167; x_wconf 87' lang='lat' dir='ltr'><strong>episcopi</strong></span> 
     </span>
    </p>
   </div>
   <div class='ocr_carea' id='block_1_37' title="bbox 573 2185 2152 2259">
    <p class='ocr_par' dir='ltr' id='par_1_37' title="bbox 573 2185 2152 2259">
     <span class='ocr_line' id='line_1_37' title="bbox 573 2185 2152 2259; baseline 0.004 -22"><span class='ocrx_word' id='word_1_251' title='bbox 573 2185 992 2254; x_wconf 85' lang='lat' dir='ltr'><strong>compellantur,</strong></span> <span class='ocrx_word' id='word_1_252' title='bbox 1036 2195 1098 2241; x_wconf 91' lang='lat' dir='ltr'><strong>ut</strong></span> <span class='ocrx_word' id='word_1_253' title='bbox 1142 2203 1243 2257; x_wconf 90' lang='lat' dir='ltr'><strong>pro</strong></span> <span class='ocrx_word' id='word_1_254' title='bbox 1291 2187 1622 2259; x_wconf 86' lang='lat' dir='ltr'><strong>imperatore</strong></span> <span class='ocrx_word' id='word_1_255' title='bbox 1665 2203 1858 2259; x_wconf 83' lang='lat' dir='ltr'><strong>preces</strong></span> <span class='ocrx_word' id='word_1_256' title='bbox 1906 2204 2152 2244; x_wconf 88' lang='lat' dir='ltr'><strong>commu-</strong></span> 
     </span>
    </p>
   </div>
   <div class='ocr_carea' id='block_1_38' title="bbox 574 2273 2150 2351">
    <p class='ocr_par' dir='ltr' id='par_1_38' title="bbox 574 2273 2150 2351">
     <span class='ocr_line' id='line_1_38' title="bbox 574 2273 2150 2351; baseline 0.005 -24"><span class='ocrx_word' id='word_1_257' title='bbox 574 2273 718 2328; x_wconf 87' lang='lat' dir='ltr'><strong>niter</strong></span> <span class='ocrx_word' id='word_1_258' title='bbox 764 2275 1021 2342; x_wconf 89' lang='lat' dir='ltr'><strong>fundant;</strong></span> <span class='ocrx_word' id='word_1_259' title='bbox 1078 2294 1273 2333; x_wconf 89' lang='lat' dir='ltr'><strong>omnes</strong></span> <span class='ocrx_word' id='word_1_260' title='bbox 1314 2294 1661 2344; x_wconf 89' lang='lat' dir='ltr'><strong>assensuros,</strong></span> <span class='ocrx_word' id='word_1_261' title='bbox 1701 2288 1901 2350; x_wconf 67' lang='lat' dir='ltr'><strong>praeter</strong></span> <span class='ocrx_word' id='word_1_262' title='bbox 1945 2296 2150 2351; x_wconf 87' lang='lat' dir='ltr'><strong>paucos</strong></span> 
     </span>
    </p>
   </div>
   <div class='ocr_carea' id='block_1_39' title="bbox 571 2367 2149 2443">
    <p class='ocr_par' dir='ltr' id='par_1_39' title="bbox 571 2367 2149 2443">
     <span class='ocr_line' id='line_1_39' title="bbox 571 2367 2149 2443; baseline 0.005 -23"><span class='ocrx_word' id='word_1_263' title='bbox 571 2367 665 2436; x_wconf 89' lang='lat' dir='ltr'><strong>qui</strong></span> <span class='ocrx_word' id='word_1_264' title='bbox 710 2369 894 2437; x_wconf 88' lang='lat' dir='ltr'><strong>sperni</strong></span> <span class='ocrx_word' id='word_1_265' title='bbox 935 2370 1088 2425; x_wconf 91' lang='lat' dir='ltr'><strong>nullo</strong></span> <span class='ocrx_word' id='word_1_266' title='bbox 1131 2371 1332 2426; x_wconf 87' lang='lat' dir='ltr'><strong>damno</strong></span> <span class='ocrx_word' id='word_1_267' title='bbox 1376 2379 1582 2441; x_wconf 87' lang='lat' dir='ltr'><strong>queant</strong></span> <span class='ocrx_word' id='word_1_268' title='bbox 1622 2389 1634 2425; x_wconf 92' lang='lat'>:</span> <span class='ocrx_word' id='word_1_269' title='bbox 1672 2387 1955 2428; x_wconf 88' lang='lat' dir='ltr'><strong>assensum</strong></span> <span class='ocrx_word' id='word_1_270' title='bbox 2004 2374 2149 2443; x_wconf 85' lang='lat' dir='ltr'><strong>ejus-</strong></span> 
     </span>
    </p>
   </div>
   <div class='ocr_carea' id='block_1_40' title="bbox 568 2446 2149 2534">
    <p class='ocr_par' dir='ltr' id='par_1_40' title="bbox 568 2446 2149 2534">
     <span class='ocr_line' id='line_1_40' title="bbox 568 2446 2149 2534; baseline 0.006 -24"><span class='ocrx_word' id='word_1_271' title='bbox 568 2457 718 2512; x_wconf 87' lang='lat' dir='ltr'><strong>modi</strong></span> <span class='ocrx_word' id='word_1_272' title='bbox 759 2458 1003 2515; x_wconf 90' lang='lat' dir='ltr'><strong>futurum</strong></span> <span class='ocrx_word' id='word_1_273' title='bbox 1043 2462 1263 2517; x_wconf 89' lang='lat' dir='ltr'><strong>arrham</strong></span> <span class='ocrx_word' id='word_1_274' title='bbox 1298 2463 1589 2533; x_wconf 77' lang='lat' dir='ltr'><strong>praestandi</strong></span> <span class='ocrx_word' id='word_1_275' title='bbox 1620 2479 1649 2517; x_wconf 92' lang='lat' dir='ltr'><strong>a</strong></span> <span class='ocrx_word' id='word_1_276' title='bbox 1677 2446 2003 2534; x_wconf 78' lang='lat' dir='ltr'><strong>patriarchis</strong></span> <span class='ocrx_word' id='word_1_277' title='bbox 2032 2481 2149 2520; x_wconf 90' lang='lat' dir='ltr'><strong>om-</strong></span> 
     </span>
    </p>
   </div>
   <div class='ocr_carea' id='block_1_41' title="bbox 568 2548 2146 2628">
    <p class='ocr_par' dir='ltr' id='par_1_41' title="bbox 568 2548 2146 2628">
     <span class='ocr_line' id='line_1_41' title="bbox 568 2548 2146 2628; baseline 0.006 -25"><span class='ocrx_word' id='word_1_278' title='bbox 568 2548 733 2604; x_wconf 90' lang='lat' dir='ltr'><strong>nibus</strong></span> <span class='ocrx_word' id='word_1_279' title='bbox 756 2551 1025 2621; x_wconf 89' lang='lat' dir='ltr'><strong>obsequii,</strong></span> <span class='ocrx_word' id='word_1_280' title='bbox 1052 2560 1108 2607; x_wconf 87' lang='lat' dir='ltr'><strong>et</strong></span> <span class='ocrx_word' id='word_1_281' title='bbox 1130 2555 1285 2624; x_wconf 72' lang='lat' dir='ltr'><strong>quasi</strong></span> <span class='ocrx_word' id='word_1_282' title='bbox 1323 2556 1728 2625; x_wconf 71' lang='lat' dir='ltr'><strong>prmjudicatam</strong></span> <span class='ocrx_word' id='word_1_283' title='bbox 1761 2558 1951 2628; x_wconf 86' lang='lat' dir='ltr'><strong>synodi</strong></span> <span class='ocrx_word' id='word_1_284' title='bbox 1977 2559 2146 2613; x_wconf 86' lang='lat' dir='ltr'><strong>totius</strong></span> 
     </span>
    </p>
   </div>
   <div class='ocr_carea' id='block_1_42' title="bbox 567 2642 2145 2713">
    <p class='ocr_par' dir='ltr' id='par_1_42' title="bbox 567 2642 2145 2713">
     <span class='ocr_line' id='line_1_42' title="bbox 567 2642 2145 2713; baseline 0.004 -16"><span class='ocrx_word' id='word_1_285' title='bbox 567 2642 896 2697; x_wconf 83' lang='lat' dir='ltr'><strong>sententiam</strong></span> <span class='ocrx_word' id='word_1_286' title='bbox 932 2661 945 2697; x_wconf 92' lang='lat'><strong>:</strong></span> <span class='ocrx_word' id='word_1_287' title='bbox 979 2660 1088 2698; x_wconf 90' lang='lat' dir='ltr'><strong>non</strong></span> <span class='ocrx_word' id='word_1_288' title='bbox 1128 2645 1325 2700; x_wconf 84' lang='lat' dir='ltr'><strong>decere</strong></span> <span class='ocrx_word' id='word_1_289' title='bbox 1368 2646 1650 2701; x_wconf 89' lang='lat' dir='ltr'><strong>dominum</strong></span> <span class='ocrx_word' id='word_1_290' title='bbox 1673 2648 1850 2713; x_wconf 86' lang='lat' dir='ltr'><strong>orbis,</strong></span> <span class='ocrx_word' id='word_1_291' title='bbox 1881 2649 2145 2705; x_wconf 88' lang='lat' dir='ltr'><strong>adhibitis</strong></span> 
     </span>
    </p>
   </div>
   <div class='ocr_carea' id='block_1_43' title="bbox 566 2721 2140 2809">
    <p class='ocr_par' dir='ltr' id='par_1_43' title="bbox 566 2721 2140 2809">
     <span class='ocr_line' id='line_1_43' title="bbox 566 2721 2140 2809; baseline 0.005 -21"><span class='ocrx_word' id='word_1_292' title='bbox 566 2734 918 2789; x_wconf 88' lang='lat' dir='ltr'><strong>cautionibus</strong></span> <span class='ocrx_word' id='word_1_293' title='bbox 962 2721 1254 2805; x_wconf 72' lang='lat' dir='ltr'><strong>praestare,</strong></span> <span class='ocrx_word' id='word_1_294' title='bbox 1297 2737 1443 2807; x_wconf 91' lang='lat' dir='ltr'><strong>quod</strong></span> <span class='ocrx_word' id='word_1_295' title='bbox 1480 2739 1726 2809; x_wconf 89' lang='lat' dir='ltr'><strong>jussione</strong></span> <span class='ocrx_word' id='word_1_296' title='bbox 1771 2740 1944 2809; x_wconf 90' lang='lat' dir='ltr'><strong>possit</strong></span> <span class='ocrx_word' id='word_1_297' title='bbox 1981 2758 1993 2793; x_wconf 93' lang='lat'><strong>:</strong></span> <span class='ocrx_word' id='word_1_298' title='bbox 2034 2757 2140 2796; x_wconf 88' lang='lat' dir='ltr'><strong>non</strong></span> 
     </span>
    </p>
   </div>
   <div class='ocr_carea' id='block_1_44' title="bbox 565 2821 2139 2896">
    <p class='ocr_par' dir='ltr' id='par_1_44' title="bbox 565 2821 2139 2896">
     <span class='ocr_line' id='line_1_44' title="bbox 565 2821 2139 2896; baseline 0.006 -21"><span class='ocrx_word' id='word_1_299' title='bbox 565 2821 709 2879; x_wconf 89' lang='lat' dir='ltr'><strong>banc</strong></span> <span class='ocrx_word' id='word_1_300' title='bbox 742 2824 909 2879; x_wconf 89' lang='lat' dir='ltr'><strong>fuisse</strong></span> <span class='ocrx_word' id='word_1_301' title='bbox 946 2825 1086 2881; x_wconf 64' lang='lat' dir='ltr'><strong>divte</strong></span> <span class='ocrx_word' id='word_1_302' title='bbox 1123 2826 1422 2883; x_wconf 75' lang='lat' dir='ltr'><strong>Tbeodora:</strong></span> <span class='ocrx_word' id='word_1_303' title='bbox 1461 2836 1722 2893; x_wconf 89' lang='lat' dir='ltr'><strong>mentem,</strong></span> <span class='ocrx_word' id='word_1_304' title='bbox 1757 2844 1880 2884; x_wconf 90' lang='lat' dir='ltr'><strong>cum</strong></span> <span class='ocrx_word' id='word_1_305' title='bbox 1911 2830 2139 2896; x_wconf 86' lang='lat' dir='ltr'><strong>diceret,</strong></span> 
     </span>
    </p>
   </div>
   <div class='ocr_carea' id='block_1_45' title="bbox 563 2910 2145 2985">
    <p class='ocr_par' dir='ltr' id='par_1_45' title="bbox 563 2910 2145 2985">
     <span class='ocr_line' id='line_1_45' title="bbox 563 2910 2145 2985; baseline 0.004 -18"><span class='ocrx_word' id='word_1_306' title='bbox 563 2910 972 2983; x_wconf 85' lang='lat' dir='ltr'><strong>imperatoriam</strong></span> <span class='ocrx_word' id='word_1_307' title='bbox 997 2916 1333 2985; x_wconf 85' lang='lat' dir='ltr'><strong>majestatem</strong></span> <span class='ocrx_word' id='word_1_308' title='bbox 1357 2916 1468 2971; x_wconf 86' lang='lat' dir='ltr'><strong>sola</strong></span> <span class='ocrx_word' id='word_1_309' title='bbox 1490 2916 1673 2971; x_wconf 91' lang='lat' dir='ltr'><strong>divina</strong></span> <span class='ocrx_word' id='word_1_310' title='bbox 1696 2917 1965 2972; x_wconf 87' lang='lat' dir='ltr'><strong>minorem</strong></span> <span class='ocrx_word' id='word_1_311' title='bbox 1987 2933 2106 2973; x_wconf 89' lang='lat' dir='ltr'><strong>esse</strong></span> <span class='ocrx_word' id='word_1_312' title='bbox 2124 2924 2145 2973; x_wconf 77' lang='grc' dir='ltr'><strong>ε’</strong></span> 
     </span>
    </p>
   </div>
   <div class='ocr_carea' id='block_1_46' title="bbox 563 3005 2141 3079">
    <p class='ocr_par' dir='ltr' id='par_1_46' title="bbox 563 3005 2141 3079">
     <span class='ocr_line' id='line_1_46' title="bbox 563 3005 2141 3079; baseline 0.004 -21"><span class='ocrx_word' id='word_1_313' title='bbox 563 3006 960 3074; x_wconf 86' lang='lat' dir='ltr'><strong>parentandum</strong></span> <span class='ocrx_word' id='word_1_314' title='bbox 1003 3005 1259 3078; x_wconf 62' lang='lat' dir='ltr'><strong>Augustae</strong></span> <span class='ocrx_word' id='word_1_315' title='bbox 1293 3008 1568 3075; x_wconf 88' lang='lat' dir='ltr'><strong>manibus,</strong></span> <span class='ocrx_word' id='word_1_316' title='bbox 1593 3022 1704 3079; x_wconf 91' lang='lat' dir='ltr'><strong>quo</strong></span> <span class='ocrx_word' id='word_1_317' title='bbox 1742 3009 1977 3064; x_wconf 85' lang='lat' dir='ltr'><strong>maxime</strong></span> <span class='ocrx_word' id='word_1_318' title='bbox 2017 3026 2141 3065; x_wconf 88' lang='lat' dir='ltr'><strong>ave-</strong></span> 
     </span>
    </p>
   </div>
   <div class='ocr_carea' id='block_1_47' title="bbox 562 3095 1473 3169">
    <p class='ocr_par' dir='ltr' id='par_1_47' title="bbox 562 3095 1473 3169">
     <span class='ocr_line' id='line_1_47' title="bbox 562 3095 1473 3169; baseline 0.005 -19"><span class='ocrx_word' id='word_1_319' title='bbox 562 3095 675 3161; x_wconf 90' lang='lat' dir='ltr'><strong>bat,</strong></span> <span class='ocrx_word' id='word_1_320' title='bbox 711 3096 1062 3153; x_wconf 88' lang='lat' dir='ltr'><strong>inimicorum</strong></span> <span class='ocrx_word' id='word_1_321' title='bbox 1097 3099 1473 3169; x_wconf 87' lang='lat' dir='ltr'><strong>depressione.</strong></span> 
     </span>
    </p>
   </div>
   <div class='ocr_carea' id='block_1_48' title="bbox 630 3189 2140 3263">
    <p class='ocr_par' dir='ltr' id='par_1_48' title="bbox 630 3189 2140 3263">
     <span class='ocr_line' id='line_1_48' title="bbox 630 3189 2140 3263; baseline 0.001 -19"><span class='ocrx_word' id='word_1_322' title='bbox 630 3189 719 3244; x_wconf 86' lang='lat' dir='ltr'><strong>Ill.</strong></span> <span class='ocrx_word' id='word_1_323' title='bbox 748 3190 845 3245; x_wconf 84' lang='lat' dir='ltr'><strong>His</strong></span> <span class='ocrx_word' id='word_1_324' title='bbox 872 3191 1037 3246; x_wconf 92' lang='lat' dir='ltr'><strong>aulici</strong></span> <span class='ocrx_word' id='word_1_325' title='bbox 1063 3191 1305 3262; x_wconf 88' lang='lat' dir='ltr'><strong>episcopi</strong></span> <span class='ocrx_word' id='word_1_326' title='bbox 1331 3191 1633 3249; x_wconf 89' lang='lat' dir='ltr'><strong>mendaciis</strong></span> <span class='ocrx_word' id='word_1_327' title='bbox 1658 3191 1931 3248; x_wconf 91' lang='lat' dir='ltr'><strong>abductus</strong></span> <span class='ocrx_word' id='word_1_328' title='bbox 1958 3207 1987 3246; x_wconf 92' lang='lat' dir='ltr'><strong>a</strong></span> <span class='ocrx_word' id='word_1_329' title='bbox 2014 3208 2140 3263; x_wconf 90' lang='lat' dir='ltr'><strong>pro-</strong></span> 
     </span>
    </p>
   </div>
   <div class='ocr_carea' id='block_1_49' title="bbox 560 3280 2140 3354">
    <p class='ocr_par' dir='ltr' id='par_1_49' title="bbox 560 3280 2140 3354">
     <span class='ocr_line' id='line_1_49' title="bbox 560 3280 2140 3354; baseline 0.003 -21"><span class='ocrx_word' id='word_1_330' title='bbox 560 3280 740 3350; x_wconf 89' lang='lat' dir='ltr'><strong>posito</strong></span> <span class='ocrx_word' id='word_1_331' title='bbox 761 3280 1123 3349; x_wconf 83' lang='lat' dir='ltr'><strong>Justinianus,</strong></span> <span class='ocrx_word' id='word_1_332' title='bbox 1148 3292 1334 3353; x_wconf 86' lang='lat' dir='ltr'><strong>spreto</strong></span> <span class='ocrx_word' id='word_1_333' title='bbox 1359 3292 1724 3349; x_wconf 88' lang='lat' dir='ltr'><strong>sacramento,</strong></span> <span class='ocrx_word' id='word_1_334' title='bbox 1748 3284 1879 3339; x_wconf 86' lang='lat' dir='ltr'><strong>fecit</strong></span> <span class='ocrx_word' id='word_1_335' title='bbox 1901 3290 2140 3354; x_wconf 87' lang='lat' dir='ltr'><strong>potesta-</strong></span> 
     </span>
    </p>
   </div>
   <div class='ocr_carea' id='block_1_50' title="bbox 560 3371 2140 3445">
    <p class='ocr_par' dir='ltr' id='par_1_50' title="bbox 560 3371 2140 3445">
     <span class='ocr_line' id='line_1_50' title="bbox 560 3371 2140 3445; baseline 0.003 -22"><span class='ocrx_word' id='word_1_336' title='bbox 560 3377 671 3424; x_wconf 91' lang='lat' dir='ltr'><strong>tem</strong></span> <span class='ocrx_word' id='word_1_337' title='bbox 701 3371 1027 3427; x_wconf 89' lang='lat' dir='ltr'><strong>restituendi</strong></span> <span class='ocrx_word' id='word_1_338' title='bbox 1053 3372 1109 3428; x_wconf 91' lang='lat' dir='ltr'><strong>in</strong></span> <span class='ocrx_word' id='word_1_339' title='bbox 1136 3373 1434 3444; x_wconf 90' lang='lat' dir='ltr'><strong>integrum,</strong></span> <span class='ocrx_word' id='word_1_340' title='bbox 1456 3374 1600 3445; x_wconf 87' lang='lat' dir='ltr'><strong>quod</strong></span> <span class='ocrx_word' id='word_1_341' title='bbox 1626 3375 1789 3444; x_wconf 91' lang='lat' dir='ltr'><strong>paulo</strong></span> <span class='ocrx_word' id='word_1_342' title='bbox 1813 3383 1942 3429; x_wconf 91' lang='lat' dir='ltr'><strong>ante</strong></span> <span class='ocrx_word' id='word_1_343' title='bbox 1974 3375 2140 3430; x_wconf 86' lang='lat' dir='ltr'><strong>resci-</strong></span> 
     </span>
    </p>
   </div>
   <div class='ocr_carea' id='block_1_51' title="bbox 558 3461 2137 3537">
    <p class='ocr_par' dir='ltr' id='par_1_51' title="bbox 558 3461 2137 3537">
     <span class='ocr_line' id='line_1_51' title="bbox 558 3461 2137 3537; baseline 0.004 -22"><span class='ocrx_word' id='word_1_344' title='bbox 558 3461 734 3517; x_wconf 85' lang='lat' dir='ltr'><strong>derat.</strong></span> <span class='ocrx_word' id='word_1_345' title='bbox 770 3462 1025 3520; x_wconf 85' lang='lat' dir='ltr'><strong>Edictum</strong></span> <span class='ocrx_word' id='word_1_346' title='bbox 1064 3465 1256 3537; x_wconf 83' lang='lat' dir='ltr'><strong>igitur,</strong></span> <span class='ocrx_word' id='word_1_347' title='bbox 1290 3482 1402 3536; x_wconf 92' lang='lat' dir='ltr'><strong>quo</strong></span> <span class='ocrx_word' id='word_1_348' title='bbox 1441 3467 1676 3536; x_wconf 90' lang='lat' dir='ltr'><strong>quisque</strong></span> <span class='ocrx_word' id='word_1_349' title='bbox 1705 3467 2003 3537; x_wconf 90' lang='lat' dir='ltr'><strong>jubebatur</strong></span> <span class='ocrx_word' id='word_1_350' title='bbox 2034 3467 2137 3522; x_wconf 89' lang='lat' dir='ltr'><strong>tria</strong></span> 
     </span>
    </p>
   </div>
   <div class='ocr_carea' id='block_1_52' title="bbox 556 3554 2135 3629">
    <p class='ocr_par' dir='ltr' id='par_1_52' title="bbox 556 3554 2135 3629">
     <span class='ocr_line' id='line_1_52' title="bbox 556 3554 2135 3629; baseline 0.003 -21"><span class='ocrx_word' id='word_1_351' title='bbox 556 3554 797 3624; x_wconf 84' lang='lat' dir='ltr'><strong>capitula</strong></span> <span class='ocrx_word' id='word_1_352' title='bbox 826 3555 1108 3623; x_wconf 90' lang='lat' dir='ltr'><strong>damnare,</strong></span> <span class='ocrx_word' id='word_1_353' title='bbox 1140 3559 1485 3629; x_wconf 88' lang='lat' dir='ltr'><strong>proponitur,</strong></span> <span class='ocrx_word' id='word_1_354' title='bbox 1516 3566 1573 3613; x_wconf 88' lang='lat' dir='ltr'><strong>et</strong></span> <span class='ocrx_word' id='word_1_355' title='bbox 1601 3557 1822 3629; x_wconf 82' lang='lat' dir='ltr'><strong>quidem</strong></span> <span class='ocrx_word' id='word_1_356' title='bbox 1859 3558 1912 3612; x_wconf 93' lang='lat' dir='ltr'><strong>in</strong></span> <span class='ocrx_word' id='word_1_357' title='bbox 1945 3558 2135 3614; x_wconf 87' lang='lat' dir='ltr'><strong>Eccle-</strong></span> 
     </span>
    </p>
   </div>
   <div class='ocr_carea' id='block_1_53' title="bbox 558 3644 1478 3720">
    <p class='ocr_par' dir='ltr' id='par_1_53' title="bbox 558 3644 1478 3720">
     <span class='ocr_line' id='line_1_53' title="bbox 558 3644 1478 3720; baseline 0.003 -20"><span class='ocrx_word' id='word_1_358' title='bbox 558 3644 660 3711; x_wconf 86' lang='lat' dir='ltr'><strong>sia,</strong></span> <span class='ocrx_word' id='word_1_359' title='bbox 691 3661 800 3717; x_wconf 89' lang='lat' dir='ltr'><strong>quo</strong></span> <span class='ocrx_word' id='word_1_360' title='bbox 834 3649 1144 3720; x_wconf 88' lang='lat' dir='ltr'><strong>religiosius</strong></span> <span class='ocrx_word' id='word_1_361' title='bbox 1176 3650 1478 3706; x_wconf 86' lang='lat' dir='ltr'><strong>videretur.</strong></span> 
     </span>
    </p>
   </div>
   <div class='ocr_carea' id='block_1_54' title="bbox 627 3736 2133 3810">
    <p class='ocr_par' dir='ltr' id='par_1_54' title="bbox 627 3736 2133 3810">
     <span class='ocr_line' id='line_1_54' title="bbox 627 3736 2133 3810; baseline 0.002 -18"><span class='ocrx_word' id='word_1_362' title='bbox 627 3736 714 3793; x_wconf 81' lang='grc' dir='ltr'><strong>ιν.</strong></span> <span class='ocrx_word' id='word_1_363' title='bbox 752 3739 997 3795; x_wconf 78' lang='lat' dir='ltr'><strong>Pontifex</strong></span> <span class='ocrx_word' id='word_1_364' title='bbox 1032 3751 1140 3796; x_wconf 89' lang='lat' dir='ltr'><strong>tam</strong></span> <span class='ocrx_word' id='word_1_365' title='bbox 1166 3738 1521 3810; x_wconf 74' lang='lat' dir='ltr'><strong>perfidiosum</strong></span> <span class='ocrx_word' id='word_1_366' title='bbox 1549 3740 1763 3796; x_wconf 84' lang='lat' dir='ltr'><strong>facinus</strong></span> <span class='ocrx_word' id='word_1_367' title='bbox 1796 3750 2133 3806; x_wconf 82' lang='lat' dir='ltr'><strong>exsecratus,</strong></span> 
     </span>
    </p>
   </div>
   <div class='ocr_carea' id='block_1_55' title="bbox 556 3822 2136 3903">
    <p class='ocr_par' dir='ltr' id='par_1_55' title="bbox 556 3822 2136 3903">
     <span class='ocr_line' id='line_1_55' title="bbox 556 3822 2136 3903; baseline 0.003 -19"><span class='ocrx_word' id='word_1_368' title='bbox 556 3822 812 3901; x_wconf 83' lang='lat' dir='ltr'><strong>prohibet</strong></span> <span class='ocrx_word' id='word_1_369' title='bbox 848 3830 1071 3896; x_wconf 87' lang='lat' dir='ltr'><strong>acriter,</strong></span> <span class='ocrx_word' id='word_1_370' title='bbox 1110 3848 1179 3887; x_wconf 91' lang='lat' dir='ltr'><strong>ne</strong></span> <span class='ocrx_word' id='word_1_371' title='bbox 1225 3832 1351 3902; x_wconf 90' lang='lat' dir='ltr'><strong>quis</strong></span> <span class='ocrx_word' id='word_1_372' title='bbox 1390 3841 1580 3903; x_wconf 89' lang='lat' dir='ltr'><strong>pareat</strong></span> <span class='ocrx_word' id='word_1_373' title='bbox 1615 3850 1629 3887; x_wconf 89' lang='lat'><strong>:</strong></span> <span class='ocrx_word' id='word_1_374' title='bbox 1667 3832 1761 3903; x_wconf 89' lang='lat' dir='ltr'><strong>qui</strong></span> <span class='ocrx_word' id='word_1_375' title='bbox 1804 3832 1957 3898; x_wconf 86' lang='lat' dir='ltr'><strong>faxit,</strong></span> <span class='ocrx_word' id='word_1_376' title='bbox 1989 3843 2136 3889; x_wconf 89' lang='lat' dir='ltr'><strong>vetat</strong></span> 
     </span>
    </p>
   </div>
   <div class='ocr_carea' id='block_1_56' title="bbox 555 3907 2137 3994">
    <p class='ocr_par' dir='ltr' id='par_1_56' title="bbox 555 3907 2137 3994">
     <span class='ocr_line' id='line_1_56' title="bbox 555 3907 2137 3994; baseline 0.001 -16"><span class='ocrx_word' id='word_1_377' title='bbox 555 3907 664 3978; x_wconf 84' lang='lat' dir='ltr'><strong>frui</strong></span> <span class='ocrx_word' id='word_1_378' title='bbox 712 3924 1097 3979; x_wconf 88' lang='lat' dir='ltr'><strong>communione</strong></span> <span class='ocrx_word' id='word_1_379' title='bbox 1138 3924 1286 3980; x_wconf 90' lang='lat' dir='ltr'><strong>sedis</strong></span> <span class='ocrx_word' id='word_1_380' title='bbox 1332 3924 1665 3994; x_wconf 71' lang='lat' dir='ltr'><strong>apostolicae,</strong></span> <span class='ocrx_word' id='word_1_381' title='bbox 1708 3933 1765 3980; x_wconf 93' lang='lat' dir='ltr'><strong>et</strong></span> <span class='ocrx_word' id='word_1_382' title='bbox 1804 3925 1889 3980; x_wconf 91' lang='lat' dir='ltr'><strong>sui</strong></span> <span class='ocrx_word' id='word_1_383' title='bbox 1924 3924 2137 3980; x_wconf 88' lang='lat' dir='ltr'><strong>ordinis</strong></span> 
     </span>
    </p>
   </div>
   <div class='ocr_carea' id='block_1_57' title="bbox 554 4014 2132 4087">
    <p class='ocr_par' dir='ltr' id='par_1_57' title="bbox 554 4014 2132 4087">
     <span class='ocr_line' id='line_1_57' title="bbox 554 4014 2132 4087; baseline 0.003 -19"><span class='ocrx_word' id='word_1_384' title='bbox 554 4014 754 4085; x_wconf 91' lang='lat' dir='ltr'><strong>gradu;</strong></span> <span class='ocrx_word' id='word_1_385' title='bbox 795 4014 1153 4071; x_wconf 88' lang='lat' dir='ltr'><strong>denuntiatur</strong></span> <span class='ocrx_word' id='word_1_386' title='bbox 1191 4015 1511 4086; x_wconf 81' lang='lat' dir='ltr'><strong>prohibitio,</strong></span> <span class='ocrx_word' id='word_1_387' title='bbox 1547 4025 1610 4071; x_wconf 89' lang='lat' dir='ltr'><strong>ut</strong></span> <span class='ocrx_word' id='word_1_388' title='bbox 1647 4025 1886 4087; x_wconf 90' lang='lat' dir='ltr'><strong>oportet,</strong></span> <span class='ocrx_word' id='word_1_389' title='bbox 1918 4018 2132 4087; x_wconf 85' lang='lat' dir='ltr'><strong>episeo-</strong></span> 
     </span>
    </p>
   </div>
   <div class='ocr_carea' id='block_1_58' title="bbox 553 4106 2135 4178">
    <p class='ocr_par' dir='ltr' id='par_1_58' title="bbox 553 4106 2135 4178">
     <span class='ocr_line' id='line_1_58' title="bbox 553 4106 2135 4178; baseline 0.003 -17"><span class='ocrx_word' id='word_1_390' title='bbox 553 4106 639 4178; x_wconf 91' lang='lat' dir='ltr'><strong>pis</strong></span> <span class='ocrx_word' id='word_1_391' title='bbox 667 4125 679 4161; x_wconf 89' lang='lat'><strong>:</strong></span> <span class='ocrx_word' id='word_1_392' title='bbox 710 4107 854 4162; x_wconf 87' lang='lat' dir='ltr'><strong>trahi</strong></span> <span class='ocrx_word' id='word_1_393' title='bbox 902 4116 1081 4162; x_wconf 90' lang='lat' dir='ltr'><strong>tamen</strong></span> <span class='ocrx_word' id='word_1_394' title='bbox 1112 4123 1169 4162; x_wconf 93' lang='lat' dir='ltr'><strong>se</strong></span> <span class='ocrx_word' id='word_1_395' title='bbox 1198 4109 1481 4175; x_wconf 91' lang='lat' dir='ltr'><strong>patiuntur</strong></span> <span class='ocrx_word' id='word_1_396' title='bbox 1507 4124 1539 4163; x_wconf 92' lang='lat' dir='ltr'><strong>a</strong></span> <span class='ocrx_word' id='word_1_397' title='bbox 1562 4109 1855 4164; x_wconf 88' lang='lat' dir='ltr'><strong>Theodoro</strong></span> <span class='ocrx_word' id='word_1_398' title='bbox 1886 4109 1940 4164; x_wconf 94' lang='lat' dir='ltr'><strong>in</strong></span> <span class='ocrx_word' id='word_1_399' title='bbox 1974 4109 2135 4165; x_wconf 86' lang='lat' dir='ltr'><strong>obse-</strong></span> 
     </span>
    </p>
   </div>
   <div class='ocr_carea' id='block_1_59' title="bbox 553 4199 2128 4272">
    <p class='ocr_par' dir='ltr' id='par_1_59' title="bbox 553 4199 2128 4272">
     <span class='ocr_line' id='line_1_59' title="bbox 553 4199 2128 4272; baseline 0.004 -20"><span class='ocrx_word' id='word_1_400' title='bbox 553 4200 764 4269; x_wconf 91' lang='lat' dir='ltr'><strong>quium,</strong></span> <span class='ocrx_word' id='word_1_401' title='bbox 790 4215 900 4269; x_wconf 89' lang='lat' dir='ltr'><strong>quo</strong></span> <span class='ocrx_word' id='word_1_402' title='bbox 922 4200 1115 4270; x_wconf 90' lang='lat' dir='ltr'><strong>polluti</strong></span> <span class='ocrx_word' id='word_1_403' title='bbox 1136 4199 1202 4254; x_wconf 93' lang='lat' dir='ltr'><strong>ad</strong></span> <span class='ocrx_word' id='word_1_404' title='bbox 1222 4216 1376 4255; x_wconf 89' lang='lat' dir='ltr'><strong>sacra</strong></span> <span class='ocrx_word' id='word_1_405' title='bbox 1396 4215 1521 4255; x_wconf 84' lang='lat' dir='ltr'><strong>mox</strong></span> <span class='ocrx_word' id='word_1_406' title='bbox 1541 4202 1802 4272; x_wconf 89' lang='lat' dir='ltr'><strong>mysteria</strong></span> <span class='ocrx_word' id='word_1_407' title='bbox 1824 4217 1946 4256; x_wconf 89' lang='lat' dir='ltr'><strong>cum</strong></span> <span class='ocrx_word' id='word_1_408' title='bbox 1972 4200 2128 4272; x_wconf 66' lang='grc'><strong>241</strong></span> 
     </span>
    </p>
   </div>
   <div class='ocr_carea' id='block_1_60' title="bbox 554 4292 2135 4349">
    <p class='ocr_par' dir='ltr' id='par_1_60' title="bbox 554 4292 2135 4349">
     <span class='ocr_line' id='line_1_60' title="bbox 554 4292 2135 4349; baseline 0.001 -3"><span class='ocrx_word' id='word_1_409' title='bbox 554 4292 813 4348; x_wconf 87' lang='lat' dir='ltr'><strong>facinoris</strong></span> <span class='ocrx_word' id='word_1_410' title='bbox 847 4301 1073 4348; x_wconf 89' lang='lat' dir='ltr'><strong>auctore</strong></span> <span class='ocrx_word' id='word_1_411' title='bbox 1103 4292 1393 4347; x_wconf 81' lang='lat' dir='ltr'><strong>accedunt.</strong></span> <span class='ocrx_word' id='word_1_412' title='bbox 1422 4292 1781 4349; x_wconf 83' lang='lat' dir='ltr'><strong>Recrudescit</strong></span> <span class='ocrx_word' id='word_1_413' title='bbox 1813 4294 2017 4349; x_wconf 89' lang='lat' dir='ltr'><strong>bellum</strong></span> <span class='ocrx_word' id='word_1_414' title='bbox 2043 4293 2135 4349; x_wconf 75' lang='lat' dir='ltr'><strong>Vi—</strong></span> 
     </span>
    </p>
   </div>
   <div class='ocr_carea' id='block_1_61' title="bbox 552 4384 2131 4462">
    <p class='ocr_par' dir='ltr' id='par_1_61' title="bbox 552 4384 2131 4462">
     <span class='ocr_line' id='line_1_61' title="bbox 552 4384 2131 4462; baseline 0.002 -24"><span class='ocrx_word' id='word_1_415' title='bbox 552 4385 909 4455; x_wconf 76' lang='lat' dir='ltr'><strong>gilium‘inter</strong></span> <span class='ocrx_word' id='word_1_416' title='bbox 933 4393 989 4440; x_wconf 92' lang='lat' dir='ltr'><strong>et</strong></span> <span class='ocrx_word' id='word_1_417' title='bbox 1013 4384 1414 4451; x_wconf 74' lang='lat' dir='ltr'><strong>Iustinianum;</strong></span> <span class='ocrx_word' id='word_1_418' title='bbox 1441 4386 1783 4462; x_wconf 87' lang='lat' dir='ltr'><strong>_Tbeodorus</strong></span> <span class='ocrx_word' id='word_1_419' title='bbox 1809 4401 1841 4441; x_wconf 88' lang='lat' dir='ltr'><strong>a</strong></span> <span class='ocrx_word' id='word_1_420' title='bbox 1874 4384 2131 4456; x_wconf 85' lang='lat' dir='ltr'><strong>pontiﬁce</strong></span> 
     </span>
    </p>
   </div>
   <div class='ocr_carea' id='block_1_62' title="bbox 2257 1900 2772 1957">
    <p class='ocr_par' dir='ltr' id='par_1_62' title="bbox 2257 1900 2772 1957">
     <span class='ocr_line' id='line_1_62' title="bbox 2257 1900 2772 1957; baseline 0.016 -8"><span class='ocrx_word' id='word_1_421' title='bbox 2257 1900 2564 1955; x_wconf 87' lang='lat' dir='ltr'><strong>reverentia</strong></span> <span class='ocrx_word' id='word_1_422' title='bbox 2598 1900 2772 1957; x_wconf 86' lang='lat' dir='ltr'><strong>ﬁeret.</strong></span> 
     </span>
    </p>
   </div>
   <div class='ocr_carea' id='block_1_63' title="bbox 2324 1990 3832 2068">
    <p class='ocr_par' dir='ltr' id='par_1_63' title="bbox 2324 1990 3832 2068">
     <span class='ocr_line' id='line_1_63' title="bbox 2324 1990 3832 2068; baseline 0.01 -24"><span class='ocrx_word' id='word_1_423' title='bbox 2324 1990 2596 2064; x_wconf 86' lang='lat' dir='ltr'><strong>Eutychio</strong></span> <span class='ocrx_word' id='word_1_424' title='bbox 2627 1994 2796 2065; x_wconf 88' lang='lat' dir='ltr'><strong>igitur</strong></span> <span class='ocrx_word' id='word_1_425' title='bbox 2818 1996 3064 2067; x_wconf 81' lang='lat' dir='ltr'><strong>pontifex</strong></span> <span class='ocrx_word' id='word_1_426' title='bbox 3094 1999 3360 2068; x_wconf 85' lang='lat' dir='ltr'><strong>postridie</strong></span> <span class='ocrx_word' id='word_1_427' title='bbox 3391 2001 3670 2067; x_wconf 85' lang='lat' dir='ltr'><strong>rescribit,</strong></span> <span class='ocrx_word' id='word_1_428' title='bbox 3708 2001 3832 2058; x_wconf 83' lang='lat' dir='ltr'><strong>fide-</strong></span> 
     </span>
    </p>
   </div>
   <div class='ocr_carea' id='block_1_64' title="bbox 2252 2084 3831 2164">
    <p class='ocr_par' dir='ltr' id='par_1_64' title="bbox 2252 2084 3831 2164">
     <span class='ocr_line' id='line_1_64' title="bbox 2252 2084 3831 2164; baseline 0.008 -26"><span class='ocrx_word' id='word_1_429' title='bbox 2252 2099 2361 2154; x_wconf 90' lang='lat' dir='ltr'><strong>que</strong></span> <span class='ocrx_word' id='word_1_430' title='bbox 2397 2084 2571 2154; x_wconf 88' lang='lat' dir='ltr'><strong>ipsius</strong></span> <span class='ocrx_word' id='word_1_431' title='bbox 2601 2086 2843 2155; x_wconf 91' lang='lat' dir='ltr'><strong>laudata,</strong></span> <span class='ocrx_word' id='word_1_432' title='bbox 2881 2089 3098 2154; x_wconf 91' lang='lat' dir='ltr'><strong>annuit,</strong></span> <span class='ocrx_word' id='word_1_433' title='bbox 3139 2098 3200 2145; x_wconf 92' lang='lat' dir='ltr'><strong>ut</strong></span> <span class='ocrx_word' id='word_1_434' title='bbox 3231 2090 3300 2146; x_wconf 91' lang='lat' dir='ltr'><strong>de</strong></span> <span class='ocrx_word' id='word_1_435' title='bbox 3343 2092 3524 2161; x_wconf 82' lang='lat' dir='ltr'><strong>tribus</strong></span> <span class='ocrx_word' id='word_1_436' title='bbox 3553 2094 3831 2164; x_wconf 88' lang='lat' dir='ltr'><strong>capitulis,</strong></span> 
     </span>
    </p>
   </div>
   <div class='ocr_carea' id='block_1_65' title="bbox 2251 2176 3828 2255">
    <p class='ocr_par' dir='ltr' id='par_1_65' title="bbox 2251 2176 3828 2255">
     <span class='ocr_line' id='line_1_65' title="bbox 2251 2176 3828 2255; baseline 0.006 -26"><span class='ocrx_word' id='word_1_437' title='bbox 2251 2191 2319 2230; x_wconf 83' lang='lat' dir='ltr'><strong>ex</strong></span> <span class='ocrx_word' id='word_1_438' title='bbox 2343 2176 2546 2245; x_wconf 88' lang='lat' dir='ltr'><strong>quibus</strong></span> <span class='ocrx_word' id='word_1_439' title='bbox 2572 2180 2804 2248; x_wconf 66' lang='lat' dir='ltr'><strong>quaestio</strong></span> <span class='ocrx_word' id='word_1_440' title='bbox 2825 2188 2954 2235; x_wconf 90' lang='lat' dir='ltr'><strong>nata</strong></span> <span class='ocrx_word' id='word_1_441' title='bbox 2981 2188 3084 2245; x_wconf 90' lang='lat' dir='ltr'><strong>est,</strong></span> <span class='ocrx_word' id='word_1_442' title='bbox 3116 2180 3260 2238; x_wconf 90' lang='lat' dir='ltr'><strong>facto</strong></span> <span class='ocrx_word' id='word_1_443' title='bbox 3280 2183 3517 2255; x_wconf 89' lang='lat' dir='ltr'><strong>regulari</strong></span> <span class='ocrx_word' id='word_1_444' title='bbox 3535 2193 3828 2250; x_wconf 86' lang='lat' dir='ltr'><strong>conventu,</strong></span> 
     </span>
    </p>
   </div>
   <div class='ocr_carea' id='block_1_66' title="bbox 2249 2267 3828 2349">
    <p class='ocr_par' dir='ltr' id='par_1_66' title="bbox 2249 2267 3828 2349">
     <span class='ocr_line' id='line_1_66' title="bbox 2249 2267 3828 2349; baseline 0.009 -28"><span class='ocrx_word' id='word_1_445' title='bbox 2249 2267 2509 2336; x_wconf 72' lang='lat' dir='ltr'><strong>aequitate</strong></span> <span class='ocrx_word' id='word_1_446' title='bbox 2548 2278 2787 2335; x_wconf 89' lang='lat' dir='ltr'><strong>servata,</strong></span> <span class='ocrx_word' id='word_1_447' title='bbox 2848 2272 3046 2328; x_wconf 88' lang='lat' dir='ltr'><strong>mediis</strong></span> <span class='ocrx_word' id='word_1_448' title='bbox 3104 2275 3468 2331; x_wconf 86' lang='lat' dir='ltr'><strong>sacrosanctis</strong></span> <span class='ocrx_word' id='word_1_449' title='bbox 3523 2275 3828 2349; x_wconf 68' lang='lat' dir='ltr'><strong>Evangelii:</strong></span> 
     </span>
    </p>
   </div>
   <div class='ocr_carea' id='block_1_67' title="bbox 2249 2358 3482 2422">
    <p class='ocr_par' dir='ltr' id='par_1_67' title="bbox 2249 2358 3482 2422">
     <span class='ocr_line' id='line_1_67' title="bbox 2249 2358 3482 2422; baseline 0.006 -10"><span class='ocrx_word' id='word_1_450' title='bbox 2249 2358 2469 2413; x_wconf 86' lang='lat' dir='ltr'><strong>collatio</strong></span> <span class='ocrx_word' id='word_1_451' title='bbox 2490 2375 2617 2414; x_wconf 91' lang='lat' dir='ltr'><strong>cum</strong></span> <span class='ocrx_word' id='word_1_452' title='bbox 2648 2361 2817 2419; x_wconf 90' lang='lat' dir='ltr'><strong>unitis</strong></span> <span class='ocrx_word' id='word_1_453' title='bbox 2840 2362 3105 2419; x_wconf 87' lang='lat' dir='ltr'><strong>fratribus</strong></span> <span class='ocrx_word' id='word_1_454' title='bbox 3135 2364 3427 2422; x_wconf 85' lang='lat' dir='ltr'><strong>habeatur.</strong></span> <span class='ocrx_word' id='word_1_455' title='bbox 3465 2387 3482 2419; x_wconf 72' lang='grc' dir='ltr'><strong>ο</strong></span> 
     </span>
    </p>
   </div>
   <div class='ocr_carea' id='block_1_68' title="bbox 2322 2450 3824 2532">
    <p class='ocr_par' dir='ltr' id='par_1_68' title="bbox 2322 2450 3824 2532">
     <span class='ocr_line' id='line_1_68' title="bbox 2322 2450 3824 2532; baseline 0.01 -28"><span class='ocrx_word' id='word_1_456' title='bbox 2322 2450 2430 2504; x_wconf 73' lang='grc' dir='ltr'><strong>νυ.</strong></span> <span class='ocrx_word' id='word_1_457' title='bbox 2466 2452 2596 2506; x_wconf 86' lang='lat' dir='ltr'><strong>Post</strong></span> <span class='ocrx_word' id='word_1_458' title='bbox 2633 2452 2775 2509; x_wconf 87' lang='lat' dir='ltr'><strong>hanc</strong></span> <span class='ocrx_word' id='word_1_459' title='bbox 2814 2456 3028 2510; x_wconf 87' lang='lat' dir='ltr'><strong>veniam</strong></span> <span class='ocrx_word' id='word_1_460' title='bbox 3078 2455 3341 2512; x_wconf 90' lang='lat' dir='ltr'><strong>indicitur</strong></span> <span class='ocrx_word' id='word_1_461' title='bbox 3380 2459 3450 2514; x_wconf 87' lang='lat' dir='ltr'><strong>ab</strong></span> <span class='ocrx_word' id='word_1_462' title='bbox 3496 2460 3824 2532; x_wconf 79' lang='lat' dir='ltr'><strong>imperatore</strong></span> 
     </span>
    </p>
   </div>
   <div class='ocr_carea' id='block_1_69' title="bbox 2247 2543 3821 2623">
    <p class='ocr_par' dir='ltr' id='par_1_69' title="bbox 2247 2543 3821 2623">
     <span class='ocr_line' id='line_1_69' title="bbox 2247 2543 3821 2623; baseline 0.01 -28"><span class='ocrx_word' id='word_1_463' title='bbox 2247 2543 2491 2613; x_wconf 75' lang='lat' dir='ltr'><strong>synodus</strong></span> <span class='ocrx_word' id='word_1_464' title='bbox 2538 2543 2606 2600; x_wconf 90' lang='lat' dir='ltr'><strong>ad</strong></span> <span class='ocrx_word' id='word_1_465' title='bbox 2645 2554 2900 2615; x_wconf 90' lang='lat' dir='ltr'><strong>quartum</strong></span> <span class='ocrx_word' id='word_1_466' title='bbox 2935 2548 3137 2605; x_wconf 85' lang='lat' dir='ltr'><strong>abhinc</strong></span> <span class='ocrx_word' id='word_1_467' title='bbox 3166 2565 3432 2617; x_wconf 89' lang='lat' dir='ltr'><strong>mensem,</strong></span> <span class='ocrx_word' id='word_1_468' title='bbox 3463 2553 3560 2623; x_wconf 90' lang='lat' dir='ltr'><strong>qui</strong></span> <span class='ocrx_word' id='word_1_469' title='bbox 3604 2554 3775 2610; x_wconf 81' lang='lat' dir='ltr'><strong>Maius</strong></span> <span class='ocrx_word' id='word_1_470' title='bbox 3806 2572 3821 2609; x_wconf 90' lang='lat'>:</span> 
     </span>
    </p>
   </div>
   <div class='ocr_carea' id='block_1_70' title="bbox 2248 2633 3821 2715">
    <p class='ocr_par' dir='ltr' id='par_1_70' title="bbox 2248 2633 3821 2715">
     <span class='ocr_line' id='line_1_70' title="bbox 2248 2633 3821 2715; baseline 0.011 -30"><span class='ocrx_word' id='word_1_471' title='bbox 2248 2633 2532 2699; x_wconf 84' lang='lat' dir='ltr'><strong>indicitur,</strong></span> <span class='ocrx_word' id='word_1_472' title='bbox 2571 2634 2817 2705; x_wconf 90' lang='lat' dir='ltr'><strong>inquam,</strong></span> <span class='ocrx_word' id='word_1_473' title='bbox 2870 2639 3200 2696; x_wconf 89' lang='lat' dir='ltr'><strong>celebranda</strong></span> <span class='ocrx_word' id='word_1_474' title='bbox 3230 2658 3285 2696; x_wconf 84' lang='lat' dir='ltr'><strong>nt</strong></span> <span class='ocrx_word' id='word_1_475' title='bbox 3312 2642 3516 2709; x_wconf 90' lang='lat' dir='ltr'><strong>Nonas,</strong></span> <span class='ocrx_word' id='word_1_476' title='bbox 3546 2660 3672 2715; x_wconf 77' lang='lat' dir='ltr'><strong>qua:</strong></span> <span class='ocrx_word' id='word_1_477' title='bbox 3692 2645 3821 2701; x_wconf 85' lang='lat' dir='ltr'><strong>feria</strong></span> 
     </span>
    </p>
   </div>
   <div class='ocr_carea' id='block_1_71' title="bbox 2246 2724 3818 2806">
    <p class='ocr_par' dir='ltr' id='par_1_71' title="bbox 2246 2724 3818 2806">
     <span class='ocr_line' id='line_1_71' title="bbox 2246 2724 3818 2806; baseline 0.009 -29"><span class='ocrx_word' id='word_1_478' title='bbox 2246 2724 2506 2788; x_wconf 86' lang='lat' dir='ltr'><strong>secunda,</strong></span> <span class='ocrx_word' id='word_1_479' title='bbox 2538 2736 2657 2794; x_wconf 85' lang='lat' dir='ltr'><strong>post</strong></span> <span class='ocrx_word' id='word_1_480' title='bbox 2694 2729 2923 2783; x_wconf 84' lang='lat' dir='ltr'><strong>alteram</strong></span> <span class='ocrx_word' id='word_1_481' title='bbox 2947 2746 2977 2784; x_wconf 90' lang='lat' dir='ltr'><strong>a</strong></span> <span class='ocrx_word' id='word_1_482' title='bbox 3001 2731 3096 2802; x_wconf 81' lang='grc' dir='ltr'><strong>νέᾳ</strong></span> <span class='ocrx_word' id='word_1_483' title='bbox 3121 2737 3354 2806; x_wconf 80' lang='grc' dir='ltr'><strong>κυριακῇ</strong></span> <span class='ocrx_word' id='word_1_484' title='bbox 3384 2735 3730 2793; x_wconf 87' lang='lat' dir='ltr'><strong>Dominicam</strong></span> <span class='ocrx_word' id='word_1_485' title='bbox 3758 2738 3818 2791; x_wconf 83' lang='lat'><strong>&quot;.</strong></span> 
     </span>
    </p>
   </div>
   <div class='ocr_carea' id='block_1_72' title="bbox 2244 2816 3819 2896">
    <p class='ocr_par' dir='ltr' id='par_1_72' title="bbox 2244 2816 3819 2896">
     <span class='ocr_line' id='line_1_72' title="bbox 2244 2816 3819 2896; baseline 0.01 -27"><span class='ocrx_word' id='word_1_486' title='bbox 2244 2816 2432 2885; x_wconf 86' lang='lat' dir='ltr'><strong>Neque</strong></span> <span class='ocrx_word' id='word_1_487' title='bbox 2461 2818 2609 2872; x_wconf 91' lang='lat' dir='ltr'><strong>enim</strong></span> <span class='ocrx_word' id='word_1_488' title='bbox 2656 2819 2810 2889; x_wconf 89' lang='lat' dir='ltr'><strong>prius</strong></span> <span class='ocrx_word' id='word_1_489' title='bbox 2854 2821 3055 2877; x_wconf 84' lang='lat' dir='ltr'><strong>habere</strong></span> <span class='ocrx_word' id='word_1_490' title='bbox 3091 2824 3246 2879; x_wconf 85' lang='lat' dir='ltr'><strong>licuit</strong></span> <span class='ocrx_word' id='word_1_491' title='bbox 3275 2843 3287 2878; x_wconf 88' lang='lat'><strong>:</strong></span> <span class='ocrx_word' id='word_1_492' title='bbox 3326 2841 3450 2879; x_wconf 89' lang='lat' dir='ltr'><strong>nam</strong></span> <span class='ocrx_word' id='word_1_493' title='bbox 3484 2827 3669 2896; x_wconf 89' lang='lat' dir='ltr'><strong>primo</strong></span> <span class='ocrx_word' id='word_1_494' title='bbox 3701 2836 3819 2884; x_wconf 86' lang='lat' dir='ltr'><strong>ante</strong></span> 
     </span>
    </p>
   </div>
   <div class='ocr_carea' id='block_1_73' title="bbox 2236 2909 3818 2979">
    <p class='ocr_par' dir='ltr' id='par_1_73' title="bbox 2236 2909 3818 2979">
     <span class='ocr_line' id='line_1_73' title="bbox 2236 2909 3818 2979; baseline 0.009 -17"><span class='ocrx_word' id='word_1_495' title='bbox 2236 2909 2466 2979; x_wconf 87' lang='lat' dir='ltr'><strong>jejunia,</strong></span> <span class='ocrx_word' id='word_1_496' title='bbox 2492 2927 2727 2979; x_wconf 91' lang='lat' dir='ltr'><strong>quorum</strong></span> <span class='ocrx_word' id='word_1_497' title='bbox 2759 2913 2977 2967; x_wconf 89' lang='lat' dir='ltr'><strong>initium</strong></span> <span class='ocrx_word' id='word_1_498' title='bbox 3023 2915 3217 2971; x_wconf 90' lang='lat' dir='ltr'><strong>incidit</strong></span> <span class='ocrx_word' id='word_1_499' title='bbox 3251 2933 3396 2973; x_wconf 89' lang='lat' dir='ltr'><strong>anno</strong></span> <span class='ocrx_word' id='word_1_500' title='bbox 3426 2920 3531 2976; x_wconf 75' lang='lat'><strong>555</strong></span> <span class='ocrx_word' id='word_1_501' title='bbox 3572 2920 3633 2978; x_wconf 89' lang='lat' dir='ltr'><strong>in</strong></span> <span class='ocrx_word' id='word_1_502' title='bbox 3680 2921 3818 2978; x_wconf 89' lang='lat' dir='ltr'><strong>diem</strong></span> 
     </span>
    </p>
   </div>
   <div class='ocr_carea' id='block_1_74' title="bbox 2240 3000 3817 3083">
    <p class='ocr_par' dir='ltr' id='par_1_74' title="bbox 2240 3000 3817 3083">
     <span class='ocr_line' id='line_1_74' title="bbox 2240 3000 3817 3083; baseline 0.012 -32"><span class='ocrx_word' id='word_1_503' title='bbox 2240 3000 2495 3068; x_wconf 80' lang='lat' dir='ltr'><strong>quintum</strong></span> <span class='ocrx_word' id='word_1_504' title='bbox 2539 3001 2749 3065; x_wconf 79' lang='lat' dir='ltr'><strong>Martii,</strong></span> <span class='ocrx_word' id='word_1_505' title='bbox 2784 3004 2976 3060; x_wconf 86' lang='lat' dir='ltr'><strong>Patres</strong></span> <span class='ocrx_word' id='word_1_506' title='bbox 3022 3008 3207 3062; x_wconf 86' lang='lat' dir='ltr'><strong>vocari</strong></span> <span class='ocrx_word' id='word_1_507' title='bbox 3262 3010 3673 3083; x_wconf 91' lang='lat' dir='ltr'><strong>convenireque</strong></span> <span class='ocrx_word' id='word_1_508' title='bbox 3712 3029 3817 3069; x_wconf 90' lang='lat' dir='ltr'><strong>non</strong></span> 
     </span>
    </p>
   </div>
   <div class='ocr_carea' id='block_1_75' title="bbox 2245 3091 3817 3169">
    <p class='ocr_par' dir='ltr' id='par_1_75' title="bbox 2245 3091 3817 3169">
     <span class='ocr_line' id='line_1_75' title="bbox 2245 3091 3817 3169; baseline 0.011 -27"><span class='ocrx_word' id='word_1_509' title='bbox 2245 3095 2531 3157; x_wconf 86' lang='lat' dir='ltr'><strong>poterant;</strong></span> <span class='ocrx_word' id='word_1_510' title='bbox 2569 3091 2769 3147; x_wconf 87' lang='lat' dir='ltr'><strong>deinde</strong></span> <span class='ocrx_word' id='word_1_511' title='bbox 2816 3093 3157 3163; x_wconf 85' lang='lat' dir='ltr'><strong>jejuniorum</strong></span> <span class='ocrx_word' id='word_1_512' title='bbox 3204 3108 3452 3169; x_wconf 87' lang='lat' dir='ltr'><strong>tempore</strong></span> <span class='ocrx_word' id='word_1_513' title='bbox 3488 3116 3612 3158; x_wconf 89' lang='lat' dir='ltr'><strong>mos</strong></span> <span class='ocrx_word' id='word_1_514' title='bbox 3643 3103 3817 3159; x_wconf 83' lang='lat' dir='ltr'><strong>eccle-</strong></span> 
     </span>
    </p>
   </div>
   <div class='ocr_carea' id='block_1_76' title="bbox 2242 3178 3816 3260">
    <p class='ocr_par' dir='ltr' id='par_1_76' title="bbox 2242 3178 3816 3260">
     <span class='ocr_line' id='line_1_76' title="bbox 2242 3178 3816 3260; baseline 0.009 -25"><span class='ocrx_word' id='word_1_515' title='bbox 2242 3178 2499 3237; x_wconf 87' lang='lat' dir='ltr'><strong>siasticus</strong></span> <span class='ocrx_word' id='word_1_516' title='bbox 2526 3183 2745 3239; x_wconf 90' lang='lat' dir='ltr'><strong>vetabat</strong></span> <span class='ocrx_word' id='word_1_517' title='bbox 2776 3184 3043 3239; x_wconf 86' lang='lat' dir='ltr'><strong>celebrari</strong></span> <span class='ocrx_word' id='word_1_518' title='bbox 3069 3188 3326 3257; x_wconf 83' lang='lat' dir='ltr'><strong>synodos,</strong></span> <span class='ocrx_word' id='word_1_519' title='bbox 3359 3192 3816 3260; x_wconf 87' lang='lat' dir='ltr'><strong>quemadmodum</strong></span> 
     </span>
    </p>
   </div>
   <div class='ocr_carea' id='block_1_77' title="bbox 2240 3273 3816 3353">
    <p class='ocr_par' dir='ltr' id='par_1_77' title="bbox 2240 3273 3816 3353">
     <span class='ocr_line' id='line_1_77' title="bbox 2240 3273 3816 3353; baseline 0.006 -26"><span class='ocrx_word' id='word_1_520' title='bbox 2240 3282 2297 3327; x_wconf 89' lang='lat' dir='ltr'><strong>et</strong></span> <span class='ocrx_word' id='word_1_521' title='bbox 2325 3273 2479 3330; x_wconf 89' lang='lat' dir='ltr'><strong>festis</strong></span> <span class='ocrx_word' id='word_1_522' title='bbox 2521 3275 2911 3340; x_wconf 88' lang='lat' dir='ltr'><strong>Paschalibus,</strong></span> <span class='ocrx_word' id='word_1_523' title='bbox 2948 3293 3186 3347; x_wconf 88' lang='lat' dir='ltr'><strong>quorum</strong></span> <span class='ocrx_word' id='word_1_524' title='bbox 3228 3280 3547 3337; x_wconf 84' lang='lat' dir='ltr'><strong>Dominicus</strong></span> <span class='ocrx_word' id='word_1_525' title='bbox 3592 3284 3816 3353; x_wconf 88' lang='lat' dir='ltr'><strong>contigit</strong></span> 
     </span>
    </p>
   </div>
   <div class='ocr_carea' id='block_1_78' title="bbox 2239 3361 3816 3445">
    <p class='ocr_par' dir='ltr' id='par_1_78' title="bbox 2239 3361 3816 3445">
     <span class='ocr_line' id='line_1_78' title="bbox 2239 3361 3816 3445; baseline 0.008 -29"><span class='ocrx_word' id='word_1_526' title='bbox 2239 3361 2328 3417; x_wconf 90' lang='lat' dir='ltr'><strong>die</strong></span> <span class='ocrx_word' id='word_1_527' title='bbox 2349 3362 2419 3417; x_wconf 76' lang='grc'>20</span> <span class='ocrx_word' id='word_1_528' title='bbox 2445 3364 2669 3434; x_wconf 82' lang='lat' dir='ltr'><strong>Aprilis,</strong></span> <span class='ocrx_word' id='word_1_529' title='bbox 2703 3375 2868 3436; x_wconf 90' lang='lat' dir='ltr'><strong>atque</strong></span> <span class='ocrx_word' id='word_1_530' title='bbox 2898 3367 2971 3422; x_wconf 91' lang='lat' dir='ltr'><strong>ita</strong></span> <span class='ocrx_word' id='word_1_531' title='bbox 2994 3367 3089 3421; x_wconf 82' lang='grc' dir='ltr'><strong>νέα</strong></span> <span class='ocrx_word' id='word_1_532' title='bbox 3110 3371 3370 3443; x_wconf 82' lang='grc' dir='ltr'>κυριακὴ,</span> <span class='ocrx_word' id='word_1_533' title='bbox 3394 3388 3502 3442; x_wconf 90' lang='lat' dir='ltr'><strong>qua</strong></span> <span class='ocrx_word' id='word_1_534' title='bbox 3534 3373 3671 3429; x_wconf 90' lang='lat' dir='ltr'><strong>festa</strong></span> <span class='ocrx_word' id='word_1_535' title='bbox 3701 3390 3816 3445; x_wconf 87' lang='lat' dir='ltr'><strong>per-</strong></span> 
     </span>
    </p>
   </div>
   <div class='ocr_carea' id='block_1_79' title="bbox 2238 3456 3815 3533">
    <p class='ocr_par' dir='ltr' id='par_1_79' title="bbox 2238 3456 3815 3533">
     <span class='ocr_line' id='line_1_79' title="bbox 2238 3456 3815 3533; baseline 0.008 -24"><span class='ocrx_word' id='word_1_536' title='bbox 2238 3463 2475 3526; x_wconf 84' lang='lat' dir='ltr'><strong>aguntur</strong></span> <span class='ocrx_word' id='word_1_537' title='bbox 2498 3496 2512 3520; x_wconf 95' lang='lat'><strong>,</strong></span> <span class='ocrx_word' id='word_1_538' title='bbox 2544 3456 2635 3511; x_wconf 90' lang='lat' dir='ltr'><strong>die</strong></span> <span class='ocrx_word' id='word_1_539' title='bbox 2670 3458 2739 3511; x_wconf 72' lang='grc'>27</span> <span class='ocrx_word' id='word_1_540' title='bbox 2784 3459 3030 3527; x_wconf 90' lang='lat' dir='ltr'><strong>ejusdem</strong></span> <span class='ocrx_word' id='word_1_541' title='bbox 3065 3462 3304 3526; x_wconf 89' lang='lat' dir='ltr'><strong>mensis;</strong></span> <span class='ocrx_word' id='word_1_542' title='bbox 3339 3462 3582 3533; x_wconf 89' lang='lat' dir='ltr'><strong>denique</strong></span> <span class='ocrx_word' id='word_1_543' title='bbox 3627 3481 3815 3521; x_wconf 85' lang='lat' dir='ltr'><strong>conce-</strong></span> 
     </span>
    </p>
   </div>
   <div class='ocr_carea' id='block_1_80' title="bbox 2238 3542 3813 3623">
    <p class='ocr_par' dir='ltr' id='par_1_80' title="bbox 2238 3542 3813 3623">
     <span class='ocr_line' id='line_1_80' title="bbox 2238 3542 3813 3623; baseline 0.006 -24"><span class='ocrx_word' id='word_1_544' title='bbox 2238 3542 2404 3599; x_wconf 90' lang='lat' dir='ltr'><strong>dendi</strong></span> <span class='ocrx_word' id='word_1_545' title='bbox 2436 3546 2653 3601; x_wconf 87' lang='lat' dir='ltr'><strong>fuerant</strong></span> <span class='ocrx_word' id='word_1_546' title='bbox 2707 3547 2962 3604; x_wconf 88' lang='lat' dir='ltr'><strong>Patribus</strong></span> <span class='ocrx_word' id='word_1_547' title='bbox 2996 3550 3116 3605; x_wconf 87' lang='lat' dir='ltr'><strong>dies</strong></span> <span class='ocrx_word' id='word_1_548' title='bbox 3154 3550 3442 3606; x_wconf 90' lang='lat' dir='ltr'><strong>minimum</strong></span> <span class='ocrx_word' id='word_1_549' title='bbox 3491 3564 3701 3623; x_wconf 90' lang='lat' dir='ltr'><strong>septem</strong></span> <span class='ocrx_word' id='word_1_550' title='bbox 3750 3553 3813 3609; x_wconf 90' lang='lat' dir='ltr'><strong>ad</strong></span> 
     </span>
    </p>
   </div>
   <div class='ocr_carea' id='block_1_81' title="bbox 2238 3635 3811 3708">
    <p class='ocr_par' dir='ltr' id='par_1_81' title="bbox 2238 3635 3811 3708">
     <span class='ocr_line' id='line_1_81' title="bbox 2238 3635 3811 3708; baseline 0.006 -19"><span class='ocrx_word' id='word_1_551' title='bbox 2238 3635 2700 3700; x_wconf 89' lang='lat' dir='ltr'><strong>conveniendum,</strong></span> <span class='ocrx_word' id='word_1_552' title='bbox 2733 3637 3035 3708; x_wconf 89' lang='lat' dir='ltr'><strong>synodique</strong></span> <span class='ocrx_word' id='word_1_553' title='bbox 3058 3638 3127 3693; x_wconf 90' lang='lat' dir='ltr'><strong>de</strong></span> <span class='ocrx_word' id='word_1_554' title='bbox 3164 3656 3316 3695; x_wconf 91' lang='lat' dir='ltr'><strong>more</strong></span> <span class='ocrx_word' id='word_1_555' title='bbox 3347 3640 3660 3697; x_wconf 88' lang='lat' dir='ltr'><strong>faciendum</strong></span> <span class='ocrx_word' id='word_1_556' title='bbox 3687 3644 3811 3698; x_wconf 90' lang='lat' dir='ltr'><strong>feria</strong></span> 
     </span>
    </p>
   </div>
   <div class='ocr_carea' id='block_1_82' title="bbox 2236 3727 3813 3803">
    <p class='ocr_par' dir='ltr' id='par_1_82' title="bbox 2236 3727 3813 3803">
     <span class='ocr_line' id='line_1_82' title="bbox 2236 3727 3813 3803; baseline 0.005 -22"><span class='ocrx_word' id='word_1_557' title='bbox 2236 3727 2478 3782; x_wconf 86' lang='lat' dir='ltr'><strong>secunda</strong></span> <span class='ocrx_word' id='word_1_558' title='bbox 2516 3727 2757 3782; x_wconf 90' lang='lat' dir='ltr'><strong>initium.</strong></span> <span class='ocrx_word' id='word_1_559' title='bbox 2801 3727 3161 3785; x_wconf 83' lang='lat' dir='ltr'><strong>Suﬁiciebant</strong></span> <span class='ocrx_word' id='word_1_560' title='bbox 3186 3746 3355 3801; x_wconf 89' lang='lat' dir='ltr'><strong>porro</strong></span> <span class='ocrx_word' id='word_1_561' title='bbox 3393 3734 3552 3803; x_wconf 90' lang='lat' dir='ltr'><strong>pauci</strong></span> <span class='ocrx_word' id='word_1_562' title='bbox 3592 3735 3671 3790; x_wconf 92' lang='lat' dir='ltr'><strong>illi</strong></span> <span class='ocrx_word' id='word_1_563' title='bbox 3702 3735 3813 3790; x_wconf 85' lang='lat' dir='ltr'><strong>dies</strong></span> 
     </span>
    </p>
   </div>
   <div class='ocr_carea' id='block_1_83' title="bbox 2236 3820 3810 3896">
    <p class='ocr_par' dir='ltr' id='par_1_83' title="bbox 2236 3820 3810 3896">
     <span class='ocr_line' id='line_1_83' title="bbox 2236 3820 3810 3896; baseline 0.004 -25"><span class='ocrx_word' id='word_1_564' title='bbox 2236 3820 2634 3889; x_wconf 88' lang='lat' dir='ltr'><strong>congregandis</strong></span> <span class='ocrx_word' id='word_1_565' title='bbox 2683 3821 2941 3876; x_wconf 89' lang='lat' dir='ltr'><strong>Patribus</strong></span> <span class='ocrx_word' id='word_1_566' title='bbox 2972 3839 2985 3876; x_wconf 91' lang='lat'><strong>:</strong></span> <span class='ocrx_word' id='word_1_567' title='bbox 3021 3838 3147 3877; x_wconf 90' lang='lat' dir='ltr'><strong>nam</strong></span> <span class='ocrx_word' id='word_1_568' title='bbox 3199 3833 3256 3878; x_wconf 90' lang='lat' dir='ltr'><strong>et</strong></span> <span class='ocrx_word' id='word_1_569' title='bbox 3317 3825 3551 3880; x_wconf 84' lang='lat' dir='ltr'><strong>maxima</strong></span> <span class='ocrx_word' id='word_1_570' title='bbox 3590 3842 3717 3896; x_wconf 87' lang='lat' dir='ltr'><strong>pars</strong></span> <span class='ocrx_word' id='word_1_571' title='bbox 3760 3825 3810 3879; x_wconf 90' lang='lat' dir='ltr'><strong>in</strong></span> 
     </span>
    </p>
   </div>
   <div class='ocr_carea' id='block_1_84' title="bbox 2236 3909 3805 3989">
    <p class='ocr_par' dir='ltr' id='par_1_84' title="bbox 2236 3909 3805 3989">
     <span class='ocr_line' id='line_1_84' title="bbox 2236 3909 3805 3989; baseline 0.004 -26"><span class='ocrx_word' id='word_1_572' title='bbox 2236 3909 2371 3964; x_wconf 91' lang='lat' dir='ltr'><strong>urbe</strong></span> <span class='ocrx_word' id='word_1_573' title='bbox 2408 3920 2546 3973; x_wconf 90' lang='lat' dir='ltr'><strong>erat,</strong></span> <span class='ocrx_word' id='word_1_574' title='bbox 2580 3921 2637 3966; x_wconf 91' lang='lat' dir='ltr'><strong>et</strong></span> <span class='ocrx_word' id='word_1_575' title='bbox 2666 3911 2799 3968; x_wconf 89' lang='lat' dir='ltr'><strong>ﬁdes</strong></span> <span class='ocrx_word' id='word_1_576' title='bbox 2828 3913 3180 3984; x_wconf 70' lang='lat' dir='ltr'><strong>praesentium</strong></span> <span class='ocrx_word' id='word_1_577' title='bbox 3222 3915 3537 3986; x_wconf 87' lang='lat' dir='ltr'><strong>imperatori</strong></span> <span class='ocrx_word' id='word_1_578' title='bbox 3570 3916 3805 3989; x_wconf 86' lang='lat' dir='ltr'><strong>obligata</strong></span> 
     </span>
    </p>
   </div>
   <div class='ocr_carea' id='block_1_85' title="bbox 2234 3999 3808 4077">
    <p class='ocr_par' dir='ltr' id='par_1_85' title="bbox 2234 3999 3808 4077">
     <span class='ocr_line' id='line_1_85' title="bbox 2234 3999 3808 4077; baseline 0.004 -23"><span class='ocrx_word' id='word_1_579' title='bbox 2234 3999 2357 4063; x_wconf 89' lang='lat' dir='ltr'><strong>fuit,</strong></span> <span class='ocrx_word' id='word_1_580' title='bbox 2382 4011 2437 4057; x_wconf 92' lang='lat' dir='ltr'><strong>et</strong></span> <span class='ocrx_word' id='word_1_581' title='bbox 2464 4001 2824 4067; x_wconf 88' lang='lat' dir='ltr'><strong>advenarum,</strong></span> <span class='ocrx_word' id='word_1_582' title='bbox 2855 4006 2901 4059; x_wconf 91' lang='lat' dir='ltr'><strong>si</strong></span> <span class='ocrx_word' id='word_1_583' title='bbox 2931 4006 3118 4075; x_wconf 86' lang='lat' dir='ltr'><strong>plures</strong></span> <span class='ocrx_word' id='word_1_584' title='bbox 3145 4006 3306 4077; x_wconf 82' lang='lat' dir='ltr'><strong>longe</strong></span> <span class='ocrx_word' id='word_1_585' title='bbox 3339 4008 3689 4073; x_wconf 87' lang='lat' dir='ltr'><strong>accederent,</strong></span> <span class='ocrx_word' id='word_1_586' title='bbox 3731 4006 3808 4062; x_wconf 87' lang='lat' dir='ltr'><strong>af-</strong></span> 
     </span>
    </p>
   </div>
   <div class='ocr_carea' id='block_1_86' title="bbox 2236 4091 2839 4163">
    <p class='ocr_par' dir='ltr' id='par_1_86' title="bbox 2236 4091 2839 4163">
     <span class='ocr_line' id='line_1_86' title="bbox 2236 4091 2839 4163; baseline 0.002 -17"><span class='ocrx_word' id='word_1_587' title='bbox 2236 4091 2400 4148; x_wconf 87' lang='lat' dir='ltr'><strong>fectio</strong></span> <span class='ocrx_word' id='word_1_588' title='bbox 2430 4093 2610 4147; x_wconf 89' lang='lat' dir='ltr'><strong>timeri</strong></span> <span class='ocrx_word' id='word_1_589' title='bbox 2640 4095 2839 4163; x_wconf 88' lang='lat' dir='ltr'><strong>potuit.</strong></span> 
     </span>
    </p>
   </div>
   <div class='ocr_carea' id='block_1_87' title="bbox 2307 4182 3808 4255">
    <p class='ocr_par' dir='ltr' id='par_1_87' title="bbox 2307 4182 3808 4255">
     <span class='ocr_line' id='line_1_87' title="bbox 2307 4182 3808 4255; baseline 0.005 -20"><span class='ocrx_word' id='word_1_590' title='bbox 2307 4182 2466 4255; x_wconf 60' lang='lat'><strong>2&amp;2</strong></span> <span class='ocrx_word' id='word_1_591' title='bbox 2493 4182 2623 4237; x_wconf 81' lang='lat' dir='ltr'><strong>Vlll.</strong></span> <span class='ocrx_word' id='word_1_592' title='bbox 2650 4182 2945 4239; x_wconf 86' lang='lat' dir='ltr'><strong>lncboatur</strong></span> <span class='ocrx_word' id='word_1_593' title='bbox 2966 4201 3096 4255; x_wconf 77' lang='lat' dir='ltr'><strong>ergo</strong></span> <span class='ocrx_word' id='word_1_594' title='bbox 3114 4186 3407 4240; x_wconf 88' lang='lat' dir='ltr'><strong>concilium</strong></span> <span class='ocrx_word' id='word_1_595' title='bbox 3435 4186 3522 4241; x_wconf 88' lang='lat' dir='ltr'><strong>die</strong></span> <span class='ocrx_word' id='word_1_596' title='bbox 3547 4203 3579 4240; x_wconf 93' lang='lat' dir='ltr'><strong>v</strong></span> <span class='ocrx_word' id='word_1_597' title='bbox 3606 4186 3808 4251; x_wconf 84' lang='lat' dir='ltr'><strong>Maii&quot;,</strong></span> 
     </span>
    </p>
   </div>
   <div class='ocr_carea' id='block_1_88' title="bbox 2234 4272 3810 4345">
    <p class='ocr_par' dir='ltr' id='par_1_88' title="bbox 2234 4272 3810 4345">
     <span class='ocr_line' id='line_1_88' title="bbox 2234 4272 3810 4345; baseline 0.004 -18"><span class='ocrx_word' id='word_1_598' title='bbox 2234 4272 2469 4327; x_wconf 90' lang='lat' dir='ltr'><strong>habetur</strong></span> <span class='ocrx_word' id='word_1_599' title='bbox 2498 4273 2711 4344; x_wconf 86' lang='lat' dir='ltr'><strong>integro</strong></span> <span class='ocrx_word' id='word_1_600' title='bbox 2736 4275 2850 4329; x_wconf 89' lang='lat' dir='ltr'><strong>fere</strong></span> <span class='ocrx_word' id='word_1_601' title='bbox 2881 4291 3069 4331; x_wconf 87' lang='lat' dir='ltr'><strong>mense</strong></span> <span class='ocrx_word' id='word_1_602' title='bbox 3102 4294 3113 4328; x_wconf 93' lang='lat'>:</span> <span class='ocrx_word' id='word_1_603' title='bbox 3148 4284 3274 4331; x_wconf 92' lang='lat' dir='ltr'><strong>octo</strong></span> <span class='ocrx_word' id='word_1_604' title='bbox 3302 4277 3694 4345; x_wconf 85' lang='lat' dir='ltr'><strong>collationibus</strong></span> <span class='ocrx_word' id='word_1_605' title='bbox 3720 4277 3810 4333; x_wconf 87' lang='lat' dir='ltr'><strong>ab-</strong></span> 
     </span>
    </p>
   </div>
   <div class='ocr_carea' id='block_1_89' title="bbox 2232 4364 3807 4441">
    <p class='ocr_par' dir='ltr' id='par_1_89' title="bbox 2232 4364 3807 4441">
     <span class='ocr_line' id='line_1_89' title="bbox 2232 4364 3807 4441; baseline 0.004 -22"><span class='ocrx_word' id='word_1_606' title='bbox 2232 4364 2465 4419; x_wconf 87' lang='lat' dir='ltr'><strong>solvitur</strong></span> <span class='ocrx_word' id='word_1_607' title='bbox 2495 4366 2560 4420; x_wconf 91' lang='lat' dir='ltr'><strong>ad</strong></span> <span class='ocrx_word' id='word_1_608' title='bbox 2596 4365 2743 4420; x_wconf 87' lang='lat' dir='ltr'><strong>diem</strong></span> <span class='ocrx_word' id='word_1_609' title='bbox 2788 4384 2823 4421; x_wconf 80' lang='grc' dir='ltr'><strong>ιι</strong></span> <span class='ocrx_word' id='word_1_610' title='bbox 2857 4367 3007 4423; x_wconf 82' lang='lat' dir='ltr'><strong>Junii</strong></span> <span class='ocrx_word' id='word_1_611' title='bbox 3037 4386 3048 4422; x_wconf 88' lang='lat'><strong>:</strong></span> <span class='ocrx_word' id='word_1_612' title='bbox 3082 4369 3403 4425; x_wconf 88' lang='lat' dir='ltr'><strong>collationes</strong></span> <span class='ocrx_word' id='word_1_613' title='bbox 3438 4379 3553 4425; x_wconf 90' lang='lat' dir='ltr'><strong>tres</strong></span> <span class='ocrx_word' id='word_1_614' title='bbox 3597 4372 3807 4441; x_wconf 82' lang='lat' dir='ltr'><strong>priores</strong></span> 
     </span>
    </p>
   </div>
   <div class='ocr_carea' id='block_1_90' title="bbox 553 4454 3807 4549">
    <p class='ocr_par' dir='ltr' id='par_1_90' title="bbox 553 4454 3807 4549">
     <span class='ocr_line' id='line_1_90' title="bbox 553 4454 3807 4549; baseline 0.002 -18"><span class='ocrx_word' id='word_1_615' title='bbox 553 4454 573 4499; x_wconf 56' lang='grc' dir='ltr'>ί</span> <span class='ocrx_word' id='word_1_616' title='bbox 609 4477 934 4532; x_wconf 89' lang='lat' dir='ltr'><strong>nominatim</strong></span> <span class='ocrx_word' id='word_1_617' title='bbox 986 4477 1055 4532; x_wconf 89' lang='lat' dir='ltr'><strong>dc</strong></span> <span class='ocrx_word' id='word_1_618' title='bbox 1105 4477 1278 4547; x_wconf 88' lang='lat' dir='ltr'><strong>gradu</strong></span> <span class='ocrx_word' id='word_1_619' title='bbox 1328 4454 1605 4549; x_wconf 81' lang='lat' dir='ltr'><strong>dejicitur,</strong></span> <span class='ocrx_word' id='word_1_620' title='bbox 1656 4476 1839 4533; x_wconf 65' lang='lat' dir='ltr'><strong>caeteri</strong></span> <span class='ocrx_word' id='word_1_621' title='bbox 1874 4454 2128 4548; x_wconf 73' lang='lat' dir='ltr'><strong>episcopi</strong></span> <span class='ocrx_word' id='word_1_622' title='bbox 2163 4477 2204 4532; x_wconf 89' lang='lat' dir='ltr'><strong>D</strong></span> <span class='ocrx_word' id='word_1_623' title='bbox 2233 4455 2433 4549; x_wconf 50' lang='grc' dir='ltr'><strong>Ρέξίιίυξ</strong></span> <span class='ocrx_word' id='word_1_624' title='bbox 2466 4454 3180 4549; x_wconf 36' lang='grc' dir='ltr'><strong>ιῗὸθ¹¹ί¹ίῗμίφρέτ³ιο¹³ί⁵</strong></span> <span class='ocrx_word' id='word_1_625' title='bbox 3210 4456 3279 4511; x_wconf 68' lang='lat' dir='ltr'><strong>ad</strong></span> <span class='ocrx_word' id='word_1_626' title='bbox 3328 4458 3620 4529; x_wconf 61' lang='lat' dir='ltr'><strong>Syno‘h’m’</strong></span> <span class='ocrx_word' id='word_1_627' title='bbox 3646 4458 3807 4530; x_wconf 64' lang='grc' dir='ltr'><strong>Ευιῖ·</strong></span> 
     </span>
    </p>
   </div>
   <div class='ocr_carea' id='block_1_91' title="bbox 554 4568 2131 4643">
    <p class='ocr_par' dir='ltr' id='par_1_91' title="bbox 554 4568 2131 4643">
     <span class='ocr_line' id='line_1_91' title="bbox 554 4568 2131 4643; baseline 0.003 -22"><span class='ocrx_word' id='word_1_628' title='bbox 554 4568 959 4623; x_wconf 89' lang='lat' dir='ltr'><strong>interdicuntur</strong></span> <span class='ocrx_word' id='word_1_629' title='bbox 982 4570 1175 4633; x_wconf 83' lang='lat' dir='ltr'><strong>sacris,</strong></span> <span class='ocrx_word' id='word_1_630' title='bbox 1201 4569 1377 4625; x_wconf 89' lang='lat' dir='ltr'><strong>donec</strong></span> <span class='ocrx_word' id='word_1_631' title='bbox 1402 4571 1776 4643; x_wconf 83' lang='lat' dir='ltr'><strong>consentiant;</strong></span> <span class='ocrx_word' id='word_1_632' title='bbox 1803 4585 1925 4625; x_wconf 91' lang='lat' dir='ltr'><strong>cum</strong></span> <span class='ocrx_word' id='word_1_633' title='bbox 1953 4570 2131 4641; x_wconf 86' lang='lat' dir='ltr'><strong>capite</strong></span> 
     </span>
    </p>
   </div>
   <div class='ocr_carea' id='block_1_92' title="bbox 550 4659 2134 4733">
    <p class='ocr_par' dir='ltr' id='par_1_92' title="bbox 550 4659 2134 4733">
     <span class='ocr_line' id='line_1_92' title="bbox 550 4659 2134 4733; baseline 0 -18"><span class='ocrx_word' id='word_1_634' title='bbox 550 4659 810 4716; x_wconf 70' lang='lat' dir='ltr'><strong>Ecclesia:</strong></span> <span class='ocrx_word' id='word_1_635' title='bbox 834 4661 1077 4716; x_wconf 88' lang='lat' dir='ltr'><strong>animose</strong></span> <span class='ocrx_word' id='word_1_636' title='bbox 1105 4669 1377 4732; x_wconf 85' lang='lat' dir='ltr'><strong>pugnatur</strong></span> <span class='ocrx_word' id='word_1_637' title='bbox 1398 4661 1528 4716; x_wconf 91' lang='lat' dir='ltr'><strong>hinc</strong></span> <span class='ocrx_word' id='word_1_638' title='bbox 1554 4671 1610 4717; x_wconf 91' lang='lat' dir='ltr'><strong>et</strong></span> <span class='ocrx_word' id='word_1_639' title='bbox 1638 4662 1786 4726; x_wconf 89' lang='lat' dir='ltr'><strong>inde,</strong></span> <span class='ocrx_word' id='word_1_640' title='bbox 1815 4661 1911 4716; x_wconf 90' lang='lat' dir='ltr'><strong>sed</strong></span> <span class='ocrx_word' id='word_1_641' title='bbox 1943 4677 1971 4715; x_wconf 90' lang='lat' dir='ltr'><strong>a</strong></span> <span class='ocrx_word' id='word_1_642' title='bbox 1996 4677 2134 4733; x_wconf 86' lang='lat' dir='ltr'><strong>pon-</strong></span> 
     </span>
    </p>
   </div>
   <div class='ocr_carea' id='block_1_93' title="bbox 555 4750 2134 4824">
    <p class='ocr_par' dir='ltr' id='par_1_93' title="bbox 555 4750 2134 4824">
     <span class='ocr_line' id='line_1_93' title="bbox 555 4750 2134 4824; baseline 0.001 -19"><span class='ocrx_word' id='word_1_643' title='bbox 555 4750 715 4807; x_wconf 89' lang='lat' dir='ltr'><strong>tificis</strong></span> <span class='ocrx_word' id='word_1_644' title='bbox 749 4760 926 4822; x_wconf 84' lang='lat' dir='ltr'><strong>parte,</strong></span> <span class='ocrx_word' id='word_1_645' title='bbox 962 4752 1112 4807; x_wconf 90' lang='lat' dir='ltr'><strong>velut</strong></span> <span class='ocrx_word' id='word_1_646' title='bbox 1144 4768 1173 4807; x_wconf 90' lang='lat' dir='ltr'><strong>a</strong></span> <span class='ocrx_word' id='word_1_647' title='bbox 1211 4751 1545 4824; x_wconf 84' lang='lat' dir='ltr'><strong>martyribus</strong></span> <span class='ocrx_word' id='word_1_648' title='bbox 1577 4754 1735 4818; x_wconf 90' lang='lat' dir='ltr'><strong>solet,</strong></span> <span class='ocrx_word' id='word_1_649' title='bbox 1781 4752 1850 4807; x_wconf 92' lang='lat' dir='ltr'><strong>ab</strong></span> <span class='ocrx_word' id='word_1_650' title='bbox 1879 4752 1985 4806; x_wconf 91' lang='lat' dir='ltr'><strong>alia</strong></span> <span class='ocrx_word' id='word_1_651' title='bbox 2015 4760 2134 4806; x_wconf 85' lang='lat' dir='ltr'><strong>tan-</strong></span> 
     </span>
    </p>
   </div>
   <div class='ocr_carea' id='block_1_94' title="bbox 548 4843 1276 4912">
    <p class='ocr_par' dir='ltr' id='par_1_94' title="bbox 548 4843 1276 4912">
     <span class='ocr_line' id='line_1_94' title="bbox 548 4843 1276 4912; baseline 0.004 -17"><span class='ocrx_word' id='word_1_652' title='bbox 548 4858 712 4912; x_wconf 86' lang='lat' dir='ltr'><strong>quam</strong></span> <span class='ocrx_word' id='word_1_653' title='bbox 747 4857 776 4895; x_wconf 93' lang='lat' dir='ltr'><strong>a</strong></span> <span class='ocrx_word' id='word_1_654' title='bbox 806 4843 1276 4911; x_wconf 86' lang='lat' dir='ltr'><strong>persecutoribus.</strong></span> 
     </span>
    </p>
   </div>
   <div class='ocr_carea' id='block_1_95' title="bbox 624 4929 2126 5008">
    <p class='ocr_par' dir='ltr' id='par_1_95' title="bbox 624 4929 2126 5008">
     <span class='ocr_line' id='line_1_95' title="bbox 624 4929 2126 5008; baseline 0.006 -25"><span class='ocrx_word' id='word_1_655' title='bbox 624 4929 931 4986; x_wconf 86' lang='lat' dir='ltr'><strong>V.lnterim</strong></span> <span class='ocrx_word' id='word_1_656' title='bbox 975 4932 1199 4987; x_wconf 82' lang='lat' dir='ltr'><strong>Mennas</strong></span> <span class='ocrx_word' id='word_1_657' title='bbox 1232 4934 1488 4999; x_wconf 90' lang='lat' dir='ltr'><strong>moritur,</strong></span> <span class='ocrx_word' id='word_1_658' title='bbox 1532 4934 1779 4990; x_wconf 91' lang='lat' dir='ltr'><strong>succedit</strong></span> <span class='ocrx_word' id='word_1_659' title='bbox 1822 4936 2126 5008; x_wconf 86' lang='lat' dir='ltr'><strong>Eutycbins</strong></span> 
     </span>
    </p>
   </div>
   <div class='ocr_carea' id='block_1_96' title="bbox 551 5019 2124 5093">
    <p class='ocr_par' dir='ltr' id='par_1_96' title="bbox 551 5019 2124 5093">
     <span class='ocr_line' id='line_1_96' title="bbox 551 5019 2124 5093; baseline 0.004 -20"><span class='ocrx_word' id='word_1_660' title='bbox 551 5019 636 5073; x_wconf 75' lang='lat' dir='ltr'><strong>vir</strong></span> <span class='ocrx_word' id='word_1_661' title='bbox 680 5029 922 5083; x_wconf 82' lang='lat' dir='ltr'><strong>sanctus,</strong></span> <span class='ocrx_word' id='word_1_662' title='bbox 953 5020 1046 5091; x_wconf 89' lang='lat' dir='ltr'><strong>qui</strong></span> <span class='ocrx_word' id='word_1_663' title='bbox 1071 5036 1198 5075; x_wconf 86' lang='lat' dir='ltr'><strong>mox</strong></span> <span class='ocrx_word' id='word_1_664' title='bbox 1227 5021 1292 5076; x_wconf 91' lang='lat' dir='ltr'><strong>ad</strong></span> <span class='ocrx_word' id='word_1_665' title='bbox 1336 5022 1649 5093; x_wconf 92' lang='lat' dir='ltr'><strong>pontiﬁcem</strong></span> <span class='ocrx_word' id='word_1_666' title='bbox 1690 5040 1802 5079; x_wconf 65' lang='lat' dir='ltr'><strong>suae</strong></span> <span class='ocrx_word' id='word_1_667' title='bbox 1848 5025 1974 5079; x_wconf 84' lang='lat' dir='ltr'><strong>ﬁdei</strong></span> <span class='ocrx_word' id='word_1_668' title='bbox 2008 5025 2124 5081; x_wconf 89' lang='lat' dir='ltr'><strong>for-</strong></span> 
     </span>
    </p>
   </div>
   <div class='ocr_carea' id='block_1_97' title="bbox 552 5108 2122 5182">
    <p class='ocr_par' dir='ltr' id='par_1_97' title="bbox 552 5108 2122 5182">
     <span class='ocr_line' id='line_1_97' title="bbox 552 5108 2122 5182; baseline 0.004 -21"><span class='ocrx_word' id='word_1_669' title='bbox 552 5122 693 5161; x_wconf 86' lang='lat' dir='ltr'><strong>mam</strong></span> <span class='ocrx_word' id='word_1_670' title='bbox 737 5108 805 5161; x_wconf 92' lang='lat' dir='ltr'><strong>de</strong></span> <span class='ocrx_word' id='word_1_671' title='bbox 845 5124 997 5163; x_wconf 90' lang='lat' dir='ltr'><strong>more</strong></span> <span class='ocrx_word' id='word_1_672' title='bbox 1052 5109 1714 5174; x_wconf 78' lang='lat' dir='ltr'><strong>mittit,communionem</strong></span> <span class='ocrx_word' id='word_1_673' title='bbox 1750 5112 2077 5182; x_wconf 87' lang='lat' dir='ltr'><strong>deprecatus</strong></span> <span class='ocrx_word' id='word_1_674' title='bbox 2109 5132 2122 5168; x_wconf 89' lang='lat'>:</span> 
     </span>
    </p>
   </div>
   <div class='ocr_carea' id='block_1_98' title="bbox 550 5196 2125 5270">
    <p class='ocr_par' dir='ltr' id='par_1_98' title="bbox 550 5196 2125 5270">
     <span class='ocr_line' id='line_1_98' title="bbox 550 5196 2125 5270; baseline 0.003 -19"><span class='ocrx_word' id='word_1_675' title='bbox 550 5196 808 5267; x_wconf 86' lang='lat' dir='ltr'><strong>efllagilat</strong></span> <span class='ocrx_word' id='word_1_676' title='bbox 830 5197 989 5251; x_wconf 91' lang='lat' dir='ltr'><strong>simul</strong></span> <span class='ocrx_word' id='word_1_677' title='bbox 1027 5213 1124 5269; x_wconf 80' lang='lat' dir='ltr'><strong>per</strong></span> <span class='ocrx_word' id='word_1_678' title='bbox 1157 5198 1409 5270; x_wconf 88' lang='lat' dir='ltr'><strong>Vigilium</strong></span> <span class='ocrx_word' id='word_1_679' title='bbox 1451 5209 1776 5270; x_wconf 88' lang='lat' dir='ltr'><strong>potestatem</strong></span> <span class='ocrx_word' id='word_1_680' title='bbox 1820 5199 1938 5256; x_wconf 90' lang='lat' dir='ltr'><strong>ﬁeri</strong></span> <span class='ocrx_word' id='word_1_681' title='bbox 1980 5202 2125 5256; x_wconf 59' lang='lat' dir='ltr'><strong>cclcc</strong></span> 
     </span>
    </p>
   </div>
   <div class='ocr_carea' id='block_1_99' title="bbox 553 5283 2127 5359">
    <p class='ocr_par' dir='ltr' id='par_1_99' title="bbox 553 5283 2127 5359">
     <span class='ocr_line' id='line_1_99' title="bbox 553 5283 2127 5359; baseline 0.004 -24"><span class='ocrx_word' id='word_1_682' title='bbox 553 5283 777 5339; x_wconf 68' lang='lat' dir='ltr'><strong>brandce</strong></span> <span class='ocrx_word' id='word_1_683' title='bbox 816 5285 1030 5354; x_wconf 84' lang='lat' dir='ltr'><strong>synodi,</strong></span> <span class='ocrx_word' id='word_1_684' title='bbox 1065 5305 1084 5336; x_wconf 71' lang='grc' dir='ltr'><strong><em>ι</em></strong></span> <span class='ocrx_word' id='word_1_685' title='bbox 1125 5285 1180 5341; x_wconf 91' lang='lat' dir='ltr'><strong>in</strong></span> <span class='ocrx_word' id='word_1_686' title='bbox 1207 5303 1335 5357; x_wconf 80' lang='lat' dir='ltr'><strong>qua,</strong></span> <span class='ocrx_word' id='word_1_687' title='bbox 1375 5295 1437 5340; x_wconf 91' lang='lat' dir='ltr'><strong>ut</strong></span> <span class='ocrx_word' id='word_1_688' title='bbox 1465 5288 1559 5350; x_wconf 83' lang='lat' dir='ltr'><strong>ait,</strong></span> <span class='ocrx_word' id='word_1_689' title='bbox 1589 5287 1916 5357; x_wconf 78' lang='lat' dir='ltr'><strong>pnesidente</strong></span> <span class='ocrx_word' id='word_1_690' title='bbox 1943 5287 2127 5359; x_wconf 88' lang='lat' dir='ltr'><strong>ponti-</strong></span> 
     </span>
    </p>
   </div>
   <div class='ocr_carea' id='block_1_100' title="bbox 556 5369 2128 5446">
    <p class='ocr_par' dir='ltr' id='par_1_100' title="bbox 556 5369 2128 5446">
     <span class='ocr_line' id='line_1_100' title="bbox 556 5369 2128 5446; baseline 0.004 -23"><span class='ocrx_word' id='word_1_691' title='bbox 556 5369 676 5436; x_wconf 88' lang='lat' dir='ltr'><strong>fice,</strong></span> <span class='ocrx_word' id='word_1_692' title='bbox 706 5373 808 5427; x_wconf 85' lang='lat' dir='ltr'><strong>sub</strong></span> <span class='ocrx_word' id='word_1_693' title='bbox 847 5374 1242 5445; x_wconf 83' lang='lat' dir='ltr'><strong>tranquillitate</strong></span> <span class='ocrx_word' id='word_1_694' title='bbox 1268 5383 1324 5429; x_wconf 87' lang='lat' dir='ltr'><strong>et</strong></span> <span class='ocrx_word' id='word_1_695' title='bbox 1345 5375 1790 5440; x_wconf 87' lang='lat' dir='ltr'><strong>mansuetudine,</strong></span> <span class='ocrx_word' id='word_1_696' title='bbox 1829 5376 2128 5446; x_wconf 86' lang='lat' dir='ltr'><strong>propositis</strong></span> 
     </span>
    </p>
   </div>
   <div class='ocr_carea' id='block_1_101' title="bbox 552 5460 2127 5533">
    <p class='ocr_par' dir='ltr' id='par_1_101' title="bbox 552 5460 2127 5533">
     <span class='ocr_line' id='line_1_101' title="bbox 552 5460 2127 5533; baseline 0.003 -21"><span class='ocrx_word' id='word_1_697' title='bbox 552 5460 759 5515; x_wconf 81' lang='lat' dir='ltr'><strong>sanctis</strong></span> <span class='ocrx_word' id='word_1_698' title='bbox 812 5461 1139 5531; x_wconf 81' lang='lat' dir='ltr'><strong>Evangeliis,</strong></span> <span class='ocrx_word' id='word_1_699' title='bbox 1186 5464 1463 5516; x_wconf 87' lang='lat' dir='ltr'><strong>communi</strong></span> <span class='ocrx_word' id='word_1_700' title='bbox 1499 5471 1754 5527; x_wconf 86' lang='lat' dir='ltr'><strong>tractatu,</strong></span> <span class='ocrx_word' id='word_1_701' title='bbox 1795 5463 2034 5533; x_wconf 84' lang='lat' dir='ltr'><strong>capitula</strong></span> <span class='ocrx_word' id='word_1_702' title='bbox 2060 5462 2127 5517; x_wconf 86' lang='lat' dir='ltr'><strong>ad</strong></span> 
     </span>
    </p>
   </div>
   <div class='ocr_carea' id='block_1_102' title="bbox 552 5555 2126 5625">
    <p class='ocr_par' dir='ltr' id='par_1_102' title="bbox 552 5555 2126 5625">
     <span class='ocr_line' id='line_1_102' title="bbox 552 5555 2126 5625; baseline 0.001 -18"><span class='ocrx_word' id='word_1_703' title='bbox 552 5569 778 5607; x_wconf 78' lang='lat' dir='ltr'><strong>examen</strong></span> <span class='ocrx_word' id='word_1_704' title='bbox 805 5563 1103 5609; x_wconf 83' lang='lat' dir='ltr'><strong>vocentur:</strong></span> <span class='ocrx_word' id='word_1_705' title='bbox 1129 5566 1183 5610; x_wconf 92' lang='lat' dir='ltr'><strong>et</strong></span> <span class='ocrx_word' id='word_1_706' title='bbox 1207 5555 1492 5625; x_wconf 75' lang='lat' dir='ltr'><strong>qtncstioni</strong></span> <span class='ocrx_word' id='word_1_707' title='bbox 1526 5556 1837 5625; x_wconf 82' lang='lat' dir='ltr'><strong>imponatur</strong></span> <span class='ocrx_word' id='word_1_708' title='bbox 1869 5556 1957 5610; x_wconf 86' lang='lat' dir='ltr'><strong>ille</strong></span> <span class='ocrx_word' id='word_1_709' title='bbox 1984 5555 2126 5621; x_wconf 86' lang='lat' dir='ltr'><strong>finis,</strong></span> 
     </span>
    </p>
   </div>
   <div class='ocr_carea' id='block_1_103' title="bbox 2233 4544 3807 4621">
    <p class='ocr_par' dir='ltr' id='par_1_103' title="bbox 2233 4544 3807 4621">
     <span class='ocr_line' id='line_1_103' title="bbox 2233 4544 3807 4621; baseline 0.003 -23"><span class='ocrx_word' id='word_1_710' title='bbox 2233 4544 2343 4599; x_wconf 90' lang='lat' dir='ltr'><strong>cbii</strong></span> <span class='ocrx_word' id='word_1_711' title='bbox 2370 4545 2436 4599; x_wconf 85' lang='lat' dir='ltr'><strong>ad</strong></span> <span class='ocrx_word' id='word_1_712' title='bbox 2474 4545 2750 4615; x_wconf 82' lang='lat' dir='ltr'><strong>Vigilium,</strong></span> <span class='ocrx_word' id='word_1_713' title='bbox 2778 4546 2957 4617; x_wconf 82' lang='lat' dir='ltr'><strong>Vigilii</strong></span> <span class='ocrx_word' id='word_1_714' title='bbox 2993 4548 3060 4602; x_wconf 90' lang='lat' dir='ltr'><strong>ad</strong></span> <span class='ocrx_word' id='word_1_715' title='bbox 3081 4549 3408 4620; x_wconf 82' lang='lat' dir='ltr'><strong>Eutychium</strong></span> <span class='ocrx_word' id='word_1_716' title='bbox 3432 4549 3665 4616; x_wconf 83' lang='lat' dir='ltr'><strong>litteris;</strong></span> <span class='ocrx_word' id='word_1_717' title='bbox 3688 4565 3807 4621; x_wconf 83' lang='lat' dir='ltr'><strong>par-</strong></span> 
     </span>
    </p>
   </div>
   <div class='ocr_carea' id='block_1_104' title="bbox 2230 4637 3803 4713">
    <p class='ocr_par' dir='ltr' id='par_1_104' title="bbox 2230 4637 3803 4713">
     <span class='ocr_line' id='line_1_104' title="bbox 2230 4637 3803 4713; baseline 0.003 -22"><span class='ocrx_word' id='word_1_718' title='bbox 2230 4637 2327 4692; x_wconf 90' lang='lat' dir='ltr'><strong>tim</strong></span> <span class='ocrx_word' id='word_1_719' title='bbox 2357 4638 2412 4692; x_wconf 91' lang='lat' dir='ltr'><strong>in</strong></span> <span class='ocrx_word' id='word_1_720' title='bbox 2439 4638 2608 4693; x_wconf 86' lang='lat' dir='ltr'><strong>variis</strong></span> <span class='ocrx_word' id='word_1_721' title='bbox 2630 4638 2697 4692; x_wconf 90' lang='lat' dir='ltr'><strong>ad</strong></span> <span class='ocrx_word' id='word_1_722' title='bbox 2728 4654 3003 4693; x_wconf 90' lang='lat' dir='ltr'><strong>summum</strong></span> <span class='ocrx_word' id='word_1_723' title='bbox 3047 4640 3363 4711; x_wconf 89' lang='lat' dir='ltr'><strong>pontificem</strong></span> <span class='ocrx_word' id='word_1_724' title='bbox 3408 4642 3803 4713; x_wconf 87' lang='lat' dir='ltr'><strong>legationibus,</strong></span> 
     </span>
    </p>
   </div>
   <div class='ocr_carea' id='block_1_105' title="bbox 2230 4730 3808 4804">
    <p class='ocr_par' dir='ltr' id='par_1_105' title="bbox 2230 4730 3808 4804">
     <span class='ocr_line' id='line_1_105' title="bbox 2230 4730 3808 4804; baseline 0.003 -20"><span class='ocrx_word' id='word_1_725' title='bbox 2230 4730 2435 4801; x_wconf 89' lang='lat' dir='ltr'><strong>quibus</strong></span> <span class='ocrx_word' id='word_1_726' title='bbox 2506 4739 2794 4800; x_wconf 88' lang='lat' dir='ltr'><strong>rogaretur</strong></span> <span class='ocrx_word' id='word_1_727' title='bbox 2855 4748 3088 4800; x_wconf 72' lang='lat' dir='ltr'><strong>prmesse</strong></span> <span class='ocrx_word' id='word_1_728' title='bbox 3157 4734 3443 4800; x_wconf 90' lang='lat' dir='ltr'><strong>concilio;</strong></span> <span class='ocrx_word' id='word_1_729' title='bbox 3500 4733 3705 4804; x_wconf 91' lang='lat' dir='ltr'><strong>partim</strong></span> <span class='ocrx_word' id='word_1_730' title='bbox 3753 4732 3808 4787; x_wconf 88' lang='lat' dir='ltr'><strong>in</strong></span> 
     </span>
    </p>
   </div>
   <div class='ocr_carea' id='block_1_106' title="bbox 2230 4822 3804 4896">
    <p class='ocr_par' dir='ltr' id='par_1_106' title="bbox 2230 4822 3804 4896">
     <span class='ocr_line' id='line_1_106' title="bbox 2230 4822 3804 4896; baseline 0.003 -19"><span class='ocrx_word' id='word_1_731' title='bbox 2230 4822 2494 4877; x_wconf 85' lang='lat' dir='ltr'><strong>vocamlis</strong></span> <span class='ocrx_word' id='word_1_732' title='bbox 2526 4822 2724 4877; x_wconf 72' lang='lat' dir='ltr'><strong>Africa:</strong></span> <span class='ocrx_word' id='word_1_733' title='bbox 2749 4831 2805 4877; x_wconf 91' lang='lat' dir='ltr'><strong>et</strong></span> <span class='ocrx_word' id='word_1_734' title='bbox 2840 4823 3043 4891; x_wconf 83' lang='lat' dir='ltr'><strong>Illyrici</strong></span> <span class='ocrx_word' id='word_1_735' title='bbox 3088 4825 3387 4895; x_wconf 85' lang='lat' dir='ltr'><strong>episcopis,</strong></span> <span class='ocrx_word' id='word_1_736' title='bbox 3441 4824 3537 4896; x_wconf 91' lang='lat' dir='ltr'><strong>qui</strong></span> <span class='ocrx_word' id='word_1_737' title='bbox 3579 4824 3638 4880; x_wconf 91' lang='lat' dir='ltr'><strong>in</strong></span> <span class='ocrx_word' id='word_1_738' title='bbox 3666 4823 3804 4881; x_wconf 75' lang='lat' dir='ltr'><strong>urbe</strong></span> 
     </span>
    </p>
   </div>
   <div class='ocr_carea' id='block_1_107' title="bbox 2231 4914 3807 4989">
    <p class='ocr_par' dir='ltr' id='par_1_107' title="bbox 2231 4914 3807 4989">
     <span class='ocr_line' id='line_1_107' title="bbox 2231 4914 3807 4989; baseline 0.003 -19"><span class='ocrx_word' id='word_1_739' title='bbox 2231 4924 2421 4977; x_wconf 88' lang='lat' dir='ltr'><strong>erant;</strong></span> <span class='ocrx_word' id='word_1_740' title='bbox 2468 4915 2663 4982; x_wconf 81' lang='lat' dir='ltr'><strong>partim</strong></span> <span class='ocrx_word' id='word_1_741' title='bbox 2696 4914 2934 4984; x_wconf 88' lang='lat' dir='ltr'><strong>denique</strong></span> <span class='ocrx_word' id='word_1_742' title='bbox 2962 4915 3017 4969; x_wconf 92' lang='lat' dir='ltr'><strong>in</strong></span> <span class='ocrx_word' id='word_1_743' title='bbox 3063 4917 3187 4972; x_wconf 81' lang='lat' dir='ltr'><strong>fidei</strong></span> <span class='ocrx_word' id='word_1_744' title='bbox 3215 4918 3582 4989; x_wconf 86' lang='lat' dir='ltr'><strong>professione,</strong></span> <span class='ocrx_word' id='word_1_745' title='bbox 3630 4926 3690 4975; x_wconf 90' lang='lat' dir='ltr'><strong>et</strong></span> <span class='ocrx_word' id='word_1_746' title='bbox 3725 4932 3807 4974; x_wconf 81' lang='lat' dir='ltr'><strong>rc-</strong></span> 
     </span>
    </p>
   </div>
   <div class='ocr_carea' id='block_1_108' title="bbox 2232 5007 3140 5080">
    <p class='ocr_par' dir='ltr' id='par_1_108' title="bbox 2232 5007 3140 5080">
     <span class='ocr_line' id='line_1_108' title="bbox 2232 5007 3140 5080; baseline 0.001 -15"><span class='ocrx_word' id='word_1_747' title='bbox 2232 5025 2354 5066; x_wconf 90' lang='lat' dir='ltr'><strong>rum</strong></span> <span class='ocrx_word' id='word_1_748' title='bbox 2384 5007 2716 5080; x_wconf 86' lang='lat' dir='ltr'><strong>agendarum</strong></span> <span class='ocrx_word' id='word_1_749' title='bbox 2745 5010 3140 5080; x_wconf 85' lang='lat' dir='ltr'><strong>propositione.</strong></span> 
     </span>
    </p>
   </div>
   <div class='ocr_carea' id='block_1_109' title="bbox 2303 5084 3803 5174">
    <p class='ocr_par' dir='ltr' id='par_1_109' title="bbox 2303 5084 3803 5174">
     <span class='ocr_line' id='line_1_109' title="bbox 2303 5084 3803 5174; baseline 0.002 -17"><span class='ocrx_word' id='word_1_750' title='bbox 2303 5100 2394 5157; x_wconf 85' lang='lat' dir='ltr'><strong>IX.</strong></span> <span class='ocrx_word' id='word_1_751' title='bbox 2449 5084 2625 5156; x_wconf 81' lang='lat' dir='ltr'><strong>Causa</strong></span> <span class='ocrx_word' id='word_1_752' title='bbox 2673 5100 2949 5158; x_wconf 86' lang='lat' dir='ltr'><strong>Theodori</strong></span> <span class='ocrx_word' id='word_1_753' title='bbox 3026 5103 3398 5174; x_wconf 81' lang='lat' dir='ltr'><strong>Mopsuesteni</strong></span> <span class='ocrx_word' id='word_1_754' title='bbox 3453 5107 3803 5162; x_wconf 80' lang='lat' dir='ltr'><strong>collationem</strong></span> 
     </span>
    </p>
   </div>
   <div class='ocr_carea' id='block_1_110' title="bbox 2225 5190 3805 5266">
    <p class='ocr_par' dir='ltr' id='par_1_110' title="bbox 2225 5190 3805 5266">
     <span class='ocr_line' id='line_1_110' title="bbox 2225 5190 3805 5266; baseline 0.003 -20"><span class='ocrx_word' id='word_1_755' title='bbox 2225 5199 2475 5262; x_wconf 80' lang='lat' dir='ltr'><strong>quartam</strong></span> <span class='ocrx_word' id='word_1_756' title='bbox 2522 5191 2699 5246; x_wconf 92' lang='lat' dir='ltr'><strong>tenuit</strong></span> <span class='ocrx_word' id='word_1_757' title='bbox 2730 5190 2819 5247; x_wconf 90' lang='lat' dir='ltr'><strong>die</strong></span> <span class='ocrx_word' id='word_1_758' title='bbox 2858 5192 2925 5247; x_wconf 75' lang='lat' dir='ltr'><strong>l2</strong></span> <span class='ocrx_word' id='word_1_759' title='bbox 2956 5193 3101 5258; x_wconf 82' lang='lat' dir='ltr'><strong>Maii,</strong></span> <span class='ocrx_word' id='word_1_760' title='bbox 3130 5204 3186 5249; x_wconf 93' lang='lat' dir='ltr'><strong>et</strong></span> <span class='ocrx_word' id='word_1_761' title='bbox 3210 5197 3457 5266; x_wconf 90' lang='lat' dir='ltr'><strong>quintam</strong></span> <span class='ocrx_word' id='word_1_762' title='bbox 3488 5197 3579 5254; x_wconf 89' lang='lat' dir='ltr'><strong>die</strong></span> <span class='ocrx_word' id='word_1_763' title='bbox 3617 5211 3805 5253; x_wconf 87' lang='lat' dir='ltr'><strong>consc-</strong></span> 
     </span>
    </p>
   </div>
   <div class='ocr_carea' id='block_1_111' title="bbox 2224 5279 3805 5356">
    <p class='ocr_par' dir='ltr' id='par_1_111' title="bbox 2224 5279 3805 5356">
     <span class='ocr_line' id='line_1_111' title="bbox 2224 5279 3805 5356; baseline 0.001 -20"><span class='ocrx_word' id='word_1_764' title='bbox 2224 5289 2447 5352; x_wconf 90' lang='lat' dir='ltr'><strong>quente.</strong></span> <span class='ocrx_word' id='word_1_765' title='bbox 2475 5279 2748 5336; x_wconf 91' lang='lat' dir='ltr'><strong>Producta</strong></span> <span class='ocrx_word' id='word_1_766' title='bbox 2780 5295 2908 5336; x_wconf 86' lang='lat' dir='ltr'><strong>sunt</strong></span> <span class='ocrx_word' id='word_1_767' title='bbox 2939 5297 3006 5337; x_wconf 87' lang='lat' dir='ltr'><strong>ex</strong></span> <span class='ocrx_word' id='word_1_768' title='bbox 3048 5284 3216 5340; x_wconf 84' lang='lat' dir='ltr'><strong>variis</strong></span> <span class='ocrx_word' id='word_1_769' title='bbox 3250 5284 3427 5351; x_wconf 90' lang='lat' dir='ltr'><strong>libris,</strong></span> <span class='ocrx_word' id='word_1_770' title='bbox 3456 5301 3579 5356; x_wconf 82' lang='lat' dir='ltr'><strong>quae</strong></span> <span class='ocrx_word' id='word_1_771' title='bbox 3613 5286 3805 5341; x_wconf 83' lang='lat' dir='ltr'><strong>Nesto-</strong></span> 
     </span>
    </p>
   </div>
   <div class='ocr_carea' id='block_1_112' title="bbox 2228 5372 3798 5441">
    <p class='ocr_par' dir='ltr' id='par_1_112' title="bbox 2228 5372 3798 5441">
     <span class='ocr_line' id='line_1_112' title="bbox 2228 5372 3798 5441; baseline 0.001 -13"><span class='ocrx_word' id='word_1_772' title='bbox 2228 5373 2312 5428; x_wconf 89' lang='lat' dir='ltr'><strong>rio</strong></span> <span class='ocrx_word' id='word_1_773' title='bbox 2342 5372 2620 5427; x_wconf 86' lang='lat' dir='ltr'><strong>faverent:</strong></span> <span class='ocrx_word' id='word_1_774' title='bbox 2648 5372 2811 5428; x_wconf 85' lang='lat' dir='ltr'><strong>allata</strong></span> <span class='ocrx_word' id='word_1_775' title='bbox 2846 5385 3119 5431; x_wconf 87' lang='lat' dir='ltr'><strong>momenta</strong></span> <span class='ocrx_word' id='word_1_776' title='bbox 3149 5392 3347 5441; x_wconf 66' lang='lat' dir='ltr'><strong>causae,</strong></span> <span class='ocrx_word' id='word_1_777' title='bbox 3380 5377 3615 5434; x_wconf 87' lang='lat' dir='ltr'><strong>diversis</strong></span> <span class='ocrx_word' id='word_1_778' title='bbox 3639 5378 3798 5433; x_wconf 89' lang='lat' dir='ltr'><strong>etiam</strong></span> 
     </span>
    </p>
   </div>
   <div class='ocr_carea' id='block_1_113' title="bbox 2226 5463 3803 5539">
    <p class='ocr_par' dir='ltr' id='par_1_113' title="bbox 2226 5463 3803 5539">
     <span class='ocr_line' id='line_1_113' title="bbox 2226 5463 3803 5539; baseline 0.001 -20"><span class='ocrx_word' id='word_1_779' title='bbox 2226 5481 2291 5519; x_wconf 85' lang='lat' dir='ltr'><strong>ex</strong></span> <span class='ocrx_word' id='word_1_780' title='bbox 2316 5464 2470 5528; x_wconf 79' lang='lat' dir='ltr'><strong>locis,</strong></span> <span class='ocrx_word' id='word_1_781' title='bbox 2506 5472 2619 5517; x_wconf 87' lang='lat' dir='ltr'><strong>tum</strong></span> <span class='ocrx_word' id='word_1_782' title='bbox 2653 5463 2837 5536; x_wconf 84' lang='lat' dir='ltr'><strong>Cyrilli</strong></span> <span class='ocrx_word' id='word_1_783' title='bbox 2889 5476 2945 5521; x_wconf 86' lang='lat' dir='ltr'><strong>et</strong></span> <span class='ocrx_word' id='word_1_784' title='bbox 2981 5467 3180 5532; x_wconf 91' lang='lat' dir='ltr'><strong>Procli,</strong></span> <span class='ocrx_word' id='word_1_785' title='bbox 3228 5479 3392 5539; x_wconf 87' lang='lat' dir='ltr'><strong>atque</strong></span> <span class='ocrx_word' id='word_1_786' title='bbox 3423 5470 3589 5525; x_wconf 85' lang='lat' dir='ltr'><strong>etiam</strong></span> <span class='ocrx_word' id='word_1_787' title='bbox 3626 5469 3803 5524; x_wconf 59' lang='lat' dir='ltr'><strong>Them</strong></span> 
     </span>
    </p>
   </div>
   <div class='ocr_carea' id='block_1_114' title="bbox 2228 5552 3798 5619">
    <p class='ocr_par' dir='ltr' id='par_1_114' title="bbox 2228 5552 3798 5619">
     <span class='ocr_line' id='line_1_114' title="bbox 2228 5552 3798 5619; baseline 0.002 -11"><span class='ocrx_word' id='word_1_788' title='bbox 2228 5553 2425 5615; x_wconf 88' lang='lat' dir='ltr'><strong>dorcti,</strong></span> <span class='ocrx_word' id='word_1_789' title='bbox 2458 5560 2512 5607; x_wconf 89' lang='lat' dir='ltr'><strong>et</strong></span> <span class='ocrx_word' id='word_1_790' title='bbox 2539 5552 2805 5619; x_wconf 90' lang='lat' dir='ltr'><strong>aliorum,</strong></span> <span class='ocrx_word' id='word_1_791' title='bbox 2852 5562 2964 5609; x_wconf 91' lang='lat' dir='ltr'><strong>tum</strong></span> <span class='ocrx_word' id='word_1_792' title='bbox 3006 5555 3249 5611; x_wconf 69' lang='lat' dir='ltr'><strong>historia:</strong></span> <span class='ocrx_word' id='word_1_793' title='bbox 3287 5556 3673 5615; x_wconf 62' lang='lat' dir='ltr'><strong>ecclesiastica</strong></span> <span class='ocrx_word' id='word_1_794' title='bbox 3699 5555 3798 5613; x_wconf 81' lang='lat' dir='ltr'><strong>lle-</strong></span> 
     </span>
    </p>
   </div>
   <div class='ocr_carea' id='block_1_115' title="bbox 1938 5684 2515 5742">
    <p class='ocr_par' dir='ltr' id='par_1_115' title="bbox 1938 5684 2515 5742">
     <span class='ocr_line' id='line_1_115' title="bbox 1938 5684 2515 5742; baseline -0.003 -3"><span class='ocrx_word' id='word_1_795' title='bbox 1938 5686 2243 5742; x_wconf 61' lang='grc' dir='ltr'><strong>δίὶιιιῑιλιι</strong></span> <span class='ocrx_word' id='word_1_796' title='bbox 2290 5684 2515 5742; x_wconf 57' lang='grc' dir='ltr'><strong>ΝΟΙᾹΞ.</strong></span> 
     </span>
    </p>
   </div>
   <div class='ocr_carea' id='block_1_116' title="bbox 622 5773 2020 5852">
    <p class='ocr_par' dir='ltr' id='par_1_116' title="bbox 622 5773 2020 5852">
     <span class='ocr_line' id='line_1_116' title="bbox 622 5773 2020 5852; baseline -0.002 -16"><span class='ocrx_word' id='word_1_797' title='bbox 622 5773 666 5802; x_wconf 68' lang='grc'><strong>’⁸</strong></span> <span class='ocrx_word' id='word_1_798' title='bbox 698 5780 859 5836; x_wconf 63' lang='lat' dir='ltr'><strong>Sacra</strong></span> <span class='ocrx_word' id='word_1_799' title='bbox 885 5782 949 5835; x_wconf 81' lang='lat' dir='ltr'><strong>ad</strong></span> <span class='ocrx_word' id='word_1_800' title='bbox 988 5778 1274 5852; x_wconf 60' lang='lat' dir='ltr'><strong>synodum.</strong></span> <span class='ocrx_word' id='word_1_801' title='bbox 1347 5782 1387 5807; x_wconf 76' lang='lat'><strong>&quot;&quot;</strong></span> <span class='ocrx_word' id='word_1_802' title='bbox 1426 5780 1544 5835; x_wconf 54' lang='lat' dir='ltr'><strong>Vill.</strong></span> <span class='ocrx_word' id='word_1_803' title='bbox 1583 5782 1712 5835; x_wconf 75' lang='lat' dir='ltr'><strong>Acta</strong></span> <span class='ocrx_word' id='word_1_804' title='bbox 1743 5780 1930 5852; x_wconf 69' lang='lat' dir='ltr'><strong>synodi</strong></span> <span class='ocrx_word' id='word_1_805' title='bbox 1972 5796 2020 5833; x_wconf 75' lang='grc' dir='ltr'><strong>γ.</strong></span> 
     </span>
    </p>
   </div>
  </div>
