3926 6216
167 344 264 400 {05

1308 338 1666 400 HISTORIA
1699 336 2211 400 THEQDORETI.

3301 355 3403 422 194

155 448 317 518 syshii
369 445 683 518 presbyteri
712 489 728 511 .
763 456 818 501 et
869 447 1037 503 libelli
1097 448 1165 502 ab
1212 448 1485 503 Armeniis
1530 447 1724 502 Proelo
1756 453 1798 504 Α
1827 456 2002 514 putet,
2032 449 2130 504 has
2157 467 2284 505 vero
2316 462 2373 505 ut
2397 451 2611 508 divinas
2633 457 2734 511 soli
2758 458 2902 526 Deo;
2931 463 3220 522 anathema
3253 470 3344 526 sit.
3373 492 3394 524 ι

153 540 348 603 oblati;
375 540 590 594 reiectae
631 540 846 609 pariter
880 541 1176 597 Theodosii
1224 543 1370 612 leges
1399 540 1541 604 dum,
1572 539 1726 592 velut

128 631 488 685 Theodorum
540 631 882 698 attinerent;
943 649 1271 703 responsum
1324 633 1432 698 iis,
1476 633 1592 688 sive
1624 630 1718 701 qui

151 723 398 794 epistolas
426 722 742 792 proferrent
785 725 837 778 in
878 725 1096 780 laudem
1144 725 1441 790 Theodori,
1479 724 1594 778 sive
1626 723 1721 794 qui

147 815 414 869 neminem
462 815 519 868 in
563 830 700 885 pace
751 817 1070 871 defunctum
1121 818 1368 872 damnari
1409 833 1570 886 posse
1599 832 1722 870 con-

151 906 471 962 tenderent:
506 908 782 962 recensita
836 910 1057 964 tandem
1090 911 1281 982 synodi
1323 910 1721 981 MOpsuestente

152 1005 327 1063 gesta;
378 996 619 1066 denique
665 999 1068 1053 conclamatum
1112 1017 1142 1054 a
1188 1001 1398 1071 synodo
1450 999 1720 1054 adversus

151 1088 607 1157 lopsuestenum.

211 1179 278 1233 Χ.
307 1179 507 1234 Eadem
542 1181 836 1236 collatione
885 1182 1097 1251 quinta.
1153 1198 1276 1252 quas
1318 1184 1594 1239 celebrata
1636 1184 1719 1240 di-

151 1271 284 1325 citur
305 1287 358 1325 ιιι
389 1270 518 1327 ldus
551 1271 745 1335 Maias,
771 1282 951 1326 actum
979 1284 1063 1327 est
1087 1273 1154 1328 de
1186 1273 1551 1330 Theodoreto.
1588 1277 1716 1331 Jus-

150 1359 216 1413 sit
259 1360 495 1431 synodus
538 1362 763 1416 recitari
795 1377 891 1422 ea,
937 1381 954 1413 ι
1003 1379 1124 1432 quae
1171 1366 1399 1419 collecta
1448 1373 1607 1420 erant
1649 1381 1716 1420 ex

151 1449 467 1503 Theodoreti
508 1451 836 1520 conscriptis
866 1461 1054 1507 contra
1099 1464 1304 1508 rectam
1337 1455 1499 1510 ﬁdem
1544 1473 1712 1526 expo-

149 1540 278 1604 sitis,
302 1551 356 1596 et
381 1551 571 1596 contra
598 1552 802 1597 saneta:
827 1544 1103 1598 memoria:
1137 1543 1399 1614 Cyrillum
1429 1557 1484 1601 et
1508 1547 1716 1602 duode-

147 1632 245 1685 cim
280 1634 394 1702 ejus
415 1635 616 1703 capita,
652 1651 867 1690 necnon
908 1651 1006 1704 pro
1033 1635 1324 1691 Theodoro
1357 1647 1411 1691 et
1437 1638 1710 1704 Nestorio,

147 1731 407 1778 eteorum
438 1724 816 1794 blasphemiis.
855 1747 872 1776 ι
908 1725 1047 1780 Sunt
1076 1735 1260 1781 autem
1317 1729 1564 1789 recitata,
1594 1743 1715 1800 qum

1829 535 2072 606 Denique
2110 539 2212 593 ista
2259 540 2616 598 duodecimi:
2661 565 2678 596 ι
2730 548 2825 602 Dei
2886 549 3123 608 Verbum
3175 572 3398 627 passum

1825 643 2011 693 carne,
2044 641 2099 684 et
2124 633 2444 688 cruciﬁxum
2469 651 2589 690 esse
2615 652 2801 704 carne,
2821 648 2876 694 et
2900 652 3132 696 mortem
3151 658 3398 715 gustasse

1824 738 2014 788 carne,
2042 723 2246 779 factum
2282 730 2449 781 etiam
2481 731 2902 800 primogenitum
2928 749 2994 788 ex
3031 738 3282 802 mortuis,
3303 756 3396 796 se-

1823 816 2063 870 cundum
2083 817 2228 886 quod
2260 819 2368 873 vita
2397 828 2499 884 est,
2527 831 2582 875 et
2598 823 2868 888 viviﬁcus,
2903 835 2964 879 ut
2991 827 3156 883 Deus.
3192 849 3211 882 ›

1892 906 2021 973 Quae
2044 923 2174 962 vero
2197 909 2602 979 objiciebantur
2629 913 3000 974 Theodoreto.
3039 934 3106 973 eo
3139 922 3262 989 plus
3294 921 3396 976 ba-

1821 996 2278 1065 bebantinvidiaa,
2310 1017 2420 1070 quo
2463 1002 2570 1056 illis
2616 1007 2956 1074 temporibus
2987 1021 3040 1067 et
3079 1013 3393 1067 exsecrabi-

1817 1085 1926 1141 lius
1957 1099 2076 1143 erat
2106 1090 2344 1145 Nestorii
2377 1107 2597 1155 nomen,
2630 1105 2686 1150 et
2712 1094 2901 1166 Cyrilli
2933 1101 3106 1169 major
3154 1103 3396 1156 auctori-

1820 1187 1902 1232 tas
1922 1181 2064 1248 apud
2089 1189 2272 1249 partes
2297 1182 2591 1237 Ecclesiam
2618 1185 2986 1243 distrahentes
3010 1207 3022 1241 :
3047 1190 3136 1245 ille
3159 1192 3303 1246 enim
3323 1193 3394 1249 ab

1818 1273 2074 1326 omnibus
2094 1275 2458 1328 communiter
2475 1275 2778 1331 habebatur
2810 1280 2957 1334 velut
2979 1279 3180 1336 Christi
3197 1284 3390 1350 hostis,

1816 1372 1872 1417 et
1923 1366 2072 1420 orbis
2115 1367 2283 1421 totius
2313 1369 2513 1438 pestis:
2546 1373 2647 1425 iste
2696 1372 2982 1427 colebatur
3015 1384 3273 1444 tanquam
3305 1377 3392 1432 vir

1815 1454 2031 1508 eximia:
2063 1456 2282 1524 pietatis
2304 1497 2317 1521 ,
2367 1457 2624 1515 Ecclesiae
2658 1462 2934 1532 magister,
2977 1473 3032 1518 et
3057 1469 3214 1519 certa
3245 1476 3390 1521 recte

1818 1545 2088 1599 sentiendi
2122 1548 2326 1618 regula.
2991 1610 2996 1614 .

1881 1634 1994 1687 Hoc
2018 1652 2180 1705 porro
2211 1640 2262 1692 in
2282 1640 2403 1694 loco
2426 1641 2610 1696 mirari
2629 1643 2900 1713 quispiam
2924 1645 3115 1714 possit,
3143 1654 3199 1701 et
3215 1647 3392 1704 Theo-

1816 1725 1992 1781 doreti
2021 1729 2406 1796 voluntariam,
2445 1735 2488 1787 si
2540 1736 2620 1789 fas
2659 1736 2733 1789 ita
2763 1737 2934 1806 loqui,
2971 1729 3306 1804 caecitatem,
3335 1752 3392 1796 et

149 1813 512 1872 Theodoretus
542 1826 734 1872 contra
775 1831 1021 1874 sanctum
1051 1820 1313 1890 Cyrillum
1337 1861 1351 1885 ,
1387 1831 1445 1876 et
1478 1822 1532 1876 in
1580 1837 1712 1876 ana-
1744 1817 1787 1871 Β
1816 1817 2072 1882 hominis,
2103 1821 2194 1889 qui
2225 1837 2290 1875 ex
2335 1824 2553 1892 scriptis
2592 1825 2923 1882 Theodoreti
2959 1829 3234 1899 decerpsit
3269 1848 3391 1902 quae

149 1903 500 1960 thematismis
523 1907 902 1976 reprehendit,
936 1917 992 1962 et
1013 1909 1067 1962 in
1099 1911 1528 1965 allocutionibus
1553 1911 1710 1977 dixit,

149 2002 200 2049 et
227 1995 440 2065 scripsit
463 1997 520 2050 in
546 1997 776 2052 litteris.

207 2086 291 2145 XI.
339 2087 566 2159 Objecta
627 2100 760 2146 sunt
806 2098 1006 2161 praeter
1060 2090 1434 2148 defensionem
1486 2094 1711 2150 Diodori

148 2177 432 2244 Tarsensis,
475 2189 532 2234 et
578 2181 852 2236 Theodori
892 2169 1286 2252 Mopsuesteni,
1314 2184 1710 2256 Ephesinaeque

148 2270 318 2341 synodi
341 2273 833 2342 oppugnationem,
862 2273 965 2328 tria
1003 2273 1118 2328 haec
1163 2289 1293 2329 sane
1339 2277 1702 2346 gravissima:

147 2361 275 2430 quod
322 2360 586 2433 Cyrillum
657 2366 1053 2420 contumeliose
1106 2368 1507 2436 appellaverit;
1559 2371 1708 2439 quod

145 2455 367 2524 ejusdem
395 2455 708 2512 doctrinam
734 2459 882 2512 velut
926 2459 1170 2528 impiam,
1205 2469 1260 2514 et
1299 2462 1513 2517 traditae
1540 2480 1570 2518 a
1605 2465 1706 2519 Pa-

149 2543 307 2597 tribus
335 2544 459 2598 ﬁdei
491 2557 826 2614 pugnantem
855 2548 1198 2615 traduxerit;
1231 2551 1397 2620 quod,
1436 2569 1561 2606 cum
1599 2553 1705 2624 Cy-

149 2633 256 2687 rillo
296 2635 724 2700 contradiceret,
762 2651 916 2691 reum
944 2653 1000 2694 se
1029 2641 1410 2696 consensionis
1439 2659 1564 2698 cum
1596 2645 1704 2699 Ne.-

146 2725 295 2779 storio
326 2727 652 2796 prodiderit.

203 2816 436 2870 Primum
479 2833 547 2872 ex
575 2834 645 2873 eo
674 2820 1090 2888 conﬁciebatur,
1122 2826 1269 2894 quod
1292 2842 1322 2880 a
1351 2827 1702 2885 Theodoreto

144 2905 351 2978 Cyrillus
384 2911 567 2966 dictus
587 2913 662 2965 sit
684 2913 729 2943 "
758 2932 776 2964 ι
811 2915 997 2979 miser,
1032 2931 1291 2985 nequam,
1341 2919 1564 2989 impius,
1615 2923 1702 2976 in-

144 2998 298 3060 vidus,
328 3000 645 3065 hasreticus,
673 3004 1052 3070 antichristus,
1072 3009 1087 3024 '
1113 3007 1706 3076 Theomachus,Theo-,-

117 3089 386 3158 ‘paschita,
420 3092 626 3146 Asterii
663 3095 838 3148 ariani
862 3096 1185 3166 discipulus,
1218 3101 1540 3169 Apollinarii
1566 3120 1697 3173 pro-

141 3177 227 3246 les,
249 3185 415 3251 peStis
442 3183 722 3250 Ecclesiae,
766 3195 957 3240 auctor
989 3192 1223 3245 tumultu
1235 3209 1323 3245 um
1351 3195 1502 3249 orbis
1529 3205 1698 3251 terra-

141 3287 265 3328 rum.
295 3295 312 3326 ι

205 3369 446 3423 Alterum
485 3370 616 3424 inde
661 3371 1009 3426 manifestum
1040 3375 1352 3444 videbatur,
1387 3381 1532 3451 quod
1593 3383 1698 3457 Cy-

139 3457 236 3512 rilli
265 3460 574 3516 doctrinam
634 3465 936 3519 nominarit
979 3468 1024 3498 "
1065 3487 1082 3517 ι
1124 3470 1508 3528 haereticorum
1557 3476 1701 3530 ziza-

138 3549 330 3606 niorum
371 3555 641 3624 germina,
681 3556 1002 3625 Apollinarii
1060 3564 1449 3632 prepaginem,
1496 3567 1698 3624 Asterii

139 3639 483 3712 disciplinam,
517 3646 914 3716 blasphemiam
951 3651 1064 3705 Arii
1100 3661 1156 3706 et
1200 3655 1476 3723 Eunomii,
1502 3659 1699 3715 Valen-

138 3735 244 3801 tini,
267 3737 493 3793 Manetis
515 3749 570 3794 et
601 3741 892 3798 Marcionis
921 3744 1212 3800 insaniam.
1251 3767 1268 3797 ι

194 3827 526 3884 Postremum
557 3847 624 3886 ex
669 3848 735 3886 eo
777 3836 1061 3889 constabat
1102 3838 1272 3908 quod,
1307 3855 1430 3894 cum
1467 3841 1696 3898 haeresis

138 3918 350 3976 Neswrii
386 3923 474 3976 his
500 3934 740 3993 quatuor
764 3927 999 3980 maxime
1047 3930 1336 3984 sententiis
1380 3933 1695 3988 contineres

137 4018 247 4064 tur:
274 4013 431 4068 beata
460 4015 626 4086 Virgo
654 4031 765 4069 non
799 4017 968 4070 Deum
998 4020 1206 4088 genuit,
1236 4023 1329 4076 sed
1356 4023 1637 4079 hominem
1665 4043 1694 4081 a

134 4100 230 4156 Deo
249 4103 476 4170 factum;
505 4116 717 4161 natura:
741 4107 796 4160 in
816 4107 1037 4163 Christo
1057 4111 1178 4165 dum
1202 4113 1314 4166 sola
1339 4114 1496 4185 243
1515 4116 1693 4184 σχέσει

135 4197 559 4268 ronjunguntur;
587 4201 728 4254 alius
755 4209 871 4264 est,
913 4203 1001 4257 cui
1040 4204 1278 4258 humiles
1319 4221 1502 4270 voces,
1553 4209 1693 4262 alius

135 4289 207 4341 cui
230 4289 802 4358 divinat-tribuuntur;
830 4293 974 4347 Deus
999 4311 1107 4348 non
1129 4305 1212 4349 est
1238 4313 1430 4367 passus
1456 4316 1466 4350 :
1501 4315 1691 4353 earum

135 4380 357 4436 omnium
398 4384 798 4436 sententiarum
836 4383 1216 4440 Theodoretus
1243 4387 1605 4456 professorem
1635 4406 1689 4443 se

1816 1909 2208 1979 objicerentur,
2247 1911 2675 1982 incogilantiam.
2711 1916 2996 1982 Quomodo
3018 1922 3164 1974 enim
3207 1921 3388 1978 Theo-

1813 2001 2058 2065 doretus,
2085 2019 2192 2072 qua
2217 2013 2337 2058 erat
2379 2005 2753 2076 intelligentiae
2800 2010 2884 2073 vi,
2918 2015 3228 2082 perspicere
3277 2031 3388 2070 non

1811 2091 2010 2159 potuit.
2039 2106 2161 2160 qua:
2182 2103 2328 2148 esset
2353 2095 2611 2151 Ecclesiae
2645 2097 2802 2164 ﬁdes,
2829 2116 3103 2171 quamque
3149 2120 3390 2161 consona

1813 2181 1936 2235 ﬁdei
1965 2181 2149 2254 Cyrilii
2186 2186 2491 2251 sententia,
2539 2188 2822 2244 dissonum
2869 2192 3108 2247 Nestorii
3151 2193 3390 2264 dogma?

1811 2273 2096 2340 Quomodo
2121 2277 2327 2344 pariter
2377 2287 2670 2348 excerptor
2717 2297 2780 2334 ea
2807 2285 3038 2351 protulit
3079 2301 3145 2338 ex
3191 2287 3390 2342 litteris

1810 2365 2144 2420 Theodoreti
2181 2365 2246 2419 ad
2297 2370 2650 2434 monasteria,
2688 2373 2845 2440 queis
2895 2389 2992 2441 per
3038 2390 3283 2430 errorem
3323 2395 3388 2432 ea

1809 2453 2133 2509 tribuuntur
2189 2455 2422 2528 Cyrillo,
2483 2459 2684 2528 quibus
2747 2461 3126 2517 contradicere
3181 2466 3389 2520 nullius

1807 2553 1926 2599 erat
1971 2547 2222 2615 negotii?
2254 2546 2393 2601 adeo
2432 2556 2561 2602 sunt
2607 2550 2826 2605 infanda
2861 2552 3022 2608 simul
3056 2563 3111 2609 et
3136 2572 3165 2610 a
3195 2557 3385 2628 Cyrilli

1807 2643 1988 2689 mente
2015 2636 2212 2714 aliena.

1879 2739 1993 2794 XII.
2025 2741 2349 2811 Priusquam
2375 2743 2671 2798 haberetur
2702 2757 2850 2800 sexta
2874 2748 3112 2815 collatio,
3145 2767 3250 2820 qua
3277 2753 3384 2809 Iba:

1805 2845 1968 2883 causa
2015 2833 2232 2900 cognita
2271 2844 2373 2898 est,
2423 2833 2653 2902 Vigilius
2691 2851 2814 2890 eum
2863 2839 3071 2908 synodo
3116 2841 3383 2898 interesse

1804 2921 2093 2987 noluisset,
2125 2923 2436 2978 Justiniano
2477 2925 2625 2979 misit
2660 2926 3036 2992 Constitutum,
3069 2947 3178 2999 quo
3209 2933 3385 2989 inter-

1810 3023 2037 3084 rogatus
2069 3015 2136 3068 de
2171 3016 2350 3070 tribus
2373 3018 2629 3086 capitulis
2667 3034 2986 3088 responsum
3013 3022 3184 3076 dedit.

1878 3105 2312 3176 lnterrogaverat
2357 3108 2658 3176 imperator
2691 3110 3004 3178 pontiﬁcem
3027 3152 3040 3174 ,
3090 3115 3221 3182 quid
3255 3131 3378 3169 sen-

1807 3194 1935 3248 tiret
1978 3195 2045 3250 de
2095 3196 2491 3264 quaestionibus
2548 3200 2845 3267 propositis
2894 3218 2905 3252 :
2953 3200 3384 3273 interrogaverat

1802 3297 1934 3335 vero
1964 3297 2102 3350 pene
2139 3283 2366 3337 tortoris
2419 3285 2473 3338 in
2515 3286 2738 3339 modum
2772 3305 2784 3340 :
2818 3305 2941 3342 nam
2990 3307 3114 3345 cum
3144 3294 3383 3348 misisset

1802 3372 2009 3428 homini
2065 3374 2280 3430 inﬁrma
2332 3378 2647 3433 valetudine
2695 3380 2895 3434 afﬂicto
2946 3383 3150 3452 grande
3197 3385 3380 3453 potius

1801 3465 2055 3520 volumen
2089 3483 2250 3536 quam
2276 3471 2792 3535 commonitorium,
2831 3489 2939 3527 non
2978 3476 3271 3543 ampliores
3311 3478 3379 3531 ad

1800 3558 2245 3626 respondendum
2274 3561 2543 3627 inducias,
2575 3579 2737 3632 quam
2769 3565 2962 3636 viginti
2990 3566 3202 3621 dierum
3241 3585 3375 3623 eouu

1800 3651 1982 3703 cessit.
2033 3651 2338 3720 Respondit
2385 3665 2564 3709 tamen
2601 3656 2851 3727 Vigilius,
2893 3673 2999 3727 qua
3034 3661 3245 3714 ratione
3284 3661 3379 3716 de-

1799 3742 1958 3795 cebat
1984 3743 2128 3798 sedis
2152 3747 2464 3814 apostolica:
2507 3751 2790 3816 prmsnlem
2825 3767 2837 3802 :
2863 3751 3156 3820 siquidem,
3185 3763 3375 3808 coacta

1797 3832 2009 3888 scilicet
2037 3836 2333 3906 auditaque
2370 3853 2594 3891 suorum
2617 3840 2856 3910 synodo,
2890 3844 3231 3912 prtesoripsit
3257 3846 3374 3914 pri-

1798 3941 1946 3978 mum
1984 3926 2131 3996 leges
2177 3929 2492 3998 inquirendi
2529 3930 2596 3984 de
2640 3932 2816 3987 tribus
2847 3934 3122 4003 capitulis.
3165 3937 3373 3992 Deinde

1798 4015 1850 4068 id
1894 4017 2037 4085 quod
2068 4029 2396 4087 praepostere
2427 4035 2488 4074 ac
2528 4036 2786 4089 perverse
2826 4021 2894 4076 de
2947 4021 3051 4075 ﬁde
3081 4038 3109 4074 a
3146 4023 3375 4093 singulis

1797 4108 2006 4172 tribus,
2048 4125 2280 4179 quorum
2330 4125 2492 4165 causa
2543 4111 2824 4181 agebatur,
2857 4112 2950 4165 sed
3009 4129 3038 4166 a
3082 4113 3372 4168 Theodoro

1796 4202 2098 4268 praesertim
2127 4209 2182 4256 et
2205 4201 2551 4256 Theodoreto
2577 4202 2738 4274 244
2777 4204 3042 4272 scriptum
3070 4203 3368 4266 ferebatur,

1795 4291 1975 4345 inusta
2007 4307 2250 4346 censura:
2302 4301 2430 4345 nota
2491 4292 2834 4361 proscripsit,
2887 4293 3138 4361 personis
3188 4304 3368 4348 tamen

1796 4381 2031 4437 intactis.
2066 4384 2248 4437 Edixit
2276 4384 2513 4452 denique
2541 4384 2796 4453 graviter,
2827 4385 3214 4440 interminatus
3239 4388 3365 4440 abs-

134 4475 404 4538 przestitit,
444 4489 570 4529 cum
615 4475 877 4547 Cyrillum
936 4479 1166 4546 singulis
1223 4480 1688 4536 contradicentem
1725 4490 1768 4544 D
1801 4474 2120 4538 ῐϐηῑίοηοιη,
2175 4491 2244 4528 ne
2288 4474 2413 4543 (111⁵8
2455 4475 2814 4528 θεοΙθείθειίοί
2857 4476 3067 4531 (“diuis
3111 4478 3271 4531 3m"
3299 4478 3367 4531 de

134 4565 328 4633 arguit,
387 4566 926 4636 contradicentisque
977 4570 1278 4623 sententias
1338 4573 1690 4640 reprehendit

134 4654 263 4708 velut
281 4655 446 4711 falsas
468 4665 630 4728 atque
649 4659 812 4712 etiam
842 4659 1146 4714 haereticas.
1166 4662 1542 4731 Reprehendit
1559 4682 1684 4720 vero

141 4747 236 4800 haec
282 4748 723 4804 anathematismi
764 4751 924 4818 primi
981 4752 1150 4807 verba
1189 4771 1201 4806 :
1243 4773 1262 4804 ι
1301 4754 1464 4825 Virgo
1501 4769 1685 4812 sancta

141 4839 301 4903 genuit
329 4839 626 4894 carnaliter
647 4839 887 4894 Verbum
905 4842 1151 4896 divinum
1180 4860 1395 4899 carnem
1424 4846 1677 4900 factum.»

140 4925 227 4983 Ista
261 4932 485 4986 secundi
519 4952 533 4984 :
579 4951 597 4984 ι
632 4930 799 4986 Carni
831 4935 1133 4988 secundum
1168 4937 1528 4992 substantiam
1567 4940 1688 4992 uni-

144 5023 237 5073 tum
275 5031 355 5076 est
400 5023 648 5078 Verbum
699 5023 968 5078 divinum.
1010 5044 1027 5076 ι
1063 5025 1188 5080 "me
1245 5029 1407 5082 etiam
1459 5032 1638 5099 quarti
1673 5049 1685 5083 :

155 5127 168 5157 ι
197 5107 242 5165 Si
264 5113 379 5182 quis
406 5114 661 5185 personis
686 5113 901 5169 duabus
927 5117 1040 5171 sive
1075 5118 1444 5173 subsistentiis
1476 5120 1688 5188 disper-

151 5200 224 5255 tiat
261 5219 435 5270 voces,
470 5221 596 5276 qua:
623 5211 757 5259 sunt
805 5203 859 5258 in
887 5206 1214 5276 Evangeliis,
1260 5208 1342 5261 vel
1379 5209 1691 5278 apostolicis

151 5287 421 5364 Scripturis,
467 5312 708 5368 quaeque
741 5297 878 5352 vela
905 5298 1108 5354 sanctis
1132 5297 1199 5352 de
1236 5298 1456 5353 Christo
1494 5300 1689 5354 dicun-

153 5392 232 5451 lur,
260 5390 332 5445 vel
376 5391 447 5446 ab
493 5391 620 5462 ipso
653 5389 725 5444 de
743 5387 946 5458 seipse,
990 5398 1045 5443 et
1099 5389 1195 5443 has
1226 5391 1449 5459 quidem
1497 5401 1554 5444 ut
1593 5392 1691 5444 ho-

150 5479 265 5562 mini,
287 5483 374 5555 qui
403 5490 616 5556 praeter
646 5480 891 5536 Verbum
938 5482 1162 5533 seorsim
1196 5482 1548 5551 intelligatur,
1591 5483 1686 5536 de-

1796 4583 1852 4620 τε
1880 4575 2012 4629 tota,
2037 4583 2198 4635 quam
2232 4567 2367 4636 ipse,
2397 4575 2678 4622 statueret.

1860 4658 1997 4711 Xlll.
2029 4657 2182 4722 Quod
2226 4659 2290 4711 ad
2326 4658 2730 4711 Theodoi-etum
2769 4659 3087 4712 nominatim
3134 4667 3361 4727 spectat,

1793 4751 2075 4819 respondit
2106 4750 2348 4819 pontifex
2395 4750 2677 4802 innoxium
2719 4751 2868 4803 illum
2893 4749 3104 4804 censeri
3138 4750 3362 4813 debere,

1791 4842 1992 4911 quippe
2022 4857 2186 4911 quem
2225 4851 2410 4895 sancta
2458 4841 2698 4912 synodus
2733 4841 3050 4909 recepisset,
3099 4857 3362 4911 suamque

1793 4944 1915 5003 post
1938 4937 2209 5005 ejuratum
2235 4933 2547 4987 Nestorium
2574 4948 2698 4985 cum
2730 4931 2844 4985 suis
2878 4931 3147 5002 dogmatis
3175 4932 3362 4986 sedem

1793 5028 1994 5081 habere
2048 5026 2344 5090 voluisset;
2397 5039 2498 5078 nec
2541 5025 2594 5076 in
2640 5039 2708 5077 eo
2741 5024 3040 5093 quidquam
3090 5024 3360 5095 synodum

1791 5118 2168 5186 imprudenter
2192 5116 2407 5179 fecisse,
2440 5115 2708 5183 siquidem
2746 5115 2954 5170 imitata
3003 5116 3072 5168 sit
3100 5115 3360 5184 Cyrillum

1788 5207 1902 5274 qui,
1927 5205 2056 5257 dum
2091 5220 2192 5274 pax
2220 5203 2472 5266 iniretur,
2496 5203 2725 5274 injurias
2753 5204 2856 5258 sibi
2890 5206 3360 5274 contumeliasque

1789 5299 1964 5351 illatas
2001 5295 2348 5349 Theodoreto
2379 5295 2451 5348 ita
2483 5294 2833 5358 condonavit,
2859 5304 2940 5356 ut,
2972 5311 3092 5366 qua:
3114 5297 3362 5365 scripsis-

1789 5398 1889 5451 svt,
1925 5405 2031 5441 non
2055 5387 2273 5456 petierit
2312 5385 2539 5439 aboleri.
2571 5385 2684 5438 Hoc
2716 5401 2978 5455 responso
3012 5385 3254 5454 pontifex
3289 5385 3362 5437 Ῐιι-

1789 5481 1861 5533 cit
1888 5481 2020 5534 satis
2051 5478 2329 5548 prioribus
2366 5475 2579 5530 duobus
2616 5475 2962 5531 Theodoreto
3005 5475 3250 5547 objectis.
3291 5479 3364 5532 lle

1487 5635 1796 5692 SCiiULZIl
1840 5635 2064 5691 NOTIE.

180 5787 208 5816 "
236 5787 275 5844 lu
314 5796 484 5860 epist.
531 5781 602 5837 ad
658 5775 1011 5830 tx‘:omsta.'ria.
1090 5777 1130 5805 1‘9
1166 5774 1294 5826 ibid.
