3926 6216
541 344 666 414 195

1685 345 2060 406 GARNERII
2100 345 2596 408 DISSERTATIO
2639 350 2688 407 Ι.

3731 348 3843 411 196

559 471 742 526 tertio,
767 434 877 527 quo
905 458 1218 512 continetur
1258 455 1547 512 consensio
1575 469 1700 508 cum
1748 456 2025 521 Nestorio,
2070 456 2124 511 id
2153 465 2198 518 Α
2227 458 2428 524 clesize,
2463 461 2556 528 qui
2603 459 2869 513 unitatem
2919 457 3225 514 secundum
3263 457 3694 514 subsistentiam
3731 459 3840 514 Dei

558 546 691 616 egit,
725 543 872 616 quod
895 545 1174 600 doctorem
1197 541 1454 597 Ecclesia:
1477 542 1708 597 decebat
1738 562 1750 598 :
1783 546 2131 602 anathemate

556 635 792 705 perculit
840 636 895 688 in
939 649 1137 705 genere
1191 632 1460 701 quidquid
1511 633 1740 688 haberet
1796 635 2132 691 Nestorianae

559 724 783 780 hmresis
834 727 917 779 vel
969 723 1240 792 speciem;
1271 730 1386 776 tum
1421 723 1477 775 in
1516 723 1857 792 particulari,
1900 727 2130 781 anathe-

557 816 827 870 matismis
849 815 1095 884 quinque
1134 821 1394 883 excerpta
1422 814 1652 869 totidem
1692 830 1761 870 ex
1796 815 2128 872 Theodoreti

554 905 711 960 libris
745 905 1042 960 damnavit.
2105 894 2124 912 ⁹

625 998 678 1052 1.
715 1015 733 1048 ε
769 996 824 1050 Si
857 995 980 1065 quis
1005 1002 1219 1050 servata
1247 994 1772 1051 inconvertibilitate
1805 1006 2014 1052 naturae
2041 997 2128 1052 di-

551 1087 714 1151 vinae,
745 1102 854 1140 non
886 1085 1182 1141 conﬁtetur
1207 1087 1444 1141 Verbum
1477 1101 1699 1141 carnem
1730 1088 1955 1154 factum,
1980 1097 2036 1144 et
2059 1105 2129 1144 ex

550 1177 665 1246 ipsa
702 1178 1059 1246 conceptione
1087 1176 1155 1230 de
1179 1187 1336 1232 utero
1359 1176 1600 1247 Virginis
1632 1178 1886 1234 humanae
1915 1187 2128 1236 natura:

547 1267 653 1321 sibi
683 1265 986 1321 secundum
1031 1266 1444 1321 subsistentiam
1492 1267 1676 1321 unisse
1710 1268 1998 1338 principia,
2027 1270 2126 1325 sed

550 1363 808 1424 tanquam
854 1370 980 1410 cum
1019 1357 1316 1410 exsistente
1359 1355 1470 1424 jam
1521 1355 1743 1411 homine
1789 1353 1956 1413 fuerit
1981 1358 2126 1414 Deus

550 1443 812 1509 Verbum,
849 1453 904 1499 ut
930 1459 1029 1514 per
1062 1445 1169 1498 hoc
1189 1459 1299 1499 non
1331 1453 1521 1499 sancta
1555 1445 1720 1515 Virgo
1746 1462 1877 1502 vere
1907 1448 2005 1502 Dei
2029 1462 2126 1519 ge-

548 1536 716 1590 nitrix
757 1552 879 1590 esse
923 1535 1203 1600 credatur,
1235 1535 1332 1590 sed
1382 1535 1555 1590 verbo
1585 1543 1746 1592 tenus
1793 1538 2121 1607 appelletur,

546 1625 837 1680 anathema
866 1627 955 1678 sit.
992 1643 1010 1676 ι

607 1698 633 1736 ⁵
663 1717 718 1770 2.
749 1736 766 1768 ‹
817 1715 875 1770 Si
907 1717 1031 1786 quis
1053 1713 1354 1770 secundum
1397 1713 1810 1771 subsistentiam
1853 1717 2122 1773 unitatem

546 1815 869 1862 naturarum
903 1808 960 1862 in
983 1807 1204 1862 Christo
1225 1807 1423 1861 factam
1457 1806 1719 1878 denegat,
1746 1808 1842 1862 sed
1872 1825 2122 1866 seorsum
2155 1797 2197 1855 Β

545 1901 828 1955 exsistenti
851 1900 1060 1954 homini
1101 1909 1362 1969 tanquam
1397 1899 1491 1952 uni
1521 1900 1794 1969 justorum
1816 1901 2122 1960 inhabitare

544 1991 714 2045 Deum
750 1991 1008 2056 Verbum,
1055 1998 1112 2046 et
1150 2005 1264 2044 non
1311 1990 1387 2044 ita
1421 1991 1753 2045 conﬁteatur
1797 2000 2121 2048 naturarum

541 2080 840 2136 secundum
872 2081 1283 2137 subsistentiam
1314 2082 1602 2147 unitatem,
1626 2091 1687 2136 ut
1711 2083 1856 2138 Deus
1879 2085 2121 2140 Verbum

539 2188 664 2226 cum
693 2183 971 2243 assumpta
1013 2189 1200 2237 carne,
1228 2189 1333 2226 una
1369 2175 1755 2242 permanserit,
1778 2184 2124 2245 permaneat-

539 2279 646 2334 que
672 2265 1027 2320 subsistentia
1055 2266 1170 2320 sive
1197 2281 1456 2335 persona,
1493 2266 1789 2321 anathema
1821 2267 1912 2322 sit.
1954 2287 1974 2319 ›

610 2355 664 2407 5.
713 2373 731 2405 ι
773 2353 830 2408 Si
863 2353 988 2422 quis
1033 2369 1195 2408 voces
1248 2355 1593 2424 evangelicas
1616 2363 1673 2409 et
1694 2356 2028 2424 apostolicas
2061 2356 2118 2411 in

543 2460 653 2498 uno
677 2443 897 2499 Christo
920 2445 993 2499 ita
1026 2445 1246 2509 dividit,
1271 2454 1330 2500 ut
1363 2447 1528 2500 etiam
1552 2455 1874 2502 naturarum
1907 2447 1964 2501 in
2000 2448 2120 2518 ipso

543 2537 824 2591 unitarum
849 2535 1172 2591 divisionem
1211 2537 1546 2601 introducat,
1573 2537 1863 2591 anathema
1897 2538 1988 2592 sit.
2027 2557 2044 2590 ›

611 2629 666 2682 4.
703 2647 720 2678 ε
759 2625 815 2680 Si
849 2626 975 2696 quis
995 2643 1163 2681 unum
1201 2627 1387 2681 Jesum
1420 2625 1734 2690 Christum,
1773 2642 1965 2681 verum
1998 2628 2116 2694 Dei,

538 2729 596 2774 et
626 2718 882 2774 eumdem
909 2719 1088 2788 ipsum
1119 2734 1310 2773 verum
1353 2718 1596 2772 hominis
1643 2718 1866 2784 Filium,
1898 2720 2119 2776 futuro-

540 2827 661 2866 rum
693 2811 1059 2881 ignorantiam
1084 2851 1099 2877 ,
1154 2819 1250 2864 aut
1275 2809 1383 2864 diei
1419 2809 1599 2865 ultimi
1628 2809 1825 2880 judicii
1859 2811 2119 2868 habuisse

537 2903 694 2968 dicit,
736 2913 793 2958 et
833 2913 980 2958 tanta
1027 2903 1171 2958 scire
1217 2902 1462 2972 potuisse
1489 2943 1504 2966 ,
1537 2912 1743 2972 quanta
1797 2903 1848 2958 ei
1902 2903 2114 2968 dcitas,

537 2995 692 3065 quasi
710 2995 868 3050 alteri
885 2994 1103 3050 cuidam
1129 2994 1468 3059 inhabitans,
1500 2995 1801 3061 revelabat,
1828 2996 2118 3052 anathema

545 3084 636 3139 sit.
665 3103 683 3136 ι

606 3174 660 3228 5;
702 3192 720 3224 ι
741 3171 796 3228 Si
821 3173 946 3242 quis
973 3170 1108 3226 illud
1136 3171 1407 3241 Apostoli,
1429 3172 1575 3243 quod
1605 3181 1689 3228 est
1712 3173 1766 3228 in
1785 3173 2026 3244 Epistola
2043 3172 2111 3229 ad

535 3263 814 3328 Hebraeos,
863 3263 1092 3328 dictum,
1141 3263 1281 3333 quod
1331 3265 1689 3334 experimento
1726 3267 1962 3335 cognovit
1997 3264 2115 3318 obe-

533 3353 810 3417 dientiam,
837 3360 886 3406 et
904 3369 1021 3406 cum
1044 3351 1277 3406 clamore
1297 3352 1420 3422 forti
1450 3360 1498 3406 et
1525 3353 1770 3424 lacrymis
1789 3369 1964 3425 preces
1990 3371 2116 3425 sup-

534 3440 944 3514 plicationesque
977 3440 1165 3495 obtulit
1201 3442 1270 3494 ad
1323 3441 1495 3496 Deum
1519 3481 1537 3508 ,
1577 3444 1667 3512 qui
1717 3442 1925 3497 salvum
1960 3443 2114 3498 illum

535 3541 705 3604 posset
758 3531 930 3602 facere
974 3549 1007 3586 a
1057 3541 1223 3586 morte
1269 3541 1298 3580 Υ
1323 3573 1337 3598 ,
1393 3541 1650 3602 tanquam
1714 3532 1864 3588 nudo
1909 3535 2113 3591 deitate

534 3623 755 3679 Christo
800 3623 1094 3693 deputans,
1127 3624 1221 3694 qui
1261 3624 1544 3678 laboribus
1577 3624 1800 3680 virtutis
1839 3626 2115 3696 perfectus

532 3712 627 3777 sit,
673 3722 734 3768 ut
763 3728 832 3768 ex
859 3713 963 3767 hoc
987 3712 1126 3767 duos
1155 3713 1510 3768 introducere
1542 3713 1812 3779 Christos,
1855 3717 1939 3771 vel
1975 3718 2115 3773 duos

534 3801 684 3857 ﬁlios
733 3803 1006 3868 videatur,
1050 3813 1107 3858 et
1151 3819 1264 3858 non
1313 3821 1482 3859 unum
1523 3806 1886 3878 eumdemque
1939 3809 2117 3865 credit

541 3892 826 3948 Christum
861 3894 959 3949 Dei
988 3901 1046 3950 et
1093 3895 1334 3951 hominis
1375 3897 1594 3964 Filium,
1624 3913 1691 3953 ex
1716 3898 1930 3956 duabus
1957 3911 2015 3956 et
2056 3901 2114 3955 in

549 3986 766 4042 duabus
791 3987 1004 4042 naturis
1029 3987 1495 4058 inseparabilibus
1530 3991 1891 4063 indivisisque
1938 3993 2114 4049 conﬁ-

537 4076 761 4132 tendum
785 4084 948 4148 atque
967 4079 1328 4147 adorandum,
1351 4083 1639 4139 anathema
1662 4085 1785 4140 sit.»

608 4169 769 4244 245
801 4171 1102 4228 Collatione
1130 4185 1406 4244 postrema
1426 4177 1634 4241 Patres,
1670 4186 1794 4248 post
1814 4178 2114 4248 expositam

540 4271 818 4332 gestorum
884 4265 1108 4331 seriem,
1169 4278 1468 4323 sanxerunt
1513 4285 1756 4324 canones
1810 4270 2113 4336 tredecim,

539 4367 775 4422 quorum
803 4354 1052 4411 decimus
1091 4358 1287 4414 tertius
1312 4361 1576 4416 adversus
1603 4362 2012 4418 Theodoretum
2040 4364 2116 4419 ita

2234 547 2398 602 Verbi
2423 548 2490 602 ad
2511 563 2733 604 carnem
2772 547 3129 614 conﬁtentur,
3154 557 3213 603 et
3236 563 3350 604 non
3378 549 3842 606 anathematizat

2230 658 2295 698 ea
2328 653 2384 698 et
2423 659 2538 708 eos,
2580 643 2674 714 qui
2723 643 2925 698 similia
2952 643 3041 697 his
3081 652 3386 712 sapuerunt
3413 645 3503 699 vel
3541 644 3791 714 sapiunt
3823 661 3838 698 :

2231 732 2456 800 insuper
2481 740 2664 788 autem
2685 741 2740 788 et
2765 748 2977 797 omnes,
3005 732 3100 802 qui
3126 732 3468 802 scripserunt
3505 744 3714 788 contra
3740 749 3843 789 re-

2229 831 2372 877 ctam
2397 822 2558 879 ﬁdem
2591 832 2647 878 et
2679 831 2928 879 sanctum
2949 823 3235 894 Cyrillum,
3264 833 3320 877 et
3364 821 3672 878 duodecim
3708 825 3845 894 ejus

2228 915 2490 984 capitula,
2519 925 2576 971 et
2598 932 2772 986 usque
2797 916 2865 970 ad
2888 925 3120 970 mortem
3161 915 3217 968 in
3242 914 3334 969 tali
3371 914 3668 986 impietate
3696 929 3844 985 per-

2228 1015 2570 1071 manserunt,
2601 1009 2724 1063 talis
2744 1008 3032 1062 anathema
3059 1008 3148 1063 sit.
3175 1026 3192 1060 ι

2297 1098 2436 1154 XIV.
2464 1098 2642 1169 Opera
2673 1099 2783 1155 duo
2821 1107 3022 1169 praeter
3044 1099 3306 1168 epistolas
3335 1107 3394 1154 et
3442 1098 3844 1154 allocutiones

2228 1199 2545 1262 tanguntur,
2580 1191 2948 1259 πενταλόγιον,
2977 1199 3032 1246 et
3084 1190 3683 1246 anathematismorum
3727 1191 3846 1263 Cy-

2227 1281 2336 1335 rilli
2389 1281 2767 1352 reprehensio.
2803 1281 2864 1337 In
2917 1283 3010 1336 illo
3042 1292 3234 1337 contra
3287 1291 3494 1338 rectam
3544 1283 3734 1339 ﬁdem
3781 1295 3844 1340 et

2225 1373 2557 1443 Ephesinam
2612 1374 2883 1445 synodum
2931 1373 3263 1429 Theodorus
3302 1381 3360 1429 et
3406 1376 3698 1430 Diodorus
3730 1376 3842 1431 de-

2225 1465 2546 1520 fenduntur.
2576 1465 2636 1520 In
2669 1467 2772 1521 bac
2805 1467 3161 1537 impugnatur
3180 1467 3440 1539 Cyrillus.
3480 1468 3538 1522 In
3578 1478 3841 1538 utroque

2222 1555 2463 1611 Nestorii
2502 1566 2688 1626 partes
2731 1557 3018 1628 juvantur;
3049 1567 3348 1629 utrumque
3383 1575 3511 1614 cum
3557 1561 3842 1629 epistolis

2223 1653 2281 1701 et
2304 1647 2732 1703 allocutionibus
2766 1649 3115 1704 anathemate
3162 1649 3394 1716 feritur;
3444 1650 3541 1704 sed
3570 1666 3840 1720 persona

2225 1738 2554 1794 Theodoreti
2575 1731 2806 1805 intacta,
2840 1742 3042 1811 quippe
3061 1758 3225 1812 quem
3249 1758 3280 1796 a
3299 1741 3592 1797 latrocinio
3620 1743 3837 1812 Ephe-

2224 1827 2345 1882 sino
2371 1828 2704 1898 depositum,
2733 1845 2764 1884 a
2787 1828 2969 1885 Leone
3000 1831 3192 1901 Magno
3227 1831 3570 1896 restitutum,
3599 1848 3631 1886 a
3651 1832 3840 1888 Chal-

2221 1918 2520 1974 cedonensi
2543 1920 2779 1976 concilio
2813 1929 3116 1991 receptum.
3154 1921 3223 1976 ab
3245 1921 3492 1978 Ecclesia
3530 1923 3837 1980 orthodo-

2221 2024 2352 2062 xum
2390 2011 2744 2080 appellatum,
2771 2012 2919 2066 sedis
2957 2011 3270 2082 apostolicae
3308 2013 3638 2078 auctoritas,
3683 2031 3836 2070 san-

2232 2102 2396 2158 ctitas
2435 2104 2684 2158 maxima:
2721 2103 2950 2175 synodi,
2988 2114 3153 2159 rectae
3191 2103 3318 2160 ﬁdei
3357 2106 3637 2161 confessio
3660 2148 3680 2169 ,
3720 2108 3838 2163 Ne-

2221 2193 2378 2248 storii
2413 2193 2713 2259 damnatio,
2743 2193 2964 2264 vitaque
2995 2202 3184 2250 sancto
3214 2195 3321 2250 ﬁne
3359 2196 3577 2263 clausa,
3609 2199 3837 2253 tueba-

2221 2293 2333 2339 tur.

2815 2397 3042 2454 CAPUT
3073 2398 3190 2453 XX.

2220 2490 2261 2545 I.
2297 2489 2447 2562 Quis
2470 2498 2585 2562 post
2624 2489 2867 2562 quintam
2899 2491 3158 2562 synodum
3188 2491 3439 2545 Ecclesia:
3487 2508 3710 2546 sensus.
3763 2494 3836 2552 IL

2287 2562 2372 2615 An
2406 2560 2852 2632 Virgilius'scripto
2873 2560 3128 2632 synodum
3153 2562 3467 2632 probaverit.
3503 2562 3594 2616 111.
3634 2563 3754 2618 Ubi
3783 2573 3839 2618 et

2290 2631 2501 2706 quando
2532 2631 2804 2701 defunctus
2835 2631 2925 2706 sit.
2963 2631 3322 2706 lV._Pe£agius
3348 2631 3379 2686 Ι
3405 2633 3637 2687 schisma
3671 2633 3840 2706 Illy-

2291 2702 2521 2754 ricorum
2556 2700 2780 2755 conatur
2811 2700 3014 2754 tollere.
3055 2701 3113 2756 V.
3137 2700 3414 2756 Conantur
3449 2710 3498 2754 et
3537 2710 3646 2756 tres
3688 2700 3840 2758 con-

2280 2778 2552 2844 sequentes
2580 2769 2871 2844 pontiﬁces.
2901 2771 2986 2825 Vl.
3021 2771 3152 2844 lien:
3184 2788 3379 2844 inagna
3406 2787 3470 2824 ea:
3499 2782 3659 2844 parte
3697 2792 3840 2844 per-

2287 2839 2715 2912 egitiGregOrius
2759 2839 3004 2912 Magnus.
3051 2840 3160 2897 Vll.
3197 2839 3453 2911 Epilogus
3499 2839 3708 2897 totius'
3745 2848 3842 2899 lii-

2288 2911 2492 2964 storiae.

2290 3000 2334 3056 1.
2362 3001 2443 3056 Ita
2487 3017 2545 3056 se
2583 2964 2778 3056 habuit
2813 3001 3148 3057 Theodoreti
3191 3016 3356 3058 causa
3398 3004 3455 3059 in
3487 3004 3700 3074 quinta
3740 3024 3841 3079 sy-

2144 3129 2188 3191 ς
2223 3093 2395 3159 nodo,
2424 3094 2514 3149 cui
2542 3110 2670 3148 mox
2699 3093 2899 3149 Oriens
2939 3110 3191 3166 magnam
3239 3104 3452 3166 partem
3493 3100 3836 3163 consensit,

2221 3186 2482 3241 dissensit
2506 3185 2796 3252 Occidens,
2824 3186 3002 3241 donec
3031 3187 3178 3242 sedis
3202 3188 3516 3258 apostolica:
3526 3186 3839 3259 judicium

2215 3276 2474 3332 innotuit.

2283 3369 2350 3424 ll.
2393 3369 2533 3425 Sunt
2563 3369 2658 3439 qui
2687 3366 2948 3440 Vigilium
2978 3378 3300 3425 constanter
3313 3371 3585 3426 restitisse
3607 3374 3837 3442 velint,

2216 3459 2450 3530 ideoque
2483 3461 2721 3530 ejectum
2765 3462 2822 3516 in
2855 3462 3132 3528 exsilium,
3167 3463 3312 3520 unde
3338 3464 3592 3521 Narsetis
3628 3470 3843 3536 preci-

2214 3551 2318 3607 bus
2350 3562 2639 3607 revoeatus
2673 3553 2778 3618 sit,
2842 3554 3182 3625 Romamque
3236 3555 3418 3610 redire
3473 3559 3838 3629 permissus,

2214 3642 2347 3698 dum
2393 3643 2620 3709 rediret,
2663 3645 2718 3698 in
2750 3645 2938 3700 Sicilia
2978 3645 3092 3701 fato
3130 3647 3490 3702 concesserit.
3519 3647 3677 3705 Sunt
3725 3655 3838 3724 qui

2214 3743 2463 3789 asserant
2516 3734 2751 3791 fractum
2795 3736 2988 3802 malis,
3041 3735 3440 3807 turbarumque
3497 3747 3840 3808 pertaesum

2215 3834 2370 3882 sexto
2396 3835 2520 3895 post
2556 3827 2823 3897 synodum
2849 3842 3056 3892 mense,
3091 3825 3446 3882 Constitutum
3483 3843 3836 3898 revocasse,

2215 3923 2274 3970 et
2315 3914 2510 3986 synodi
2549 3913 2927 3971 deﬁnitionem
2961 3916 3245 3986 probasse.
3271 3917 3353 3972 Illi
3384 3925 3622 3973 utuntur
3663 3921 3841 3978 Ana-

2215 4008 2368 4063 stasii
2415 4007 2853 4074 Bibliothecarii,
2882 4008 3231 4080 Victorisque
3261 4011 3614 4068 Tunonensis
3645 4018 3838 4073 testi-

2216 4099 2435 4165 monio;
2461 4099 2550 4154 isti
2590 4100 2878 4169 proferunt
2912 4101 3200 4169 epistolam
3234 4101 3249 4131 ⁸
3278 4117 3454 4171 nuper
3490 4113 3798 4172 repertam
3819 4153 3836 4175 ,

2216 4206 2337 4261 quae
2364 4207 2393 4246 a
2427 4191 2622 4262 Vigilio
2661 4192 2787 4247 data
2819 4192 3023 4262 legitur
3059 4192 3128 4247 ad
3158 4193 3492 4264 Eutychium
3522 4196 3698 4253 urbis
3735 4217 3840 4255 re-

2216 4282 2317 4353 gia:
2368 4283 2709 4353 episcopum.
2763 4283 2928 4355 246
2964 4283 3134 4338 Aiunt
3175 4285 3254 4339 illi
3308 4286 3522 4340 nullum
3577 4300 3837 4348 exstare

2219 4380 2522 4428 retractata:
2553 4390 2586 4429 a
2607 4375 2806 4445 Vigilio
2835 4375 3123 4431 sententiae
3148 4377 3463 4447 vestigium,
3505 4379 3722 4436 saltem
3774 4386 3841 4443 in

540 4443 889 4515 conscriptus
929 4455 1034 4512 est,
1076 4457 1136 4503 ut
1182 4464 1402 4506 omnem
1443 4453 1618 4522 ipsius
1673 4469 1894 4510 causam
1934 4457 2115 4514 conti-
2144 4467 2193 4525 ι)
2220 4467 2592 4521 monumentis
2646 4443 2928 4524 veteribus
2973 4469 3335 4537 indubitatis;
3379 4472 3506 4536 isti,
3557 4474 3836 4544 epistola

538 4543 687 4590 neat.

615 4644 634 4677 ‹
680 4625 737 4681 Si
783 4627 927 4696 quis,
961 4629 1249 4700 inquiunt,
1279 4633 1530 4690 defendit
1578 4635 1748 4706 impia
1775 4638 2110 4695 Theodoreti

537 4717 865 4786 conscripta,
903 4735 1022 4789 qua:
1050 4733 1240 4779 contra
1268 4735 1470 4781 rectam
1495 4727 1678 4792 ﬁdem,
1696 4739 1751 4784 et
1779 4739 1973 4786 contra
2000 4733 2113 4802 pri-

539 4820 685 4860 mam
719 4807 1048 4881 Ephesinam
1072 4821 1316 4869 sanctam
1346 4817 1636 4887 synodum,
1657 4829 1711 4874 et
1743 4831 1991 4878 sanctum
2010 4823 2112 4896 Cy-

541 4897 726 4952 rillum
751 4908 807 4954 et
833 4901 1122 4961 duodecim
1159 4908 1279 4977 ejus
1305 4908 1564 4978 capitula,
1599 4915 1872 4982 exposuit,
1908 4897 1964 4971 et
1995 4934 2108 4972 om-

540 4988 652 5053 nia,
674 5006 793 5060 quaa
813 4996 1140 5066 conscripsit
1165 5013 1266 5066 pro
1298 4997 1588 5056 Theodoro
1617 5011 1674 5056 et
1720 5005 1970 5062 Nestorio
2005 5009 2112 5063 im-

540 5077 666 5147 piis,
691 5087 747 5133 et
772 5097 873 5150 pro
893 5084 1035 5149 aliis,
1075 5085 1169 5155 qui
1211 5087 1401 5142 eadem
1429 5092 1706 5160 praedictis
1737 5094 2028 5154 Theodoro
2055 5109 2111 5155 et

537 5168 791 5226 Nestorio
809 5185 1136 5244 sapueruut,
1161 5177 1462 5236 defendens
1494 5199 1590 5239 eos
1618 5193 1676 5239 et
1701 5201 1893 5243 eorum
1917 5190 2111 5261 impie-

541 5269 729 5329 tatem,
760 5273 817 5320 et
847 5275 1074 5336 propter
1108 5268 1214 5326 hoc
1258 5271 1456 5342 impios
1482 5291 1684 5332 vocans
1713 5277 1968 5337 doctores
2000 5283 2108 5338 Ec-

614 5433 644 5474 !
675 5423 841 5480 Hebr.
873 5442 927 5488 v,
961 5428 1012 5481 7.

2217 4570 2340 4625 quae
2369 4555 2514 4611 dicta
2540 4566 2625 4612 est
2653 4557 2802 4624 freti,
2831 4559 3100 4615 alﬁrmant
3119 4561 3317 4617 fecisse
3345 4563 3628 4634 Vigilium,
3656 4572 3840 4638 quod

2220 4646 2510 4715 prudentia
2542 4649 2797 4719 juberet;
2834 4649 3006 4706 aﬁ‘usa
3054 4651 3317 4707 nimirum
3375 4655 3608 4710 salutari
3645 4657 3838 4728 luce,

2217 4750 2342 4790 cum
2374 4737 2588 4794 videret
2621 4738 2904 4795 Orientem
2937 4741 2990 4794 in
3023 4742 3215 4812 synodi
3245 4742 3628 4798 deﬁnitionem
3679 4763 3841 4806 con-

2217 4828 2445 4893 sentire,
2484 4829 2835 4900 futuramque
2882 4833 3226 4900 scissionem,
3255 4835 3301 4890 si
3336 4834 3609 4893 Occidens
3666 4845 3840 4898 resi-

2218 4926 2411 4985 steret,
2442 4922 2700 4978 maluisse
2737 4923 2816 4977 uti
2861 4925 3115 4995 prudenti
3149 4926 3597 4998 dispensatione.
3651 4933 3837 5006 rigo-

2217 5027 2443 5082 remque
2470 5029 2741 5069 canonum
2756 5015 3057 5082 inﬂectere,
3070 5034 3233 5088 quam
3251 5018 3511 5074 Ecclesia:
3531 5021 3840 5083 unitatem

2217 5101 2488 5159 scindere.

2288 5193 2346 5248 ln
2377 5194 2481 5250 hac
2506 5197 2830 5268 Opinionum
2850 5200 2919 5255 de
2945 5201 3143 5273 Vigilio
3166 5219 3347 5274 pugna
3373 5219 3485 5258 non
3509 5203 3680 5261 facile
3709 5221 3838 5270 est.

2219 5293 2280 5338 ut
2321 5286 2542 5354 quidem
2569 5290 2733 5360 vulgo
2762 5290 3000 5357 videtur,
3040 5293 3158 5350 veri
3201 5305 3418 5367 partem
3459 5305 3620 5352 certo
3648 5313 3836 5358 asse-

1903 5571 2218 5630 SCllULle
2256 5575 2486 5635 ΝΟΤίΕ.

609 5675 2046 5788 ﬁliiﬁlii
2082 5695 2222 5766 apud
2265 5696 2455 5766 Hard.,
2493 5708 2534 5753 t.
2562 5699 2650 5766 lli,
2680 5715 2732 5770 p.
2762 5699 2867 5755 215
2895 5717 3069 5771 seqq.,
3099 5713 3153 5759 et
3176 5704 3322 5759 Petr.
3345 5703 3414 5761 de
3444 5706 3652 5776 Marce,
3703 5721 3740 5774 re,
3762 5736 3827 5788 ρ-

540 5744 709 5815 pend.
738 5746 802 5801 ad
839 5748 998 5806 Cone.
1049 5755 1256 5810 sacerd.
1295 5769 1348 5813 et
1386 5744 2030 5836 ἶιιψρῑῖἰςρξἒέἧνὲὲῆξ.
