3926 6216
186 343 277 411 197
1337 333 1434 394 DE
1473 331 1732 393 LIBRIS
1770 329 2280 391 THEUDORETI.

3335 325 3432 391 198

188 455 312 523 qui:
343 463 466 503 nam
515 457 574 502 et
624 445 778 517 quod
830 443 1034 500 dicitur
1090 441 1346 499 exsilium
1409 438 1708 495 decennale
1737 479 1752 500 ,
1787 445 1830 500 Α
1858 447 2032 499 motu,
2074 437 2168 507 qui
2213 436 2279 490 ad
2320 436 2454 490 alias
2495 438 2722 506 Europae
2775 435 3089 506 provincias
3132 436 3224 490 vix
3268 438 3447 505 perti-

183 543 401 601 omnino
441 539 889 594 commentitium
930 544 1054 601 cst,
1107 543 1164 590 et
1194 533 1426 604 epistola
1481 530 1546 586 ad
1591 531 1760 600 Euty-

183 635 359 690 chium
387 630 792 701 suppositionis
823 633 842 651 θ
872 627 1184 698 suspicione
1209 641 1317 679 non
1339 631 1510 678 caret.
1538 621 1761 676 Utrum-

183 742 286 797 que
322 723 810 780 observationibus
830 721 898 776 ad
929 738 961 774 v
992 718 1262 791 synodum
1280 713 1522 770 Liberali
1547 712 1763 767 brevia-

184 817 264 871 rio
290 814 602 884 subjunctis
617 813 1057 867 demonstratum
1079 815 1163 862 est
1183 809 1226 858 '.

248 907 335 962 III.
372 907 430 961 Id
468 915 654 960 tamen
695 903 970 958 afﬁrmare
1007 899 1386 954 indubitanter
1420 895 1573 960 licet,
1608 893 1758 963 Vigi-

186 998 332 1063 Iium,
372 1015 501 1052 cum
539 998 772 1052 Romam
801 993 1041 1056 rediret,
1070 990 1265 1046 calculi
1299 987 1611 1049 confectum
1659 985 1760 1039 do-

188 1090 392 1146 loribus
428 1090 486 1146 in
514 1088 705 1144 Sicilia
763 1085 970 1140 obiisse
1006 1097 1151 1136 anno
1171 1081 1294 1144 555,
1337 1092 1545 1146 suaque
1585 1083 1762 1129 morte

191 1183 363 1237 sedem
399 1180 762 1250 apostolicam
783 1175 1021 1246 Pelagio,
1047 1188 1168 1236 suo,
1209 1171 1338 1226 dum
1381 1170 1610 1233 viveret,
1643 1167 1763 1220 dia-

194 1289 339 1336 cono,
367 1272 682 1341 reliquisse.

257 1364 337 1418 ιγ.
373 1361 632 1431 Pelagius
649 1373 782 1413 vero
818 1356 1043 1412 scissam
1075 1353 1130 1408 in
1153 1361 1358 1424 partes,
1393 1359 1620 1420 propter
1659 1345 1762 1400 tria

197 1454 450 1524 capitula,
512 1450 832 1506 Occidentis
879 1447 1179 1502 Ecclesiam
1230 1457 1492 1496 revocare
1532 1450 1765 1494 conatus

201 1545 257 1619 ad
276 1543 649 1606 concordiam,
690 1555 885 1610 parum
917 1536 1210 1592 admodum
1245 1532 1496 1603 profecit.
1524 1531 1640 1584 Imo
1665 1544 1764 1582 nec

203 1642 585 1704 consequentes
641 1631 738 1684 alii
804 1629 912 1683 duo
981 1625 1270 1696 pontiﬁces
1325 1621 1657 1675 Benedictus
1709 1625 1766 1670 et

203 1727 433 1790 Joannes,
465 1726 647 1779 donec
677 1717 1216 1791 Pelagiussecundus
1249 1722 1457 1769 tantum
1480 1710 1760 1781 negotium

1863 538 2060 581 nuerat
2079 546 2089 579 :
2106 526 2403 597 Gregorius
2421 527 2484 580 ad
2503 526 2748 597 Illyricos
2769 526 3064 594 Iberosque
3085 524 3325 593 scripsit,
3347 529 3442 578 St‘tl

1863 618 1929 672 ad
1964 618 2208 689 Illyricos
2226 618 2404 672 adhuc
2421 618 2689 672 diaconus
2709 627 2764 670 ct
2797 616 3000 686 Pelagii
3032 615 3080 670 II
3101 615 3345 678 nomine,
3373 613 3443 668 ad

1865 707 2314 778 Iberospontil‘ex
2349 707 2564 772 factus;
2612 705 2852 775 scripsit,
2893 705 3142 774 inquam,
3182 700 3446 772 epistolas

1862 800 2129 853 librorum
2162 798 2353 860 instar,
2371 797 2573 867 quibus
2597 806 2652 850 et
2674 796 2942 866 synodum
2974 795 3220 864 quintam
3247 791 3442 846 defen-

1862 887 1964 951 dit,
2001 895 2057 941 et
2090 887 2195 940 tria
2240 885 2440 954 capita,
2470 885 2635 939 salvis
2661 883 2992 938 Theodoreti
3037 890 3092 936 et
3123 882 3228 936 lbae
3255 893 3448 950 perso-

1862 978 1970 1034 nis.
2012 974 2313 1040 damnavit,
2349 984 2407 1029 et
2434 974 2586 1044 pacis
2635 973 2888 1029 ineundae
2923 972 3149 1026 modum
3193 968 3448 1040 przescri-n

1864 1067 1991 1138 psit.

1935 1159 2022 1212 Vl.
2053 1157 2215 1212 Iuvat
2249 1172 2316 1212 ex
2339 1155 2571 1226 epistola
2598 1154 2785 1224 priore
2815 1153 2923 1208 huc
2951 1152 3269 1216 transferre,
3294 1150 3442 1221 quod

1865 1250 2032 1304 habet
2060 1249 2127 1303 de
2152 1247 2504 1302 Theodoreto
2532 1264 2544 1298 :
2573 1254 2945 1315 opportunum
2983 1245 3129 1296 enim
3171 1251 3258 1296 est
3297 1243 3448 1308 loco,

1867 1342 1922 1394 in
1948 1355 2058 1408 quo
2076 1353 2289 1403 sumus,
2319 1352 2422 1391 nec
2449 1335 2670 1391 aliunde
2717 1335 2916 1389 melius
2951 1333 3094 1387 [iniri
3138 1341 3320 1403 potest
3355 1332 3445 1386 hi-

1866 1433 2055 1496 storia,
2081 1447 2244 1502 quam
2266 1430 2607 1499 scripsimus.
2635 1448 2652 1479 ‹
2681 1427 2816 1494 Quis
2838 1442 2945 1480 non
2970 1467 2985 1488 ,
3020 1425 3233 1495 inquit,
3262 1424 3450 1479 videat

1866 1533 2070 1594 quanta
2115 1520 2425 1576 temeritate
2466 1518 2688 1588 plenum
2734 1517 2824 1583 sit,
2862 1515 3197 1570 Theodoreti
3245 1513 3450 1583 scripta

1867 1611 2236 1682 superbiendo
2252 1608 2568 1672 defendere,
2589 1623 2710 1677 quae
2734 1607 2986 1661 eumdem
3005 1606 3185 1674 ipsum
3207 1611 3450 1669 constat,

1867 1715 2013 1760 recta
2048 1711 2172 1774 post
2198 1699 2530 1773 proﬁtendo,
2573 1699 2894 1753 damnasse?
2927 1698 3064 1751 Dum
3087 1711 3218 1750 vero
3246 1695 3365 1764 ejus
3394 1703 3451 1748 et

205 1815 408 1870 feliciter
445 1812 721 1882 suscepit,
769 1787 914 1879 quod
973 1820 1263 1862 successor
1301 1800 1600 1871 Gregorius
1645 1798 1760 1853 Ma-
1797 1794 1838 1847 Β
1867 1811 2156 1868 personam
2192 1793 2514 1863 recipimus,
2535 1801 2591 1846 et
2624 1807 2708 1854 ea,
2747 1806 2870 1859 quae
2899 1787 3108 1843 dudum
3148 1787 3447 1847 latuerant,

204 1923 318 1978 gnus
342 1907 490 1961 omni
527 1905 650 1960 fere
670 1919 740 1958 ex
760 1909 911 1972 parte
934 1898 1191 1954 absolvit.

259 2000 312 2053 γ.
347 1999 480 2053 Nam
523 2012 657 2052 cum
696 1995 799 2049 soli
837 1993 1009 2048 ferme
1055 1987 1254 2059 Illyrici
1283 1984 1619 2055 Hispanique
1642 1995 1769 2050 per-

201 2092 419 2147 tinaciter
495 2090 616 2143 huc
686 2100 864 2156 usque
920 2081 1280 2140 restitissent,
1326 2077 1441 2132 Afri
1492 2073 1766 2144 siquidem

193 2184 320 2239 facile
346 2188 760 2239 concesserant
789 2178 844 2231 in
876 2185 1057 2246 partes
1086 2171 1301 2244 synodi,
1335 2169 1554 2222 vivente
1588 2164 1770 2219 adhuc

190 2274 373 2346 Vigilio,
447 2281 512 2329 et
563 2269 757 2326 Gallia
801 2283 910 2322 non
951 2266 1187 2320 multum
1256 2273 1521 2316 concussa
1590 2255 1773 2310 fuerat

174 2455 1542 2490 ______________.____._____—

1865 1903 2033 1958 prava
2068 1885 2270 1955 scripta
2305 1884 2687 1952 reprobamus,
2730 1879 2787 1933 in
2819 1878 2972 1932 nullo
3013 1893 3044 1930 a
3081 1883 3284 1930 sanctae
3319 1889 3451 1944 syn-

1868 1978 1960 2033 odi
1991 1976 2204 2031 actione
2228 1975 2513 2029 deviamus
2539 1990 2550 2026 :
2584 1971 2711 2042 quia
2738 1971 2850 2025 sola
2881 1970 3000 2039 ejus
3020 1966 3278 2022 haeretica
3309 1964 3450 2018 scri-

1869 2075 1963 2138 pta
2005 2071 2354 2135 respuentes,
2382 2071 2437 2116 et
2492 2077 2618 2116 cum
2649 2059 2861 2131 synodo
2909 2057 3091 2111 adhuc
3132 2054 3445 2109 Nestorium

1869 2157 2237 2227 insequimur,
2267 2162 2470 2209 etcum
2504 2150 2711 2225 synodo
2744 2147 3155 2204 Theodoretum
3183 2143 3446 2214 proﬁten-

1876 2259 1983 2306 tem
2021 2259 2171 2302 recta
2199 2259 2554 2300 veneramur.
2593 2262 2610 2293 ι

1547 2429 3427 2465 _____________.____...______——————-—

1224 2612 2184 2736 DlSSERTATIO
2279 2609 2372 2723 ll
2397 2689 2427 2721 .

975 2853 1075 2915 DE
1113 2848 1372 2912 LIBRIS
1404 2839 1894 2906 THEODORETI
1933 2833 2300 2898 CYRENSIS
2332 2831 2690 2892 EPISCOPI.

687 3138 853 3211 257
889 3133 1273 3192 PREFATIO.

249 3283 289 3338 I.
317 3281 495 3337 Nemo
548 3278 707 3333 inter
758 3273 997 3335 Graecos,
1041 3267 1430 3340 Chrysostomo
1469 3271 1523 3318 et
1574 3260 1775 3332 Cyrillo

202 3373 456 3445 exceptis,
513 3371 686 3442 plura
745 3365 1033 3436 scripsisse
1079 3359 1390 3418 censendus
1459 3363 1543 3411 est
1612 3368 1776 3424 quam

209 3466 602 3528 Theodoretus,
672 3460 720 3515 si
754 3458 1022 3530 judicium
1052 3456 1258 3510 feratur
1283 3467 1349 3506 ex
1384 3447 1644 3519 operibus
1681 3458 1779 3498 ve-

211 3566 394 3620 terum,
427 3570 556 3626 qua:
592 3553 660 3608 ad
687 3567 790 3606 nos
826 3556 1215 3620 pervenerunt.
1245 3544 1519 3600 Feruntur
1557 3537 1779 3609 quidem

212 3647 445 3704 nonnulli
472 3646 640 3718 plura
671 3643 849 3697 tribus
894 3641 980 3694 bis
1022 3638 1281 3701 edidisse,
1331 3634 1426 3689 scd
1462 3639 1522 3687 ut
1547 3627 1780 3685 mendax

212 3739 338 3794 fama
382 3753 503 3793 non
559 3734 753 3798 fuerit,
794 3730 944 3802 quod
981 3739 1162 3785 tamen
1219 3723 1484 3796 suspicari
1538 3729 1642 3785 est,
1671 3729 1779 3774 tam

213 3830 532 3892 immensos,
586 3825 681 3896 qui
728 3825 1046 3896 jactantur,
1114 3817 1334 3873 codices
1378 3815 1516 3870 edax
1567 3822 1783 3882 tempus

213 3921 507 3992 absumpsit
539 3938 553 3972 :
590 3918 680 3971 vix
713 3915 862 3971 enim
897 3913 1194 3983 quidquam
1226 3907 1591 3978 πολυγράφων
1629 3905 1778 3976 ejus-

213 4013 346 4069 modi
375 4011 669 4066 hominum
700 4013 974 4076 superest,
1006 4009 1204 4073 praeter
1235 3999 1576 4055 memoriam.

274 4125 337 4180 II.
371 4120 711 4179 Theodoreti
751 4131 918 4188 opera
968 4118 1369 4169 recensuerunt
1404 4117 1623 4163 veteres
1649 4119 1784 4175 qua-

212 4226 350 4283 tuor,
394 4213 785 4269 Theodoretus
825 4210 981 4278 ipse,
1029 4204 1372 4268 Gennadius,
1432 4199 1682 4262 Photius,
1729 4204 1786 4251 ct

211 4307 550 4378 Nicephorus
604 4303 866 4359 Callistus
902 4319 916 4353 :
960 4303 1356 4354 recensucrunt
1394 4295 1557 4348 etiam
1589 4305 1784 4345 recen-

213 4402 373 4458 tiores
403 4398 602 4469 aliqui,
629 4393 1007 4460 ﬂebedxlesu,
1035 4389 1470 4449 Centuriatores,
1493 4381 1782 4445 Baronius,

1799 3127 1843 3187 (ζ
1876 3121 2094 3183 habeat,
2125 3119 2240 3176 sive
2261 3116 2440 3188 quoad
2463 3115 2681 3186 dogma,
2709 3114 2826 3169 sive
2857 3111 3037 3182 quoad
3073 3109 3233 3164 aliam
3260 3125 3456 3182 quam-

1877 3213 2016 3268 libet
2077 3211 2403 3267 doctrinam.
3253 3224 3260 3233 ·
3349 3251 3358 3260 .

1960 3303 2182 3369 V.Quaa
2228 3315 2395 3370 porro
2453 3306 2748 3354 censentur
2796 3310 2985 3366 opera,
3035 3301 3166 3350 sunt
3213 3293 3457 3362 quinque

1878 3393 2104 3448 omnino
2123 3405 2386 3460 generum
2419 3407 2431 3442 :
2461 3387 2681 3458 scripsit
2718 3386 2866 3442 enim
2903 3383 3284 3438 Theodoretus
3304 3397 3460 3436 com-

1878 3484 2179 3540 mentarios
2200 3483 2254 3536 in
2286 3481 2454 3536 Vetus
2471 3481 2902 3542 Testamentum,
2930 3485 2985 3532 et
3015 3477 3069 3530 in
3097 3489 3290 3530 omnes
3306 3476 3458 3542 Apo-

1888 3575 2013 3632 stoli
2043 3574 2342 3644 Epistolas,
2371 3572 2632 3626 historias
2652 3570 2807 3633 duas,
2839 3567 3268 3624 ecclesiasticam
3287 3573 3342 3621 et
3374 3579 3462 3618 re-

1879 3667 2128 3738 ligiosam
2139 3706 2152 3728 ,
2166 3665 2442 3728 homilias,
2456 3671 2721 3718 tractatus
2737 3661 3093 3732 dogmaticos,
3107 3667 3162 3713 et
3179 3657 3457 3728 epistolas.

1951 3759 2040 3814 VI.
2082 3757 2407 3826 Priusquam
2465 3754 2675 3824 singula
2724 3760 3146 3822 pertractentur,
3207 3747 3454 3819 praemit-

1882 3850 2050 3906 tenda
2092 3849 2350 3902 videntur
2393 3847 2503 3901 duo
2538 3864 2551 3899 ε
2612 3845 2846 3899 alterum
2887 3843 2956 3897 de
3005 3852 3288 3910 tempore,
3348 3855 3458 3908 quo

1885 3940 2265 3996 Theodoretus
2288 3938 2446 4004 vixit;
2477 3938 2710 3991 alterum
2739 3933 2869 4004 quid
2901 3933 2968 3987 de
2997 3932 3257 4003 operibus
3279 3931 3452 3985 Theo-

1885 4031 2064 4088 doreti
2112 4038 2329 4084 veteres
2379 4027 2644 4097 scriptum
2683 4024 3026 4093 reliquerint.
3061 4021 3273 4078 Valebit
3323 4018 3459 4073 illud

1886 4123 1953 4177 ad
1989 4121 2309 4176 statuendas
2344 4117 2584 4188 epochas
2629 4124 2959 4185 temporum,
2995 4111 3196 4182 quibus
3221 4111 3331 4163 vita
3371 4108 3459 4163 di—

1886 4215 2202 4285 stinguitur,
2244 4220 2304 4267 et
2343 4209 2719 4281 unusquisque
2766 4207 2908 4261 liber
2937 4205 3120 4259 editus
3153 4211 3238 4258 est
3273 4220 3285 4254 :
3315 4201 3460 4256 istud

1887 4307 1956 4362 ad
1995 4304 2302 4360 faciendam
2355 4302 2606 4358 dicendis
2654 4298 2852 4364 ﬁdem;
2901 4305 3198 4365 utrumque
3245 4294 3312 4349 ad
3339 4295 3461 4363 opi-

1888 4397 2084 4452 niones
2127 4395 2393 4466 quasdam
2445 4391 2748 4462 populares
2792 4386 3179 4445 convellendas
3217 4402 3232 4439 :
3283 4383 3462 4454 magni

214 4493 592 4555 Bellarminus,
626 4485 978 4550 Possevinus,
1013 4483 1201 4538 Sixtus
1236 4478 1516 4542 Senensis,
1551 4483 1607 4530 et
1651 4473 1774 4539 alii;

1889 4488 2038 4543 enim
2065 4485 2329 4541 momenti
2355 4491 2459 4548 est,
2487 4481 2658 4552 probe
2699 4480 2872 4544 scire,
2922 4477 3168 4548 quandiu
3209 4472 3465 4543 Cyrensis

209 4585 298 4640 sed
321 4585 409 4640 bis
425 4581 687 4638 omnibus
702 4577 906 4634 eminet
925 4575 1161 4630 Iacobus
1182 4569 1526 4634 Sirmondus,
1545 4567 1637 4637 qui
1661 4580 1782 4635 qua:

209 4674 389 4731 Graece
418 4674 652 4743 reperit,
677 4677 913 4740 quatuor
946 4666 1108 4721 tomis
1128 4662 1311 4717 omnia
1327 4661 1644 4729 complexus
1677 4664 1778 4711 est.

275 4785 366 4839 III.
394 4783 634 4850 Quintus
657 4793 804 4834 nunc
827 4787 1006 4832 tomus
1030 4773 1252 4828 additur
1276 4766 1779 4829 velutAuctarium,

213 4893 318 4946 quo
345 4875 706 4931 continentur
749 4870 906 4940 plura
961 4866 1046 4920 vel
1078 4863 1322 4918 nondum
1353 4860 1501 4916 edita
1522 4898 1536 4922 ,
1564 4857 1649 4911 vel
1683 4870 1783 4911 suo

218 4969 465 5025 restituta
499 4963 756 5021 auctori:
782 4961 1060 5016 adduntur
1089 4955 1254 5010 etiam
1290 4952 1358 5007 ad
1387 4949 1630 5021 singulos
1667 4947 1786 5003 Sir-

220 5061 396 5116 mondi
427 5067 606 5114 tomos
639 5064 696 5110 et
741 5053 808 5107 ad
857 5049 1176 5106 Auctarium
1232 5045 1411 5115 ipsum
1445 5038 1783 5096 observatio-

223 5167 334 5217 nes,
365 5166 488 5223 qua
525 5147 762 5204 materia
795 5143 925 5198 huic
948 5135 1321 5196 dissertationi
1345 5134 1611 5202 subjecta.

276 5258 361 5313 IV.
386 5260 448 5315 In
491 5252 978 5314 observationibus
1008 5246 1375 5319 respondetur
1403 5242 1472 5297 ad
1523 5241 1785 5312 quaestio-

228 5365 318 5407 nes
340 5362 572 5422 quatuor
617 5350 689 5405 de
735 5357 1070 5415 unoquoque
1112 5354 1327 5409 opere:
1381 5351 1451 5390 an
1492 5334 1563 5388 sit
1598 5332 1794 5404 genui-

233 5456 372 5508 num,
391 5444 608 5516 quando
633 5441 872 5500 editum,
900 5451 1006 5504 qua
1036 5434 1103 5487 de
1133 5445 1318 5492 causa,
1337 5426 1472 5497 quid
1490 5425 1793 5480 notandum

1891 4579 2086 4633 illusus
2115 4576 2284 4630 fuerit
2327 4575 2461 4630 falsa
2495 4572 2612 4628 veri
2656 4571 2861 4641 specie,
2915 4577 2972 4624 et
3010 4582 3132 4638 quae
3158 4604 3173 4630 ,
3215 4563 3462 4634 quandiu

1891 4668 2084 4722 illusus
2113 4674 2216 4732 est,
2241 4662 2628 4734 composuerit.

2295 4779 2460 4851 243
2495 4776 2722 4833 CAPUT
2763 4770 3049 4828 ramum.

1891 4872 2006 4938 Quo
2037 4888 2176 4925 anno
2230 4869 2576 4924 Theodoretus
2592 4867 2980 4989 depiscopatum
3018 4858 3218 4921 inierit,
3268 4866 3318 4909 et
3361 4871 3464 4927 quo

2529 4953 2589 4989 or
2629 4943 2830 4988 mante.

2529 4943 2830 4990 ordinante.

1958 5053 2107 5107 Inter
2133 5048 2483 5120 quaerendam
2524 5046 2814 5116 epocham,
2835 5057 2956 5113 qum
2979 5043 3159 5096 valeat
3185 5037 3252 5092 ad
3277 5051 3463 5105 qnam-

1888 5145 2026 5198 libet
2060 5141 2397 5196 Theodoreti
2433 5139 2559 5193 vitae
2594 5145 2800 5206 partem
2823 5149 2927 5189 suo
2955 5130 3188 5201 tempori
3237 5129 3461 5196 alligen-

1887 5235 2034 5298 dam,
2091 5233 2443 5303 episcopatus
2487 5227 2711 5281 memini
2762 5225 2983 5296 potius,
3023 5235 3185 5290 quam
3236 5217 3464 5272 alterius

1892 5330 2270 5400 cujuscunque
2295 5330 2440 5375 noue
2465 5337 2477 5372 :
2507 5318 2767 5389 quoniam
2818 5315 3002 5369 omnia
3047 5326 3167 5381 qua:
3198 5310 3467 5377 aliquate-

1892 5436 1999 5474 nus
2036 5417 2315 5488 pertinent
2338 5413 2404 5468 ad
2440 5421 2652 5480 tempus
2682 5424 2790 5477 quo
2832 5404 3213 5459 Theodoretus
3243 5399 3330 5454 vel
3367 5412 3464 5451 na-

1572 5562 1880 5618 SCIIULZII
1924 5557 2145 5613 ΝΟΤίΕ.

288 5703 308 5731 ²
340 5701 559 5757 Omnem
594 5693 832 5768 quidem
863 5705 1079 5758 operam
1112 5687 1258 5742 dedit
1293 5682 1612 5741 Garncrius,
1654 5693 1711 5733 ut
1743 5679 1983 5749 epistola:
2009 5677 2157 5768 il‘li‘us
2193 5672 2402 5768 voesfa‘v
2450 5671 2743 5730 cvinccret,
2772 5663 2865 5720 sed
2893 5676 2993 5717 nec
3024 5659 3168 5714 illam
3212 5649 3464 5721 probare.

1061 5760 1070 5768 .
1503 5753 1515 5768 ι
1595 5753 1626 5768 -.
1673 5761 1724 5768 .,
1793 5749 1959 5768 ,,_:_,c-._
1990 5764 2008 5768 __
2060 5747 2070 5768 ξ
2120 5758 2269 5768 η-.-..η
2296 5757 2357 5768 ..ιι
2388 5741 2458 5768 ..ει

225 5785 315 5827 nec
341 5741 1122 5845 Vigilinm‘ab"inconstantiae
1159 5768 1210 5812 et
1247 5769 1470 5810 summa:
1503 5753 1740 5808 levitatis
1780 5741 2012 5802 crimine
2036 5747 2270 5800 liberare
2296 5741 2483 5794 valuit.
