3926 6216
525 383 622 449 199

1645 373 2018 438 GARXERII
2062 371 2554 434 DlSSERTATlO
2593 377 2671 435 Il.

3675 375 3787 437 200

524 507 610 551 tus
633 504 738 558 est,
768 494 854 550 vel
878 493 1101 564 dignum
1130 493 1389 562 quiddam
1433 488 1811 544 observatione
1857 486 1989 556 egit,
2027 482 2094 536 ad
2126 488 2170 541 A
2201 485 2338 540 stola
2366 485 2432 539 ad
2470 486 2829 542 Eutrechium
2857 487 3198 558 praefectum,
3225 486 3369 557 apud
3390 503 3554 556 quem
3577 487 3786 541 eodem

521 588 871 655 episcopatus
911 584 1033 639 initi
1057 599 1260 638 annum
1302 582 1632 644 referuntur,
1691 597 1756 634 ex
1786 593 1960 647 eoque
2000 592 2096 631 co-

527 677 752 749 gnito,si
785 693 891 730 non
927 675 1254 736 indubitata,
1279 674 1470 727 saltem
1505 669 1778 741 probabili
1804 669 2097 722 admodum

524 769 733 824 ratione
763 769 1015 822 concludi
1042 777 1293 837 possunt.
1345 764 1595 819 Proderit
1640 778 1768 816 vero
1809 759 2097 830 qumstioni

523 864 656 918 huic
701 864 853 932 quasi
903 859 1174 931 primaria:
1219 858 1445 913 alteram
1496 857 1653 910 istam
1691 854 2022 924 adjungere,
2067 867 2094 905 a

522 967 633 1020 quo
662 951 948 1004 ordinatus
977 949 1046 1002 sit
1082 965 1096 1001 ι
1133 947 1276 1000 valet
1303 945 1450 1000 enim
1473 953 1528 998 et
1565 945 1679 1014 ipsa
1725 943 1793 998 ad
1830 942 2097 997 rationem

523 1041 780 1110 temporis
813 1038 1178 1094 statuendam.

589 1174 618 1246 §
653 1175 694 1230 l.
742 1173 855 1240 Quo
887 1189 1028 1228 anno
1054 1171 1403 1226 Theodoretus
1446 1171 1804 1240 episcopatum
1832 1168 2032 1220 inierit.

591 1306 632 1361 Ι.
659 1306 868 1371 Annus,
899 1320 1062 1374 quem
1105 1302 1453 1372 inquirimus,
1502 1317 1532 1354 a
1579 1301 1797 1354 nemine
1826 1308 2095 1361 veterum,

520 1415 591 1454 ne
639 1414 668 1452 a
723 1397 1070 1452 Theodoreto
1122 1390 1366 1464 qmdem,
1414 1392 1635 1446 deﬁnite
1685 1391 1977 1460 proditur:
2031 1406 2099 1444 ex

521 1491 770 1562 epistolis
797 1499 975 1544 tamen
1017 1487 1356 1556 deprehendi
1404 1493 1606 1555 potest,
1672 1484 1766 1538 sed
1801 1498 1908 1536 non
1939 1481 2043 1536 nisi
2069 1497 2100 1535 a

525 1583 762 1637 curiosis
799 1581 1230 1650 indagatoribus.
1268 1579 1396 1646 Qua:
1418 1579 1565 1633 enim
1593 1579 1768 1648 prima
1799 1577 1979 1630 fronte
2004 1591 2098 1630 oc-

527 1681 794 1732 currunt,
837 1671 953 1724 haec
997 1671 1256 1738 quoniam
1298 1669 1558 1723 attentius
1602 1667 1948 1721 considerata
1990 1682 2097 1718 non

525 1773 673 1827 sunt,
737 1763 1046 1817 fefellerunt
1104 1761 1400 1830 aliquando
1449 1762 1598 1830 ipsos
1641 1760 1807 1814 etiam
1850 1757 2097 1812 eruditos

526 1853 826 1909 duetissimi
854 1853 1144 1906 Annalium
1177 1853 1463 1922 scriptoris
1497 1853 1707 1907 oculos.

596 1941 660 1994 11.
700 1939 969 1992 Baronius
995 1939 1404 1992 Theodoretum
1434 1940 1693 2008 opinatur
1743 1937 1967 2008 Cyrensi
2000 1937 2100 1991 Ec-

523 2033 702 2087 clesize
751 2031 1066 2100 prrefectum
1122 2030 1289 2084 fuisse
1356 2046 1500 2083 anno
1572 2031 1695 2083 425.
1772 2029 2098 2100 Opinionem

524 2123 720 2194 probat
751 2124 834 2178 bis
854 2122 1098 2193 epistola:
1135 2124 1201 2176 ad
1224 2130 1474 2176 sanetum
1519 2121 1760 2176 Leonem
1787 2122 1926 2176 datae
1978 2138 2102 2176 ver-

525 2213 612 2268 bis
649 2233 660 2267 :
721 2234 737 2264 ι
773 2213 880 2268 Sex
921 2222 978 2268 et
1023 2213 1216 2284 viginti
1272 2213 1432 2268 annis
1472 2214 1818 2269 commissam
1855 2214 1990 2268 mihi
2032 2214 2100 2269 ab

526 2306 912 2360 universorum
953 2305 1066 2359 Deo
1119 2305 1458 2368 Ecclesiam,
1514 2320 1740 2374 precum
1790 2313 2098 2360 vestrarum

524 2398 729 2451 auxilio
762 2412 887 2451 cum
910 2396 1166 2461 rexerim,
1194 2407 1300 2450 etc.
1331 2397 1346 2428 ⁸
1377 2415 1398 2449 ι
1424 2395 1652 2451 Constat
1679 2397 1822 2451 enim
1839 2396 2098 2466 scriptam

524 2505 645 2544 esse
661 2489 947 2558 epistolam
967 2488 1068 2542 sub
1093 2487 1253 2542 ﬁnem
1279 2487 1406 2542 anni
1425 2490 1547 2552 449,
1565 2505 1673 2558 quo
1690 2503 1832 2542 anno
1852 2488 2099 2542 habitum

521 2591 614 2648 est
668 2581 990 2636 latrocinale
1028 2580 1321 2636 concilium
1367 2581 1703 2651 Ephesinum
1749 2582 1839 2637 die
1890 2581 1956 2635 10
1992 2584 2102 2636 Au-

526 2674 691 2744 gusti,
725 2675 776 2727 in
800 2689 974 2743 eoque
1006 2673 1387 2728 Theodoretus
1425 2689 1456 2728 a
1488 2673 1751 2728 Dioscoro
1794 2673 2095 2743 depositus.

527 2764 639 2819 liae
662 2765 729 2819 de
763 2765 962 2835 injuria
990 2765 1421 2843 queritur_apud
1455 2781 1728 2820 summum
1764 2765 2096 2834 pontiﬁcem,

526 2857 675 2912 sedis
723 2857 1038 2926 apostolica:
1081 2857 1348 2928 judicium
1385 2859 1688 2928 appellans.
1729 2857 1887 2924 Quod
1931 2857 1977 2911 si
2032 2874 2100 2911 ex

525 2963 796 3001 annorum
835 2947 937 3002 449
967 2964 1178 3003 summa
1205 2948 1565 3003 detrahantur
1592 2949 1783 3020 viginti
1819 2964 1933 3012 sex,
1979 2964 2099 3003 om-

526 3039 658 3092 nino
684 3039 879 3108 reliqui
913 3047 1074 3094 erunt
1125 3040 1250 3104 425,
1291 3055 1402 3110 quo
1433 3049 1676 3109 tempore
1721 3039 2100 3095 Theodoretus

525 3130 818 3203 Cyrensem
846 3131 1146 3187 Eeelesiam
1174 3132 1466 3204 regendam
1491 3133 1813 3203 susceperit.

593 3223 680 3278 lll.
705 3223 782 3277 lta
815 3223 926 3277 fere
969 3223 1236 3278 Baronius
1277 3223 1604 3278 sententiam
1648 3222 1936 3278 conﬁrmat
1979 3239 2101 3278 ver-

528 3315 614 3370 bis
665 3315 910 3384 epistolae
960 3315 1188 3370 alterius
1224 3314 1420 3370 eodem
1467 3331 1612 3369 anno
1639 3315 1778 3370 datae
1807 3316 1850 3378 ’,
1903 3316 2102 3385 quibus

529 3406 674 3477 apud
704 3405 946 3460 Hilarum
976 3405 1234 3460 Ecclesiae
1263 3406 1522 3460 Romanae
1575 3405 1869 3460 diaconum
1907 3405 2101 3461 eadem

531 3497 756 3566 querela
777 3496 1134 3566 deploratur:
1183 3515 1202 3548 ‹
1226 3495 1355 3549 Post
1377 3510 1472 3551 sex
1502 3502 1559 3549 et
1596 3495 1790 3565 viginti
1821 3496 2103 3566 episcopa-

529 3599 622 3644 tus
655 3604 849 3654 annos,
882 3597 989 3643 etc.
1024 3589 1065 3641 ³.
1109 3606 1128 3639 ›

601 3680 905 3750 Utrumque
944 3679 1320 3733 testimonium
1359 3679 1592 3733 videtur
1627 3679 1684 3732 in
1718 3681 1953 3749 speciem
1991 3681 2104 3734 cla.-

530 3787 688 3837 rum;
721 3780 924 3824 tantam
976 3771 1338 3825 nihilominus
1405 3771 1707 3825 claritatem
1741 3771 1999 3825 obscurat
2026 3771 2105 3825 lo-

531 3879 632 3917 cus
662 3864 802 3917 alter
828 3864 987 3932 longe
1021 3863 1226 3916 certior
1260 3880 1272 3915 :
1303 3862 1494 3917 scribit
1528 3862 1672 3915 enim
1725 3861 2105 3916 Theodoretus

529 3952 704 4006 Nemo
749 3951 962 4004 consuli
1017 3952 1070 4004 in
1112 3951 1229 4005 haec
1273 3950 1442 4006 verba
1486 3951 1554 4002 ιε
1612 3970 1630 4001 ‹
1675 3951 1736 4004 ln
1769 3950 2103 4005 monasterio

531 4051 770 4110 tempus,
801 4041 948 4109 quod
980 4041 1355 4110 episcOpatum
1383 4042 1679 4110 praecessit,
1721 4057 1847 4096 cum
1888 4042 2103 4113 exegis-

532 4146 676 4196 sem,
714 4130 918 4184 invitus
972 4130 1263 4200 episcopus
1296 4131 1582 4185 ordinatus
1615 4147 1755 4186 sum.
1798 4131 1986 4186 Annos
2018 4133 2103 4185 vi-

531 4221 665 4290 ginti
693 4221 934 4290 quinque
962 4222 1036 4274 ita
1075 4223 1206 4284 vixi,
1243 4231 1304 4277 ut
1336 4239 1514 4293 neque
1543 4224 1596 4277 in
1622 4225 1714 4294 jus
1743 4233 1968 4279 vocatus
1999 4225 2103 4279 sim

531 4328 563 4365 a
596 4328 897 4381 quoquam,
927 4329 1105 4383 neque
1138 4313 1254 4384 ipse
1294 4331 1621 4385 quemquam
1657 4317 1942 4382 vocarim;
1976 4317 2103 4370 nul-

530 4403 619 4456 lus
650 4403 1186 4473 reiigiosissimorum
1219 4406 1565 4471 clericorum,
1589 4409 1683 4476 qui
1711 4407 1874 4478 249
1888 4423 2102 4463 mecum

531 4493 775 4558 fuerunt,
807 4501 884 4547 tot
908 4494 1070 4548 annis
1099 4496 1394 4550 tribunalia
1424 4496 1809 4566 frequentavit.
1833 4519 1850 4550 ι

604 4586 667 4640 γ.
694 4585 825 4640 Inde
854 4586 1064 4656 liquido
1097 4599 1266 4657 patet,
1302 4589 1561 4643 vicesimo
1596 4591 1789 4660 quinto
1822 4593 2104 4663 episcopa-

531 4686 621 4732 tus
651 4693 796 4731 anno
830 4677 1235 4738 Theodoretum
1278 4681 1380 4734 ista
1436 4682 1676 4737 scribere
1731 4701 1744 4736 :
1796 4701 1920 4739 cum
1972 4703 2103 4756 ergo

531 4769 820 4833 scriberet,
848 4768 1021 4824 Nemo
1049 4771 1394 4826 consulatum
1429 4782 1675 4842 gerente,
1705 4784 1760 4830 et
1803 4785 1924 4846 post
1950 4793 2106 4832 acce-

530 4868 684 4928 ptum
713 4861 779 4914 ab
817 4862 1146 4932 imperatore
1177 4864 1492 4918 mandatum
1519 4880 1576 4920 se
1605 4867 1924 4922 continendi
1964 4869 2106 4924 intra

530 4952 666 5004 lines
691 4950 986 5021 Cyrestica:
1020 4956 1291 5027 regionis;
1335 4973 1570 5027 cumque
1603 4958 1809 5014 Nemus
1849 4962 2104 5016 consula-

530 5050 646 5093 tum
677 5043 908 5109 gesserit
938 5060 1083 5099 anno
1114 5047 1239 5110 445,
1269 5057 1330 5102 ut
1363 5065 1430 5102 ex
1481 5049 1657 5104 Fastis
1686 5060 1921 5116 constat,
1961 5053 2103 5108 banc

530 5131 705 5199 ipsam
757 5134 946 5201 procul
991 5135 1160 5190 dubio
1190 5138 1572 5196 Theodoretus
1607 5141 1898 5211 epistolam
1953 5145 2106 5199 dedit

529 5235 677 5274 anno
705 5221 844 5288 4.45;
875 5240 985 5292 quo
1025 5242 1091 5279 ex
1140 5243 1408 5284 annorum
1449 5248 1680 5287 numero
1719 5233 1763 5288 si
1816 5233 2106 5289 demantur

528 5309 723 5380 viginti
779 5313 1046 5382 quinque,
1089 5315 1284 5385 reliqui
1335 5331 1500 5374 erunt
1540 5319 1663 5381 420,
1698 5336 1808 5390 quo
1857 5329 2105 5390 tempore

525 5402 814 5459 ordinatus
840 5405 911 5459 sit
937 5405 1248 5476 episcopus.

599 5494 684 5548 Vl.
721 5495 972 5551 Totidem
1017 5501 1364 5568 pontificatus
1405 5519 1583 5556 annos
1615 5516 1863 5557 numerat
1903 5507 1954 5559 in
1984 5505 2103 5570 epi-

2129 1819 2171 1874 B

2202 587 2448 647 tempore
2490 580 2711 635 easdem
2759 580 2826 636 de
2873 581 3130 635 mandato
3189 580 3445 650 querelas
3503 578 3787 648 deponit:

2208 688 2224 719 ι
2263 669 2532 734 Pontifex,
2565 671 2658 740 qui
2687 671 3063 741 episcopatum
3096 670 3288 740 viginti
3333 669 3579 738 quinque
3619 669 3792 722 annis

2198 761 2388 830 gessit,
2413 769 2470 814 et
2521 761 2836 830 praecedens
2885 769 3099 830 tempus
3145 760 3198 812 in
3232 759 3566 813 monasterio
3600 758 3790 819 duxit,

2199 853 2292 920 qui
2331 867 2435 906 nec
2457 852 2636 905 forum
2673 852 2933 922 judiciale
2977 851 3344 920 interpellavit
3382 865 3648 919 unquam,
3682 865 3792 902 nec

2200 942 2270 994 ab
2319 941 2430 995 ullo
2469 957 2710 1011 unquam
2747 957 2875 994 reus
2918 949 3002 994 est
3037 949 3294 1010 peractus
3367 939 3658 994 calumniae
3713 939 3800 995 fa-

2201 1043 2324 1088 ctus
2355 1043 2440 1087 est
2465 1033 2767 1087 ludibrium
2801 1034 2841 1097 ',
2875 1043 2983 1086 etc.
3024 1052 3041 1083 ι
3683 1086 3697 1098 _

2287 1126 2397 1178 γη.
2426 1125 2695 1194 Equidem
2726 1124 2904 1178 sentio
2930 1123 3109 1193 excipi
3143 1123 3254 1176 duo
3279 1137 3437 1192 posse
3480 1139 3492 1174 :
3521 1121 3792 1180 alterum,

2201 1217 2414 1272 consuli
2453 1217 2676 1286 quidem
2723 1216 3039 1286 inscriptam
3082 1215 3250 1268 fuisse
3296 1215 3622 1284 epistolam,
3672 1228 3793 1268 non

2203 1317 2382 1362 tamen
2429 1308 2524 1378 qui
2589 1317 2719 1362 tunc
2767 1317 2914 1362 esset
2954 1322 3079 1360 cum
3124 1305 3482 1366 scriberetur,
3532 1302 3633 1357 sed
3694 1301 3795 1370 qui

2203 1410 2328 1455 ante
2355 1401 2476 1455 haec
2497 1400 2727 1464 fuisset;
2761 1400 3016 1460 alterum,
3055 1399 3322 1451 incertum
3365 1410 3506 1457 esse,
3543 1395 3673 1464 quis
3705 1395 3796 1447 lo-

2203 1506 2300 1544 cus
2325 1490 2397 1544 sit
2426 1490 2625 1553 verior,
2655 1505 2723 1542 an
2769 1488 2863 1557 qui
2906 1503 2936 1542 a
2984 1487 3218 1540 Baronio
3264 1485 3537 1539 adductus
3569 1492 3679 1542 est.
3721 1498 3797 1535 an

2203 1583 2297 1652 qui
2329 1582 2615 1652 oppositus
2647 1599 2659 1632 :
2689 1580 2734 1634 si
2758 1581 2906 1635 enim
2946 1578 3243 1648 pugnantia
3277 1575 3666 1630 Theodoretus
3686 1573 3800 1627 aii-

2203 1685 2308 1739 cat,
2332 1691 2397 1730 ex
2423 1675 2593 1744 ipsius
2618 1673 2946 1728 testimoniis
2972 1672 3108 1725 nihil
3130 1670 3355 1724 omnino
3374 1669 3509 1724 certi
3540 1668 3594 1720 in
3617 1668 3798 1722 alter-

2206 1777 2385 1820 utram
2420 1775 2630 1836 partem
2659 1765 2853 1820 conﬁci
2891 1766 3088 1817 merito
3123 1771 3324 1832 potest.

2278 1860 2412 1914 Vlll.
2449 1860 2646 1913 Verum
2691 1874 2852 1912 nemo
2897 1858 3136 1927 primum
3170 1855 3305 1909 illud
3349 1853 3655 1922 exceperit,
3691 1853 3797 1921 qui

2204 1946 2860 2014 Theodoretumlegerit:
2900 1945 3039 1998 solet
3094 1943 3240 1997 enim
3275 1959 3392 2006 eos,
3417 1942 3622 2012 quibus
3664 1943 3796 2010 epi-

2202 2038 2371 2092 stolas
2421 2037 2694 2101 inscribit,
2735 2053 2986 2100 suorum,
3027 2051 3148 2105 qua:
3181 2044 3312 2089 tunc
3345 2043 3626 2103 gererent,
3659 2048 3797 2087 mu—

2202 2143 2396 2182 nerum
2431 2127 2655 2181 neruine
2705 2126 2990 2196 insignire.
3043 2126 3134 2181 Sic
3183 2125 3433 2179 Anatolio
3485 2125 3797 2192 septimum

2201 2220 2420 2285 scribit,
2456 2233 2558 2273 nec
2601 2227 2782 2273 tamen
2819 2217 2988 2272 semel
3037 2217 3320 2272 consulem
3357 2217 3619 2286 appellat,
3661 2232 3799 2269 cum

2203 2320 2385 2365 tamen
2419 2311 2763 2365 consulatum
2793 2310 3050 2380 gessisset
3076 2324 3219 2362 anno
3243 2309 3365 2363 440.
3419 2308 3506 2362 Sic
3551 2307 3797 2360 Floren-

2205 2403 2362 2464 tium,
2391 2401 2484 2471 qui
2525 2417 2670 2456 anno
2702 2402 2832 2466 429,
2877 2409 2933 2455 et
2977 2401 3322 2464 Senatorcm,
3360 2399 3454 2468 qui
3493 2415 3642 2452 anno
3684 2398 3800 2453 456

2202 2493 2458 2546 consules
2489 2491 2727 2557 fuerant,
2770 2491 3026 2546 consules
3056 2506 3164 2544 non
3196 2499 3395 2554 vocat;
3433 2489 3527 2542 sed
3563 2497 3796 2542 utrum-

2202 2597 2310 2651 que
2349 2581 2616 2634 duntaxat
2658 2581 2952 2650 patricium
3001 2597 3014 2632 :
3078 2579 3348 2633 ambobus
3416 2589 3598 2632 tamen
3662 2589 3799 2647 post

2201 2684 2413 2744 gestum
2461 2673 2807 2728 consulatum
2843 2673 3142 2728 scribebat.
3191 2671 3329 2737 Quia
3381 2685 3513 2724 vero
3570 2670 3797 2724 Zenoni

2201 2777 2368 2836 atque
2401 2766 2611 2820 Avieno
2635 2766 2656 2797 ⁶
2685 2766 2835 2820 misit
2861 2766 3092 2828 litteras,
3128 2779 3238 2834 quo
3264 2779 3408 2817 anno
3434 2765 3795 2817 consulatum

2201 2865 2473 2920 tenerent,
2516 2857 2605 2910 ille
2647 2872 2792 2910 anno
2820 2856 2946 2920 448,
2988 2854 3091 2909 iste
3134 2869 3277 2908 anno
3317 2853 3442 2918 450,
3482 2861 3798 2921 utrumque

2202 2949 2484 3004 consulem
2525 2949 2793 3003 nominat.
2836 2948 3072 3002 Nomum
3115 2946 3281 3016 igitur
3307 2944 3589 3000 consulem
3621 2944 3794 3007 dixit,

2202 3041 2461 3110 quoniam
2489 3056 2576 3104 eo,
2595 3055 2706 3109 quo
2732 3039 3031 3103 scribebat,
3061 3053 3205 3092 anno
3224 3037 3407 3106 reipsa
3435 3035 3629 3090 consul
3658 3035 3795 3091 fuit.

2126 3153 2170 3213 ε
2205 3133 2312 3188 Sed
2356 3149 2481 3188 cum
2527 3132 2596 3186 ad
2654 3131 3020 3187 recensendas
3052 3130 3310 3200 epistolas
3344 3127 3794 3198 pervenerimus,

2203 3225 2426 3280 Baronii
2475 3223 2949 3287 emendationem,
2993 3237 3096 3292 pro
3154 3221 3380 3276 consule
3433 3219 3796 3273 consularem

2204 3319 2455 3389 legentis,
2491 3317 2780 3372 evidenter
2812 3315 3146 3380 refellemus,
3177 3312 3589 3384 pugnantiaque
3626 3311 3796 3366 low-

2208 3423 2295 3468 tus
2315 3412 2612 3468 cardinalis
2634 3409 3123 3466 demonstrabitur.

2267 3503 2359 3558 IX.
2397 3503 2514 3558 Jam
2553 3519 2686 3557 vero
2731 3502 2963 3556 alterum
3006 3501 3142 3556 dilui
3192 3499 3352 3554 facile
3401 3507 3624 3568 potest:
3660 3513 3798 3552 nam

2205 3593 2642 3664 quotiescunque
2686 3601 2932 3662 pugnant
2986 3591 3091 3645 loci
3140 3589 3252 3644 duo
3293 3589 3458 3644 unius
3497 3588 3755 3643 auctoris
3783 3629 3797 3651 ,

2205 3683 2511 3754 praesertim
2555 3683 2648 3736 ubi
2687 3683 2754 3737 de
2793 3682 3041 3736 numeris
3088 3681 3289 3751 agitur,
3338 3680 3394 3734 in
3426 3678 3634 3748 quibus
3678 3678 3801 3734 fre-

2205 3791 2382 3845 quens
2411 3783 2498 3828 est
2523 3775 2733 3844 lapsus;
2765 3772 3091 3827 retinendus
3118 3772 3210 3826 ille
3241 3771 3469 3825 omnino
3495 3779 3579 3824 est
3607 3769 3800 3834 locus,

2205 3865 2300 3935 qui
2341 3873 2397 3919 et
2439 3865 2831 3920 consonantior
2881 3864 2952 3918 sit
2997 3863 3138 3927 aliis,
3189 3863 3369 3932 quoad
3415 3877 3680 3923 sensum,
3741 3875 3803 3917 et

2206 3957 2389 4012 minus
2420 3957 2619 4012 debeat
2650 3971 2771 4010 esse
2800 3965 3121 4024 suspectus,
3149 3965 3206 4010 et
3246 3969 3356 4008 non
3398 3955 3472 4008 ita
3507 3953 3669 4008 facile
3715 3955 3804 4008 vi-

2210 4049 2332 4102 tiari
2360 4049 2624 4118 potuerit.
2653 4047 2817 4117 Atqui
2850 4056 3095 4116 pugnant
3137 4047 3240 4100 loci
3280 4047 3392 4101 duo
3434 4063 3560 4101 mox
3591 4047 3751 4100 allati
3782 4065 3798 4101 :

2206 4141 2300 4209 qui
2329 4157 2460 4194 vero
2489 4156 2556 4195 ex
2584 4139 2813 4208 epistola
2848 4139 2906 4192 8|
2963 4138 3265 4208 productus
3306 4148 3410 4199 est,
3449 4139 3620 4193 habet
3668 4139 3800 4193 haec

2209 4232 2315 4286 tria
2362 4247 2484 4301 qua:
2552 4231 2688 4294 dixi,
2733 4247 2842 4284 non
2884 4230 3049 4284 habet
3110 4231 3248 4285 alter
3302 4248 3314 4283 :
3355 4231 3444 4285 ille
3493 4230 3662 4301 igitur
3703 4233 3800 4285 isti

2206 4325 2587 4395 praeferendus
2615 4335 2718 4378 est.

2273 4415 2436 4484 250
2477 4413 2543 4468 Χ·
2584 4413 2739 4480 Quod
2783 4423 2965 4468 autem
3007 4414 3160 4469 locus
3191 4415 3436 4484 epistolae
3477 4415 3538 4468 81
3584 4414 3800 4470 habeat

2135 4487 2180 4541 Ῑ)
2210 4506 2326 4560 hme
2360 4506 2487 4568 tria,
2515 4521 2580 4559 ex
2610 4522 2676 4560 eo
2701 4515 2935 4569 constat,
2978 4506 3123 4574 quod
3157 4507 3334 4575 primo
3365 4513 3630 4559 consonet
3668 4507 3802 4576 epi-

2212 4601 2366 4654 stola:
2397 4599 2650 4654 secunda:
2671 4598 2737 4652 ad
2771 4599 3093 4653 Dioscornm
3115 4601 3156 4663 ⁷,
3187 4599 3240 4651 in
3267 4615 3372 4667 qua
3405 4598 3572 4652 refert
3602 4597 3799 4652 Theo-

2211 4691 2462 4753 doretus,
2509 4706 2566 4744 se
2609 4689 2864 4744 docuisse
2902 4688 3228 4749 Antiochiae.
3287 4689 3476 4759 utique
3517 4704 3644 4742 cum
3674 4691 3796 4759 jam

2211 4781 2355 4835 foret
2381 4785 2400 4800 ‘
2429 4782 2745 4851 episcopus,
2790 4797 2886 4834 sex
2926 4795 3100 4834 annos
3133 4779 3426 4834 continuos
3468 4779 3572 4834 sub
3601 4779 3799 4836 Theo-

2214 4873 2366 4937 doto,
2393 4872 2654 4927 tredecim
2690 4872 2793 4926 sub
2819 4872 3028 4927 Joanne
3050 4870 3320 4925 Theodoti
3348 4885 3666 4926 successore
3685 4911 3702 4934 ,
3740 4881 3802 4925 et

2210 4964 2426 5027 Domni,
2473 4963 2566 5033 qui
2609 4963 2874 5018 Joannem
2911 4963 3148 5032 excepit,
3183 4963 3478 5033 septimum
3521 4963 3634 5031 jam
3666 4977 3800 5017 esse

2211 5071 2439 5120 annum,
2479 5070 2604 5109 cum
2645 5055 2930 5108 scriberet.
2975 5053 3113 5108 Cum
3158 5069 3289 5123 ergo
3324 5052 3645 5108 Theodotus
3677 5053 3799 5109 vita

2211 5148 2512 5203 excesserit
2552 5163 2696 5202 anno
2738 5148 2864 5212 427,
2906 5154 2968 5202 ut
3007 5143 3176 5201 tradit
3202 5145 3586 5201 Theodoretus
3611 5145 3656 5208 ⁸,
3688 5162 3800 5199 ne-

2211 5251 2364 5291 cesse
2395 5246 2480 5290 est
2521 5245 2584 5290 ut
2621 5236 2818 5289 docere
2873 5236 3103 5304 emperit
3150 5251 3294 5290 anno
3318 5235 3404 5291 vel
3439 5235 3542 5289 4‘30
3581 5234 3686 5289 sub
3733 5235 3803 5290 ﬁ-

2211 5343 2358 5390 nem,
2414 5327 2498 5381 vel
2553 5327 2779 5380 ineunte
2828 5327 2952 5380 421.
3011 5326 3397 5396 Episcopatum
3448 5325 3616 5396 igitur
3663 5325 3798 5380 iniit

2209 5432 2356 5473 anno
2393 5417 2497 5470 420
2524 5424 2618 5471 aut
2649 5416 2746 5470 421
2795 5416 3036 5470 ineunte.

2281 5508 2349 5562 Χ1
2402 5508 2631 5570 Deinde,
2680 5507 2825 5576 quod
2874 5507 3016 5561 idem
3060 5505 3213 5561 locus
3247 5521 3356 5561 non
3382 5506 3560 5577 possit
3583 5506 3792 5560 merito

1898 5663 2206 5718 SCllUt.'I.ll
2247 5663 2476 5717 NUTA‘Z.

603 5734 618 5819 ξ
655 5741 997 5819 Ερίςιηηὸῗ
1068 5753 1087 5779 ¹
1117 5749 1285 5819 Epist.
1323 5753 1436 5804 Ilii.

529 5815 549 5844 ⁸
581 5813 792 5868 Avieno.
824 5817 930 5871 Sed
969 5819 1089 5875 vide
1125 5813 1272 5890 supr.
1311 5840 1362 5892 p.
1419 5823 1531 5886 l‘Ji,
1579 5825 1748 5877 schol.
1812 5825 1856 5877 l.

1518 5755 1536 5782 ³
1565 5755 1664 5806 l‘ro
1697 5755 1927 5808 Baronio
1962 5757 2157 5810 militat
2189 5759 2352 5810 etiam
2391 5757 2542 5809 locus
2568 5773 2631 5809 ex
2657 5757 2816 5825 epist.
2854 5757 2970 5809 ll6.

1521 5865 1531 5881 .
1579 5825 1748 5877 schol.
1812 5825 1856 5877 l.
1939 5827 1954 5854 ⁷
1981 5827 2151 5881 Epist.
2184 5831 2268 5881 83.
2348 5828 2367 5857 '
2390 5825 2526 5881 (list.
2561 5827 2683 5881 eccl.
2716 5827 2752 5881 l.
2785 5843 2834 5881 v.
2865 5844 2965 5881 can

1944 5829 1954 5854 ⁷
1981 5829 2151 5896 Epist.
2184 5831 2268 5882 83.

3050 5758 3068 5786 ⁸
3096 5759 3262 5828 Epist.
3287 5760 3372 5814 81.

3451 5762 3470 5791 ³
3496 5759 3670 5830 Epist.
3697 5760 3792 5816 80.

2348 5828 2367 5857 '
2390 5825 2526 5881 (list.
2561 5827 2683 5881 eccl.
2716 5827 2752 5882 l.
2785 5843 2834 5895 v,
2865 5844 2982 5899 cap.
3017 5828 3112 5884 ult.
