3926 6216
202 317 295 387 ιιι

1353 310 1451 371 DE
1489 304 1744 367 LIBRIS
1776 300 2284 364 THEODORETI.

3325 298 3429 362 20‘:

204 427 559 499 corruptionis
598 426 821 481 nomine
867 439 987 479 esse
1030 430 1318 492 suspectus
1342 461 1357 484 ,
1404 418 1519 473 sive
1588 428 1751 469 voces
1782 418 1823 473 Α
1853 412 1976 475 ΠΒ,
1993 420 2048 466 et
2069 412 2351 483 scripsisse
2374 415 2426 468 in
2445 413 2930 469 Deuteronomium
2959 427 3102 467 anno
3134 412 3258 475 479.,
3285 414 3429 468 unde

206 524 706 593 ipsznumerorum
739 518 984 587 integrae,
1022 514 1135 569 sive
1175 519 1319 566 notae
1363 509 1629 563 duntaxat
1673 504 1759 558 di-

206 621 385 669 cantur
401 610 622 679 scripta:
655 625 671 662 :
700 621 878 676 neque
916 605 1065 659 enim
1110 602 1266 655 πέντε
1316 601 1372 654 in
1413 597 1527 662 δύο,
1576 599 1763 663 'neque

208 702 240 772 ﬁ
268 702 317 755 in
348 718 386 765 ς
435 698 600 753 facile
641 712 742 768 per
768 694 1033 750 incuriam
1070 691 1280 747 librarii
1327 693 1762 744 commutentur.

268 792 378 846 XII.
407 790 680 859 Denique,
712 787 857 858 quod
887 787 1042 841 locus
1076 781 1387 839 contrarius
1413 779 1613 834 habeat
1638 790 1765 846 pro-

208 886 389 941 clivem
428 881 800 938 describentis
843 879 1055 949 lapsum
1095 876 1153 931 in
1197 872 1467 936 numeris,
1512 877 1763 940 apertum

210 986 317 1030 est:
351 973 485 1043 quid
522 972 673 1027 enim
705 970 1026 1042 proclivius,
1060 981 1225 1037 quam
1250 964 1280 1017 θ
1312 963 1371 1018 in
1419 979 1480 1027 ς,
1516 959 1673 1014 ἐννέα
1706 957 1765 1012 in

210 1063 263 1128 ἒξ
287 1071 599 1131 pervertere
622 1060 648 1113 ?

269 1153 405 1207 XIII.
442 1151 601 1218 Quod
639 1152 686 1206 si
711 1150 1064 1221 episcopatus
1101 1142 1432 1201 Theodoreti
1467 1140 1524 1195 in
1560 1150 1763 1194 annum

209 1242 300 1298 ιω
331 1241 550 1305 incidit,
581 1247 800 1311 oportet
823 1247 884 1294 ut
912 1245 1072 1294 ortus
1098 1243 1225 1291 ante
1258 1246 1461 1289 annum
1499 1228 1605 1285 590
1634 1241 1767 1282 con-

212 1334 379 1406 tigerit
411 1350 430 1399 ;
472 1347 653 1403 neque
681 1332 831 1386 enim
878 1329 1182 1386 canonibus
1219 1325 1421 1396 spretis
1478 1321 1766 1376 ordinatus

209 1438 283 1482 est
312 1436 441 1481 ante
474 1423 818 1481 tricesimum
840 1420 1020 1478 aetatis
1046 1434 1159 1476 sua:
1186 1430 1413 1480 annum,
1437 1429 1562 1469 cum
1584 1412 1764 1465 Theo-

211 1518 358 1573 dotus
377 1517 472 1571 vir
500 1514 886 1571 sanctissimus
916 1520 1082 1582 atque
1126 1505 1569 1578 religiosissimus
1598 1516 1766 1557 cano-

210 1622 327 1661 num
352 1606 701 1669 observator,
737 1618 769 1659 a
800 1616 911 1673 quo
944 1599 1230 1655 ordinatus
1279 1603 1385 1660 est,
1414 1591 1769 1648 Antiochense

210 1694 459 1753 Ecclesiae
478 1699 758 1765 praeesset.

274 1787 410 1844 XIV.
442 1787 563 1841 lmo
593 1782 1007 1840 Theodoretum
1061 1777 1284 1834 circiter
1329 1790 1535 1831 annum
1571 1772 1676 1827 586
1714 1773 1770 1826 in

212 1880 371 1935 lucem
402 1877 627 1932 venisse
651 1874 696 1940 ’,
721 1889 791 1929 ex
815 1887 883 1928 eo
903 1886 1015 1927 non
1033 1868 1265 1924 obscure
1289 1867 1585 1935 colligitur,
1601 1864 1769 1935 quod,

210 1983 319 2025 cum
368 1964 444 2020 ad
492 1971 745 2020 sanctum
785 1959 1027 2016 Leonem
1060 1956 1274 2011 litteras
1292 1953 1471 2017 daret,
1493 1967 1679 2009 senem
1715 1966 1772 2007 se

213 2072 513 2128 canumque
554 2052 799 2110 dixerit:
842 2064 1010 2105 senex
1048 2062 1180 2103 vero
1210 2046 1443 2117 quisque
1474 2043 1583 2099 dici
1612 2043 1770 2105 solet,

214 2166 323 2206 cum
367 2146 780 2219 sexagesimum
842 2141 1069 2196 tertium
1121 2136 1299 2194 aetatis
1339 2150 1543 2190 annum
1572 2133 1771 2205 attigit,

212 2240 484 2296 autetiam
511 2244 937 2310 praetergressus
963 2239 1067 2287 est.
1099 2229 1237 2285 Cum
1268 2242 1400 2300 ergo
1435 2226 1650 2282 litteras
1678 2226 1775 2280 de-

210 2333 335 2389 derit
355 2347 510 2388 anno
532 2329 656 2395 M9,
686 2338 927 2397 tuncque
956 2322 1126 2379 fuerit
1144 2321 1427 2392 sexaginta
1453 2329 1569 2376 tres
1599 2332 1775 2374 annos

210 2434 293 2481 aut
333 2425 533 2496 plures
570 2429 761 2484 natus,
795 2430 1020 2473 necesse
1070 2424 1155 2471 est
1199 2421 1261 2468 ut
1298 2410 1521 2467 circiter
1569 2424 1772 2468 annum

208 2516 299 2572 586
327 2516 521 2571 vivere
566 2508 857 2581 inceperit.

272 2607 379 2667 IV.
416 2605 616 2662 Afﬁnis
640 2612 726 2659 est
747 2601 1085 2674 conjectura,
1121 2612 1244 2670 quae
1286 2596 1511 2653 ducitur
1540 2609 1614 2652 ex
1653 2593 1773 2666 epi-

210 2700 332 2758 stola
379 2698 482 2763 90,
526 2696 595 2752 ad
624 2693 952 2765 Lupicinum
992 2691 1195 2763 scripta
1247 2703 1389 2745 anno
1454 2686 1580 2743 M7.
1628 2685 1766 2743 Nam

212 2808 262 2848 se
310 2788 624 2847 senectutis
677 2785 945 2843 terminos
1013 2781 1320 2857 ingressum
1396 2776 1776 2834 Theodoretus

212 2882 384 2939 scribit
415 2899 431 2934 :
466 2894 575 2951 qua
602 2874 867 2948 loquendi
895 2872 1072 2929 forma
1094 2870 1338 2928 medium
1382 2877 1600 2939 tempus
1628 2865 1774 2922 indi-

213 2982 373 3037 catur,
398 2970 556 3043 quod
584 2969 731 3025 inter
756 2974 1018 3023 octavum
1062 2972 1121 3021 et
1167 2976 1374 3018 nonum
1403 2959 1775 3031 septenarium

210 3064 437 3129 exsistit,
457 3070 624 3132 atque
647 3058 787 3114 adeo
810 3056 1033 3114 circiter
1053 3052 1474 3124 sexagesimum.

272 3152 409 3211 XVI.
456 3150 613 3207 Adde
664 3147 813 3219 quod
866 3146 1144 3201 Zenonem
1190 3140 1522 3197 monachum
1564 3137 1773 3203 invisit,

212 3255 323 3298 cum
349 3249 507 3299 esset
530 3237 738 3310 iunior,
766 3244 823 3292 et
854 3243 1036 3289 tamen
1064 3233 1258 3297 lector,
1305 3237 1469 3300 atque
1506 3242 1775 3285 annorum

213 3336 425 3393 circiter
452 3333 650 3407 viginti
679 3341 737 3387 et
766 3330 1032 3386 duorum:
1056 3326 1245 3382 invisit
1272 3331 1456 3379 autem
1489 3337 1635 3378 anno
1652 3320 1776 3382 408.

218 3437 269 3484 ut
290 3430 341 3484 in
356 3425 691 3483 recensione
726 3420 1001 3479 Philothei
1031 3417 1377 3475 ostendetur.

271 3517 436 3575 XVII.
467 3516 588 3573 Jam
616 3527 749 3568 vero
800 3511 911 3565 vita
958 3509 1208 3563 functum
1263 3502 1608 3560 ostendimus
1637 3516 1780 3556 anno

213 3608 323 3673 £57,
349 3615 453 3664 aut
469 3604 581 3661 458
609 3604 672 3658 ’°.
721 3601 870 3655 Vixit
909 3599 1077 3671 igitur
1123 3611 1294 3652 annos
1344 3592 1687 3663 septuaginta
1725 3599 1781 3648 et

213 3717 388 3763 unum,
429 3705 530 3754 aut
562 3692 909 3765 septuaginta
940 3691 1099 3746 duos.

269 3790 538 3848 XV'lllJn
564 3794 810 3842 nostram
836 3781 1242 3852 chronologiam
1289 3777 1564 3833 consentit
1600 3774 1780 3831 cardi-

213 3883 338 3938 ualis
363 3880 693 3941 Perronius,
741 3875 841 3930 lib.
897 3890 956 3928 ιιι
1002 3872 1080 3926 De
1132 3869 1493 3933 Eucharistia,
1534 3883 1652 3936 cap.
1693 3868 1780 3929 l7,

216 3970 297 4025 ubi
311 3964 727 4025 Theodoretum
754 3962 921 4019 tradit
940 3960 1254 4015 ordinatum
1273 3958 1440 4012 fuisse
1468 3971 1662 4011 novem
1689 3964 1785 4009 aut

215 4062 387 4118 decem
413 4059 579 4115 annis
601 4054 888 4125 ante251
921 4053 1132 4108 obitum
1168 4049 1495 4122 Augustini;
1526 4064 1649 4102 nam
1674 4047 1785 4101 Au-

215 4154 479 4224 gustinus,
516 4159 579 4205 ut
602 4147 850 4203 omnium
882 4152 1141 4199 constans
1158 4150 1243 4195 est
1266 4140 1474 4210 opinio,
1497 4155 1641 4194 anno
1682 4138 1787 4193 450

214 4261 275 4300 ex
297 4246 398 4300 hac
432 4242 547 4297 vita
580 4239 843 4294 decessit.
900 4235 998 4290 Est
1036 4242 1221 4288 autem
1262 4231 1405 4301 apud
1459 4231 1781 4286 Perronium

214 4352 275 4391 eo
314 4335 421 4391 loci
465 4330 711 4389 enormis
755 4340 1050 4398 operarum
1093 4339 1249 4379 error
1290 4324 1345 4377 in
1386 4331 1561 4376 morte
1602 4324 1786 4390 Augu-

216 4428 355 4492 stini,
389 4441 519 4481 nam
549 4438 651 4495 pro
674 4421 779 4476 42-30
802 4426 1105 4490 posuerunt
1133 4416 1255 4471 590.

278 4518 415 4573 XIX.
473 4513 740 4572 Dissentit
795 4508 1091 4566 cardinalis
1150 4506 1473 4561 Baronius:
1524 4503 1784 4574 opinatur

218 4611 353 4664 enim
404 4605 817 4663 Theodoretum
860 4600 1065 4657 obiisse
1095 4614 1243 4653 anno
1271 4597 1395 4659 455,
1429 4595 1687 4665 quoniam
1717 4595 1782 4651 de

220 4715 279 4755 eo
302 4711 488 4772 postea
510 4698 708 4754 siletur
741 4712 757 4761 ;
794 4707 989 4748 verum
1024 4706 1092 4746 eo
1141 4705 1285 4744 anno
1330 4690 1539 4743 litteras
1576 4688 1787 4756 accepit

220 4810 248 4848 a
271 4804 456 4850 sancto
482 4791 688 4853 Leone,
724 4795 780 4842 et
811 4786 1013 4840 librum
1062 4782 1236 4837 edidit
1276 4781 1350 4834 De
1393 4781 1660 4835 Ilwreticis
1700 4781 1786 4849 fa-

222 4885 363 4949 bulis,
391 4894 445 4939 et
467 4891 658 4953 postea
699 4878 757 4932 in
808 4875 1223 4935 Octateuchum,
1260 4873 1430 4926 libros
1464 4873 1693 4942 Regum,
1724 4882 1780 4926 et

225 4978 665 5046 Paralipomena,
714 4969 1048 5041 quaestiones
1108 4965 1448 5034 composuit,
1481 4972 1542 5018 ut
1595 4965 1651 5017 in
1692 4979 1781 5018 re-

223 5069 466 5123 censione
516 5064 720 5136 prions
771 5060 943 5132 partis
972 5057 1130 5128 primi
1167 5054 1405 5125 Operum
1431 5055 1562 5111 tomi
1600 5064 1783 5110 osten-

221 5162 394 5217 detur.

284 5251 402 5307 XX.
432 5248 701 5307 Dissentit
737 5243 906 5300 etiam
947 5239 1263 5296 Blondellus
1298 5239 1353 5293 in
1381 5237 1789 5309 Prolegomcais

226 5342 343 5398 libri
388 5342 652 5398 adversus
693 5334 1025 5391 Turrianum
1057 5332 1124 5386 de
1155 5329 1413 5399 Epistolis
1464 5330 1782 5386 canonicis:

227 5436 385 5490 tradit
412 5434 555 5490 enim
598 5426 1009 5484 Theodoretum
1037 5421 1237 5476 vixisse
1266 5420 1331 5474 ad
1374 5435 1578 5475 annum
1615 5435 1788 5492 usque

1865 502 2115 571 sequitur
2139 502 2457 558 defunctum
2480 519 2602 558 esse
2634 517 2779 559 anno
2830 502 3024 557 eodem
3068 517 3178 571 quo
3205 500 3317 556 Leo
3336 517 3430 557 se-

1864 593 1990 648 nior
2017 595 2333 664 imperator,
2364 606 2422 651 et
2447 594 2822 665 episcopatum
2865 593 3099 664 gessisse
3135 590 3309 648 annos
3337 592 3427 657 55,

1866 684 2167 738 secundum
2210 694 2453 739 nostram
2500 685 2569 740 de
2610 685 2932 755 episcopatu
2977 683 3426 754 chronologiam,

1864 774 1951 828 vel
1978 773 2045 827 50
2076 774 2376 830 secundum
2407 774 2786 841 Baronianam,
2817 784 2980 845 atque
3009 775 3083 829 ita
3106 774 3272 831 vitam
3302 789 3430 844 pro-

1867 866 2092 921 duxisse
2123 867 2191 921 ad
2223 882 2427 923 annum
2458 869 2544 923 85.
2589 867 2918 938 Opinionem
2959 882 3112 924 suam
3158 867 3381 923 conficit
3414 885 3430 921 :

1866 958 2067 1028 primo,
2097 957 2227 1029 quia
2255 958 2592 1022 Gennadius,
2625 960 2793 1023 Beda,
2831 959 2952 1015 Ado
2988 966 3044 1014 et
3091 959 3434 1030 Freculphus

1869 1048 2276 1104 Theodoretum
2298 1050 2525 1105 tradunt
2541 1050 2644 1105 sub
2662 1050 2843 1106 Leone
2864 1050 3196 1120 imperatore
3209 1051 3432 1112 obiissc.

1868 1150 1924 1194 et
1956 1138 2025 1193 ad
2062 1139 2184 1210 ejus
2210 1148 2457 1210 tempora
2487 1140 2781 1197 Historiam
2821 1126 3151 1211 produxisse
3180 1159 3194 1195 :
3235 1140 3436 1197 deinde

1867 1228 2014 1298 quod
2052 1229 2398 1284 Marcellinus
2433 1245 2618 1286 comes
2654 1231 2723 1286 ad
2762 1246 2968 1287 annum
2995 1231 3099 1286 466
3133 1230 3335 1286 librum
3366 1229 3436 1284 de

1868 1322 2252 1379 lncarnatione
2298 1321 2564 1377 adversus
2613 1321 2898 1393 Eutychen
2940 1330 2998 1377 et
3043 1322 3364 1377 Dioscorum
3408 1335 3439 1375 a

1870 1407 2221 1463 Theodoreto
2249 1408 2518 1478 scriptum
2551 1408 2789 1475 referat;
2819 1409 3058 1480 denique
3082 1409 3231 1479 quod
3260 1410 3441 1465 Theo-

1872 1496 2100 1553 doretus
2120 1498 2259 1567 ipse,
2291 1499 2592 1568 quaestione
2619 1499 2688 1554 38
2715 1500 2773 1554 in
2800 1500 3310 1564 Deuteronomium,
3336 1501 3437 1556 do.

1871 1600 1993 1644 ceat
2020 1589 2313 1655 efﬂuxisse,
2345 1597 2498 1654 tunc,
2535 1606 2660 1647 cum
2690 1592 2980 1655 scriberet,
3010 1592 3445 1663 quadringentos

1873 1696 2047 1736 annos
2072 1695 2104 1735 a
2130 1680 2474 1751 dispersione
2504 1682 2693 1751 populi
2718 1682 2929 1738 Judaici
2954 1698 3111 1752 ;qu:e
3143 1697 3268 1737 eum
3295 1682 3443 1737 acci-

1803 1743 1847 1803 Β
1875 1771 2016 1827 derit
2045 1785 2191 1827 anno
2215 1743 2420 1826 hbristi
2448 1743 2521 1827 7'2-
2549 1743 2852 1828 secundum
2892 1743 3115 1829 Baronii
3155 1772 3449 1828 chronolo-

1873 1861 2037 1932 giam,
2092 1877 2290 1932 nempe
2337 1872 2462 1933 post
2515 1872 2779 1918 vastatam
2812 1878 2842 1919 a
2886 1864 3146 1919 Romanis
3173 1864 3442 1927 Iudaeam,

1872 1954 2223 2024 cxcisamque
2250 1953 3232 2027 Hierosolymam,oportetscripsisse
3262 1954 3445 2011 Theo—

1877 2047 2130 2101 doretum
2163 2062 2307 2102 anno
2338 2047 2468 2109 ΗΞ.

1942 2136 2083 2191 XXI.
2123 2138 2317 2193 Verum
2350 2138 2669 2203 Marcellini,
2690 2137 2869 2203 Bedaa,
2894 2137 3100 2194 Adonis
3124 2148 3182 2194 et
3220 2138 3447 2195 Frecul-

1876 2226 1970 2297 phi
1991 2227 2294 2283 auctoritas
2322 2243 2430 2283 non
2463 2237 2549 2283 est
2578 2228 2683 2283 alia
2711 2229 2815 2284 hac
2854 2229 2909 2283 in
2943 2237 3100 2300 parte
3129 2245 3293 2299 quam
3324 2243 3450 2299 quat

1873 2318 2165 2385 Gennadii,
2215 2320 2372 2391 cujus
2416 2334 2609 2376 omnes
2657 2321 2828 2376 verba
2875 2321 3308 2392 descripserunt,
3353 2322 3449 2377 alii

1876 2411 2219 2481 simpliciter,
2254 2411 2345 2466 alii
2371 2411 2574 2467 additis
2605 2411 2675 2467 de
2702 2426 2805 2468 suo
2823 2411 3131 2477 erroribus,
3174 2419 3256 2476 ut,
3298 2411 3447 2482 quod

1877 2500 2126 2558 floruerit
2150 2503 2255 2557 sub
2288 2504 2491 2566 Leone,
2514 2518 2638 2557 cum
2670 2503 2774 2558 sub
2805 2517 2871 2559 eo
2912 2510 3189 2559 mortuum
3233 2502 3451 2558 Genna-

1877 2594 2002 2649 dius
2023 2594 2249 2649 scribat.
2278 2593 2546 2650 Gennadii
2581 2609 2748 2664 porro
2775 2594 3078 2650 auctoritas
3126 2594 3278 2649 nulla
3325 2602 3446 2649 est:

1877 2687 2141 2757 deceptus
2169 2687 2318 2741 enim
2354 2685 2408 2740 in
2434 2701 2501 2742 eo
2529 2685 2653 2750 fuit,
2681 2684 2828 2756 quod
2859 2684 2928 2740 de
2951 2685 3179 2740 historia
3205 2684 3453 2739 Theodo-

1877 2779 1983 2835 reti
2024 2778 2224 2834 litteris
2267 2777 2577 2841 mandavit,
2623 2787 2684 2833 ut
2727 2786 2914 2847 postea
2955 2775 3447 2832 demonstrabitur.

1877 2871 1997 2926 1am
2022 2885 2153 2926 vero
2181 2869 2562 2926 Theodoretus
2587 2869 2643 2925 iu
2665 2869 3009 2939 expositione
3039 2867 3450 2924 Deuteronomii

1881 2961 2315 3032 quadringentos
2342 2976 2516 3016 annos
2544 2960 2682 3015 dixit
2738 2960 2971 3030 integro.
3026 2966 3087 3014 ut
3129 2961 3301 3015 moris
3342 2969 3448 3023 est,

1878 3067 2144 3117 numero,
2205 3067 2330 3106 cum
2378 3052 2635 3106 deessent
2678 3051 2806 3106 anni
2855 3050 3121 3105 duntaxat
3173 3051 3451 3105 sexdecim

1880 3152 1977 3198 aut
2001 3143 2419 3213 septemdecim,
2456 3158 2559 3197 nec
2582 3142 2883 3212 pertineret
2910 3141 2979 3195 ad
3016 3156 3131 3196 rem
3176 3150 3322 3196 tanta
3350 3157 3453 3196 nu-

1884 3235 2132 3290 merandi
2160 3233 2437 3306 ἀκριὸεια,
2466 3241 2527 3288 ιιι
2551 3248 2652 3289 suo
2686 3232 2809 3287 loco
2834 3231 3136 3286 videbitur.

2099 3370 2113 3389 ‘
2141 3366 2168 3436 §
2196 3366 2261 3423 Il.
2281 3367 2320 3422 Α
2354 3383 2455 3438 quo
2484 3366 2832 3422 Theodoretus
2865 3366 3145 3421 ordinatus
3171 3366 3259 3420 sit.

1954 3506 1995 3560 l.
2024 3504 2354 3572 Quaastionis
2386 3503 2588 3558 solutio
2634 3502 2908 3572 dependet
2948 3518 3015 3558 ex
3047 3510 3290 3573 tempore
3345 3517 3457 3572 quo

1883 3595 1971 3650 vel
2006 3593 2343 3658 Theodotus,
2363 3593 2451 3647 vel
2481 3592 2788 3647 Alexander
2816 3591 3084 3647 Theodoti
3131 3606 3453 3661 praecessor.

1887 3686 2286 3742 Antiochenam
2318 3684 2621 3740 Ecclesiam
2652 3684 2810 3739 rexit.
2848 3683 2905 3738 Si
2943 3684 3090 3738 enim
3138 3683 3459 3739 Theodotus

1885 3785 2123 3848 quatuor
2152 3786 2361 3832 tantum
2393 3791 2566 3831 annos
2590 3777 2750 3839 sedit,
2787 3775 2931 3846 quod
2963 3776 3078 3830 vult
3117 3775 3462 3845 Nicephorus

1886 3868 2532 3937 ConstantinOpolitanus
2568 3866 2622 3920 in
2645 3866 2901 3936 Catalogo
2936 3867 3317 3936 episcoporqu
3346 3865 3454 3919 An-

1891 3961 2297 4023 tiochenorum,
2344 3967 2565 4028 oportet
2615 3957 3024 4013 Theodoretum
3056 3956 3125 4011 ab
3151 3956 3459 4011 Alexandro

1886 4051 2200 4106 ordinatum
2227 4064 2347 4103 esse
2373 4065 2388 4115 ;
2425 4047 2699 4117 siquidem
2733 4046 2894 4117 252
2925 4047 3284 4102 ordinationis
3316 4056 3458 4101 tem-

1894 4157 2000 4212 pus
2022 4156 2052 4194 a
2080 4139 2261 4204 nobis,
2281 4147 2343 4192 ut
2368 4145 2605 4208 oportet,
2636 4139 2994 4193 constitutum
3019 4146 3131 4193 est;
3158 4138 3241 4192 sin
3275 4151 3458 4193 autem

1888 4230 2205 4287 Theodotus
2253 4229 2529 4284 sexdecim
2582 4244 2757 4284 annos
2802 4230 2988 4284 sedem
3020 4232 3280 4293 tenuerit,
3309 4231 3456 4300 quod

1887 4325 2007 4379 vult
2060 4322 2350 4385 Baronius,
2400 4320 2504 4374 fuit
2552 4330 2700 4375 certe
2753 4321 3083 4376 Theodoreti
3149 4322 3454 4378 ordinator.

1817 4414 2144 4481 DQuaestio,
2172 4428 2292 4466 mea
2321 4410 2544 4481 quidem
2587 4410 2878 4473 sententia,
2925 4410 3081 4465 facile
3127 4410 3307 4464 decidi
3361 4427 3457 4481 po-

1889 4512 2013 4561 test.
2704 4558 2714 4567 ,

1955 4595 2020 4649 ΙΙ.
2046 4594 2271 4650 Certum
2304 4593 2450 4647 enim
2495 4600 2580 4647 est
2623 4590 2824 4661 primo,
2876 4591 3179 4661 Porphyrio
3229 4593 3461 4646 Alexan-

1887 4688 2068 4748 drum,
2103 4683 2414 4740 Alexaudro
2456 4683 2801 4738 Theodotum
2850 4682 3207 4745 successisse;
3246 4691 3457 4736 certum

1887 4794 2105 4849 quoque
2156 4775 2522 4847 Porphyrium
2562 4790 2707 4828 anno
2739 4772 2842 4826 408
2866 4814 2880 4836 ,
2935 4772 3281 4827 Theodotum
3314 4789 3459 4827 anno

1889 4871 1990 4926 427
2031 4870 2350 4924 defunctum
2377 4882 2533 4922 esse:
2575 4882 2745 4934 quare
2776 4865 3154 4928 novemdccim
3188 4880 3459 4919 annorum

1887 4963 2122 5034 spatium
2181 4959 2477 5016 Alexandri
2531 4966 2588 5013 et
2638 4956 2905 5012 Theodoti
2944 4957 3061 5012 sedi
3112 4957 3461 5027 partiendum

1888 5063 1991 5109 est.
2020 5053 2157 5109 Cum
2193 5068 2326 5122 ergo
2372 5050 2631 5120 opinetur
2672 5050 2940 5105 Baronius
2982 5050 3323 5106 Theodotum
3372 5066 3460 5103 se-

1891 5145 2035 5200 disse
2066 5141 2342 5199 sexdecim
2374 5153 2567 5203 annos,
2598 5146 2710 5195 tres
2735 5147 2944 5195 tantum
2974 5141 3284 5196 Alexandro
3324 5139 3458 5193 reli-

1892 5237 2042 5306 quit:
2070 5241 2264 5290 contra
2285 5247 2417 5287 vero
2439 5230 3454 5302 NicephorusConstantinopolitanus,

1892 5343 2016 5383 cum
2047 5324 2334 5381 Theodoto
2364 5328 2601 5392 quatuor
2627 5320 2891 5376 duntaxat
2919 5338 3092 5375 annos
3120 5321 3343 5384 tribuat,
3365 5333 3463 5375 ηε·-

1895 5433 2047 5473 cosse
2070 5427 2155 5473 est
2184 5424 2245 5470 ut
2269 5409 2579 5469 Alexandro
2612 5412 2873 5468 tredecim
2903 5412 3159 5482 assignet,

1560 5574 1883 5631 SCHULZIl
1917 5574 2148 5630 ΝΟΤᾹΞ.

298 5735 318 5766 ο
338 5734 458 5791 γίά,
490 5746 682 5802 supra,
709 5744 763 5798 ιι.
803 5728 921 5783 135.
1001 5726 1041 5756 ¹⁰
1076 5723 1200 5779 Vid.
1229 5738 1414 5791 supra,
1440 5738 1495 5791 p.
1522 5720 1643 5776 9.07.

530 5828 811 5889 PATROL.
860 5823 971 5883 Gn.
1034 5817 1341 5881 LXXXIV.
