3926 6216
414 295 520 360 2113

1524 288 1898 353 GARNERII
1939 292 2431 353 DISSERTATIO
2464 295 2545 353 il.

3557 300 3667 363 9H

481 409 570 463 lll.
607 408 664 461 lu
719 420 870 459 suam
913 407 1228 477 opinionem
1272 404 1536 459 Baronius
1590 403 1861 457 abductus
1898 411 1983 456 est
2015 411 2056 463 Α
2087 402 2506 472 septuagenario
2533 404 2692 474 Iunge
2729 405 2920 476 major,
2951 405 3163 459 litteras
3193 421 3223 460 a
3270 406 3475 477 Cyrillo
3506 409 3669 464 datas

421 496 629 553 mutuis
674 497 840 551 Attici
883 497 950 551 ad
997 496 1259 567 Cyrillum
1281 534 1294 558 ,
1326 503 1381 547 et
1410 493 1597 563 Cyrilli
1635 487 1708 547 ad
1739 493 1981 547 Atticum

417 588 641 653 litteris,
685 603 821 658 quas
856 588 1201 657 Nicephorus
1243 585 1502 641 Callistus
1541 584 1710 639 refert
1749 604 1760 637 :
1804 585 1861 640 in
1892 583 1985 639 'iis

416 680 565 734 enim
584 680 805 735 videtur
831 679 1039 733 mentio
1071 677 1188 732 fieri
1214 676 1509 731 Alexandri
1534 676 1684 730 velut
1715 675 1982 741 defuncti,

416 785 471 827 et
491 770 759 827 Theodoti
786 779 1042 839 tanquam
1059 767 1312 823 viventis.
1334 766 1473 822 Cum
1492 781 1621 837 ergo
1642 767 1742 822 has
1770 767 1985 822 litteras

418 862 682 917 Baronius
713 861 947 931 scriptas
966 868 1124 930 putet
1147 874 1293 915 anno
1322 860 1447 924 412,
1480 874 1591 930 quo
1622 874 1768 913 anno
1789 859 1983 914 sedere

415 954 584 1024 capit
626 953 881 1025 Cyrillus,
939 966 1164 1007 necesse
1214 960 1301 1006 est
1344 959 1406 1005 ut
1446 951 1792 1006 Theodotum
1837 950 1985 1005 dicat

417 1057 543 1100 ante
583 1043 845 1115 Cyrillum
880 1058 989 1098 uno
1042 1044 1236 1097 saltem
1278 1058 1425 1098 anno
1460 1042 1692 1108 sedisse,
1721 1050 1884 1111 atque
1909 1043 1983 1096 ita

415 1134 687 1189 sexdecim
714 1148 891 1188 annos
928 1132 1285 1187 Antiochena
1314 1132 1575 1188 Ecclesia
1594 1130 1897 1202 prafuisse,
1928 1141 1984 1186 et

412 1225 648 1296 proinde
676 1233 791 1280 tres
814 1231 1026 1278 tantum
1050 1223 1443 1278 Alexandrum.

476 1317 567 1371 IV.
615 1316 677 1372 Si
717 1315 1126 1370 Theodoretum
1171 1314 1548 1385 Cyrillumque
1605 1311 1881 1373 audimus,
1925 1319 1984 1366 ut

411 1416 562 1463 certe
604 1423 699 1477 par
740 1416 847 1469 est,
895 1406 1209 1461 refellemus
1235 1405 1412 1475 primo
1443 1403 1811 1473 Nicephorum
1833 1401 1980 1456 Con-

296 1532 309 1537 ~
410 1495 985 1567 stantinopolitanum,
1038 1501 1276 1564 quatuor
1323 1500 1537 1546 tantum
1592 1504 1765 1544 annos
1797 1487 1982 1542 Theo-

411 1588 543 1643 doto
570 1588 876 1643 tradentem
904 1604 920 1640 :
957 1586 1336 1641 Theodoretus
1367 1584 1515 1639 enim
1545 1598 1639 1638 sex
1674 1597 1848 1637 annos
1877 1581 1986 1636 sal-

412 1691 521 1736 tem
556 1680 840 1735 Theodoto
865 1678 1124 1749 assignat,
1155 1691 1278 1731 cum
1328 1676 1432 1730 sub
1463 1690 1531 1729 eo
1572 1690 1669 1729 sex
1719 1687 1777 1728 se
1814 1687 1987 1727 annos

2085 506 2204 545 esse
2234 501 2452 561 oportet
2469 508 2615 548 anno
2631 493 2852 549 circiter
2872 495 2998 559 419,
3023 511 3132 565 quo
3156 505 3400 565 tempore
3429 497 3671 552 Aeacius

2084 587 2205 632 erat
2220 578 2334 633 fere
2353 581 2770 649 oetogenarius;
2803 582 2882 638 sic
2903 584 3051 637 enim
3075 585 3346 640 astimare
3365 601 3673 655 possumus

2087 668 2259 735 ipsius
2279 668 2466 724 vitam.

2156 760 2247 813 IX.
2276 760 2574 818 Ordinatus
2609 771 2693 819 est
2721 765 2790 820 ab
2818 765 3060 823 Eusebio
3096 767 3490 835 Samosatensi,
3530 787 3668 844 syn—

2086 852 2177 906 odi
2239 854 2595 911 Antioehena
2631 857 2832 928 legato,
2863 873 3007 914 anno
3031 861 3156 926 378,
3197 869 3293 916 aut
3328 864 3512 933 potius
3534 864 3671 926 579,

2087 952 2378 1014 postquam
2406 957 2462 1001 et
2491 963 2549 1003 se
2580 952 2880 1006 monastica
2908 953 3018 1008 vita
3066 952 3160 1007 diu
3206 955 3567 1021 exercuisset,
3608 967 3676 1009 et

2088 1050 2203 1089 rem
2271 1037 2600 1092 catholicam
2659 1040 2923 1098 adversus
2979 1043 3211 1098 Arianos
3262 1046 3479 1116 egregie
3536 1061 3674 1102 cum

2086 1127 2396 1183 sanctitatis
2437 1130 2572 1185 viris
2599 1135 2987 1201 promovisset.
3064 1135 3195 1190 Erat
3228 1135 3396 1206 igitur
3423 1138 3677 1208 quadra-

2085 1218 2236 1289 ginta
2267 1221 2459 1275 saltem
2499 1238 2672 1278 annos
2700 1234 2881 1290 natus,
2915 1243 3038 1281 eum
3085 1228 3374 1283 ordinatus
3401 1237 3517 1296 est;
3561 1229 3676 1285 fuit

2087 1309 2237 1364 enim
2298 1311 2390 1366 diu
2427 1315 2733 1387 presbyter,
2789 1327 3083 1388 antequam
3124 1321 3416 1391 episcopus
3473 1339 3487 1374 :
3535 1336 3670 1393 qua

2085 1399 2233 1455 enim
2258 1402 2437 1457 minor
2483 1413 2616 1460 atas
2672 1408 2840 1463 tantis
2887 1408 3054 1464 rebus
3104 1426 3205 1481 par
3251 1412 3432 1467 esset?
3481 1412 3674 1479 Quare

2088 1507 2233 1550 anno
2260 1497 2363 1551 419
2385 1497 2475 1552 vix
2500 1503 2854 1571 octogenario
2894 1504 3075 1559 minor
3123 1504 3249 1570 fuit,
3282 1513 3524 1577 tuncque
3554 1505 3671 1560 dici

2086 1589 2267 1658 potuit
2311 1590 2379 1645 ad
2410 1600 2714 1648 extremam
2768 1604 3107 1651 senectutem
3159 1599 3497 1668 pervenisse.
3526 1597 3675 1669 Opi-

2087 1695 2192 1733 nor
2208 1680 2376 1752 igitur
2404 1683 2618 1740 litteras
2640 1685 2828 1758 Cyrilli
2860 1703 2891 1742 a
2925 1689 3237 1759 Nipephoro
3281 1689 3508 1746 Callisto
3531 1707 3673 1762 pro-

412 1773 665 1829 docuisse
704 1770 1010 1827 Antiochia
1046 1769 1248 1825 referat
1302 1769 1357 1823 in
1405 1767 1603 1822 litteris
1644 1765 1711 1821 ad
1751 1765 1980 1820 Diosco-
2017 1756 2057 1814 Β
2087 1771 2247 1839 latas,
2276 1774 2293 1794 ⁶
2328 1775 2605 1845 pertinere
2637 1756 2704 1833 ad
2755 1795 2960 1834 annum
3007 1756 3228 1837 circiter
3261 1782 3386 1847 420,
3426 1756 3677 1839 mentio-

414 1881 555 1920 rum.

480 1957 546 2012 ν.
580 1953 912 2009 Refellemus
956 1952 1156 2009 deinde
1197 1951 1514 2015 Baronium,
1547 1958 1768 2005 mutuas
1813 1947 1981 2004 Attici

409 2057 466 2103 et
485 2045 670 2120 Cyrilli
694 2044 926 2111 litteras,
956 2047 1013 2100 in
1031 2045 1233 2116 quibus
1256 2043 1318 2098 fit
1336 2043 1544 2097 mentio
1573 2041 1849 2097 Theodoti
1867 2042 1979 2112 jam

411 2138 674 2205 sedentis,
707 2138 1025 2209 opinantem
1064 2136 1222 2191 datas
1252 2150 1397 2190 anno
1429 2134 1554 2200 412,
1596 2149 1707 2204 quo
1743 2132 1981 2204 Cyrillus

410 2232 695 2287 ordinatus
733 2238 818 2285 est
854 2246 867 2282 :
914 2229 1203 2283 ruinosum
1247 2227 1393 2282 enim
1441 2235 1525 2282 est
1558 2226 1979 2282 fundamentum

411 2337 521 2394 quo
547 2330 658 2375 tota
688 2319 861 2390 ipsius
901 2317 969 2373 de
995 2317 1153 2371 annis
1184 2315 1453 2370 Theodoti
1480 2314 1666 2384 opinio
1705 2313 1979 2368 innititur.

410 2414 545 2469 Nam
597 2410 979 2465 Theodoretus
1011 2408 1175 2463 docet
1207 2405 1579 2462 Alexandrum
1624 2403 1983 2458 Antiochena

411 2502 671 2559 Ecclesia
700 2502 883 2570 aliquo
895 2508 1160 2569 tempore,
1180 2512 1294 2567 quo
1324 2496 1561 2568 Cyrillus
1583 2494 1979 2558 Alexandrina,

411 2595 696 2667 prafuisse
742 2612 754 2647 :
808 2611 826 2644 ι
885 2593 965 2646 Eo
1018 2598 1263 2660 tempore
1300 2587 1645 2642 Alexandria
1689 2585 1982 2656 episcopus

410 2687 647 2759 Cyrillus
669 2683 1104 2754 erat,Theophili
1130 2682 1316 2737 fratris
1340 2679 1502 2743 ﬁlius,
1517 2678 1700 2750 patrui
1719 2678 1773 2731 in
1791 2676 1983 2732 cathe-

411 2776 510 2830 dra
540 2788 842 2831 successor.
879 2772 1382 2844 llierosolymitana
1408 2784 1537 2824 vero
1565 2767 1823 2824 Ecclesia
1840 2781 1979 2838 pra-

411 2879 531 2924 erat
553 2869 790 2924 Joannes
813 2866 897 2921 vir
925 2865 1237 2930 laudabilis,
1260 2864 1355 2935 qui
1388 2862 1591 2936 Cyrillo
1619 2871 1978 2917 successerat.

411 2960 784 3015 Antiochenos
803 2958 1062 3029 pascebat
1080 2955 1403 3018 Alexander,
1422 2956 1579 3027 cujus
1605 2954 1729 3007 vita
1756 2953 1980 3007 institu-

410 3053 490 3106 tio
514 3050 853 3121 episeopatui
878 3047 1218 3120 congruebat
1237 3048 1332 3101 υ.)
1359 3046 1611 3102 Nondum
1647 3044 1814 3115 igitur
1836 3057 1981 3097 anno

409 3145 515 3200 412
548 3144 865 3199 Theodotus
914 3151 1036 3198 erat
1072 3140 1385 3211 episcOpus,
1426 3137 1630 3208 alioqui
1682 3136 1987 3190 Alexander

2088 1878 2323 1935 nemque
2346 1865 2403 1919 in
2428 1866 2497 1922 iis
2524 1865 2643 1923 fieri
2661 1868 2954 1934 Theodoti,
2976 1870 3088 1942 jam
3113 1885 3283 1926 unum
3306 1880 3401 1926 aut
3424 1873 3674 1928 alterum

2089 1966 2293 2007 annum
2325 1954 2382 2009 in
2408 1955 2724 2027 episcopatu
2763 1958 2991 2029 agentis.

2160 2044 2227 2099 X.
2259 2044 2549 2102 Stabilitur
2589 2048 2777 2105 isthac
2806 2050 2992 2119 opinio
3050 2050 3374 2106 auctoritate
3403 2051 3679 2108 Theodo-

2089 2135 2213 2199 reti,
2244 2137 2520 2193 narrantis
2543 2138 2675 2209 quid
2696 2141 2860 2210 paulo
2881 2150 3004 2197 ante
3033 2152 3264 2199 mortem
3286 2144 3679 2200 sanctissimus

2089 2227 2394 2282 monachus
2440 2228 2588 2285 Zeno
2639 2232 2812 2301 egerit
2864 2248 2988 2288 cum
3032 2233 3342 2290 Alexandro
3405 2236 3679 2307 episeopo

2088 2310 2437 2382 Antiochia;
2492 2315 2548 2370 id
2598 2320 2742 2373 enim
2793 2337 2901 2375 non
2951 2323 3386 2394 improbabiliter
3433 2327 3679 2398 contigit

2088 2403 2275 2472 plures
2312 2414 2435 2475 post
2459 2421 2652 2476 annos,
2677 2426 2841 2480 quam
2869 2413 3141 2470 Zenonem
3175 2416 3554 2474 Theodoretus
3586 2419 3678 2474 in-

2089 2495 2248 2561 visit;
2279 2498 2466 2554 invisit
2481 2515 2611 2556 vero
2639 2517 2783 2558 anno
2808 2504 2931 2560 408.

2160 2589 2253 2645 XI.
2302 2591 2533 2648 Accedit
2577 2595 2726 2651 aliud
2770 2598 3047 2668 opinionis
3108 2599 3522 2657 fundamentum
3599 2619 3678 2657 ex

2088 2680 2289 2737 litteris
2324 2684 2489 2740 Attici
2519 2685 2587 2741 ad
2637 2686 2921 2759 Cyrillum,
2974 2705 3041 2744 ex
3088 2691 3288 2761 quibus
3345 2693 3491 2748 idem
3529 2694 3678 2747 satis

2089 2781 2278 2840 aperte
2303 2775 2657 2831 concluditur
2707 2795 2721 2831 :
2768 2780 2935 2834 refert
2962 2780 3110 2835 enim
3165 2781 3379 2838 Atticus
3413 2798 3493 2850 se,
3532 2799 3672 2839 cum

2089 2864 2352 2932 populum
2384 2867 2541 2922 urbis
2586 2869 2748 2940 regia
2776 2872 3108 2926 commoveri
3150 2882 3423 2940 cerneret,
3453 2876 3676 2930 tumul-

2089 2961 2260 3023 tuque
2293 2955 2590 3028 efﬂagitare
2633 2968 2693 3014 ut
2723 2961 2893 3017 sacris
2918 2962 3189 3034 diptychis
3217 2979 3414 3020 nomen
3436 2965 3678 3022 Joannis

2087 3044 2506 3113 inscriberetur,
2543 3049 2930 3120 imperatorem
2962 3052 3188 3117 adiisse,
3213 3063 3276 3107 ut
3304 3068 3371 3108 ex
3398 3069 3464 3109 eo
3487 3055 3677 3110 resei-

2090 3146 2174 3193 ret
2228 3138 2361 3208 quid
2404 3138 2549 3196 facto
2593 3152 2741 3198 esset
2790 3159 2959 3214 opus;
3025 3154 3081 3200 et
3130 3145 3516 3216 imperatorem
3569 3164 3676 3204 re-

410 3253 520 3292 non
542 3243 687 3291 esset
720 3235 1046 3299 reccnsitus,
1081 3232 1178 3287 sed
1204 3231 1528 3287 Theodotus
1558 3247 1572 3285 :
1603 3244 1772 3301 quare
1806 3227 1988 3283 detra-
2087 3229 2393 3298 Spondisse,
2427 3251 2443 3282 ι
2481 3233 2620 3287 nihil
2666 3249 2788 3289 esse
2827 3236 3057 3306 periculi
3106 3248 3199 3294 aut
3227 3237 3582 3303 incommodi,
3620 3241 3676 3294 si

411 3327 627 3383 hendus
653 3338 736 3380 est
767 3341 909 3379 unus
938 3334 1032 3379 aut
1061 3324 1200 3378 alter
1234 3324 1431 3379 saltem
1472 3335 1653 3375 annus
1676 3335 1745 3373 ex
1768 3332 1986 3374 summa

409 3417 647 3482 Baronii,
672 3432 778 3487 qua
808 3416 1147 3470 detractione
1174 3413 1505 3469 discoharet
1555 3411 1731 3482 ipsius
1758 3409 1979 3465 ratioci-

410 3512 583 3565 nium.

471 3604 559 3659 Vl.
600 3603 675 3656 Ex
701 3601 895 3657 eodem
926 3600 1049 3655 loco
1082 3596 1401 3662 conﬁcitur,
1442 3597 1651 3667 aliquot
1675 3597 1856 3653 adhuc
1883 3598 1983 3653 de-

410 3695 711 3753 trahendos
762 3711 777 3747 :
835 3709 960 3747 nam
1004 3690 1324 3745 Theodotus
1361 3704 1472 3743 non
1524 3688 1727 3743 dicitur
1775 3689 1982 3745 sedisse

409 3787 602 3843 eodem
640 3793 888 3854 tempore
907 3780 1232 3844 Antiochia,
1263 3794 1373 3850 quo
1405 3777 1644 3834 Joannes
1668 3776 1983 3851 Hierosoly-

410 3881 514 3935 mis
543 3897 557 3932 :
591 3878 784 3934 sedere
827 3875 994 3947 igitur
1030 3873 1218 3943 capit,
1249 3879 1308 3925 ut
1330 3856 1503 3941 Aquam
1532 3871 1807 3935 ocissime,
1837 3887 1982 3927 anno

412 3970 513 4025 416
530 3971 639 4039 jam
669 3968 885 4022 affecto.
919 3962 1374 4033 Quandoquidem
1415 3961 1655 4015 Joannes
1687 3960 1981 4016 defunctus

408 4071 492 4117 est
521 4060 713 4115 eodem
758 4057 917 4128 253
959 4056 1080 4126 ipso
1138 4069 1283 4109 anno
1311 4052 1416 4108 416
1444 4092 1459 4119 ,
1490 4052 1817 4108 detrahendi
1851 4059 1981 4107 sunt

410 4152 575 4223 Igitur
611 4158 719 4203 tres
745 4147 926 4202 adhuc
948 4146 1100 4200 anni.

480 4243 587 4298 V’ll.
616 4241 820 4297 Verum
844 4236 1215 4294 detrahendos
1240 4236 1407 4291 etiam
1439 4234 1628 4305 plures
1669 4233 1864 4289 suadet
1892 4234 1977 4304 ip-

408 4344 582 4391 semet
612 4333 868 4404 Cyrillus,
904 4330 999 4401 qui
1029 4337 1182 4393 tunc,
1218 4343 1342 4383 cum
1373 4327 1644 4382 scriberet
1668 4326 1869 4391 Attico,
1908 4326 1975 4380 ad

2087 3320 2332 3376 defuncti
2359 3322 2466 3377 viri
2488 3339 2711 3390 nomen,
2746 3328 3177 3397 tranquillitatis,
3209 3328 3357 3399 pacis
3382 3337 3438 3385 et
3470 3330 3673 3400 populi

2086 3412 2393 3468 concordia
2423 3415 2617 3484 gratia,
2646 3416 2848 3472 tabulis
2879 3419 3295 3473 inscriberetur.
3331 3439 3349 3471 ι
3386 3420 3455 3475 At
3487 3420 3532 3475 si
3558 3421 3670 3475 da-

2088 3511 2359 3559 taessent
2403 3505 2600 3561 littera
2645 3523 2790 3562 anno
2829 3510 3007 3579 primo
3034 3508 3244 3583 Cyrilli,
3296 3511 3351 3566 id
3399 3520 3484 3569 est
3511 3528 3673 3567 anno

2083 3593 2209 3661 412,
2265 3594 2547 3650 fatendum
2596 3606 2742 3653 esset
2771 3600 2947 3662 datas.
2990 3617 3113 3657 cum
3167 3603 3258 3657 vix
3301 3602 3665 3657 undecimum

2084 3701 2288 3739 annum
2336 3687 2607 3758 attigisset
2649 3689 2971 3760 imperator,
3009 3708 3115 3762 qua
3172 3701 3333 3764 atate
3390 3709 3527 3764 puer
3555 3708 3670 3748 nec

2083 3773 2294 3827 consuli
2319 3774 2478 3840 solet,
2503 3791 2607 3832 nec
2630 3777 2697 3833 de
2717 3778 2882 3834 rebus
2912 3760 3078 3835 tantis
3100 3760 3450 3851 reSpondere.
3473 3784 3670 3839 Potuit

2081 3878 2214 3918 vero
2235 3863 2579 3922 Theodosius
2603 3875 2661 3923 et
2691 3871 2902 3924 consuli
2935 3879 2991 3926 et
3012 3872 3368 3943 respondere,
3402 3873 3565 3946 254
3607 3873 3660 3929 si

2080 3958 2409 4013 sententiam
2442 3968 2666 4031 rogatus
2687 3969 2772 4016 est
2794 3977 2940 4017 anno
2991 3962 3112 4030 420,
3140 3962 3342 4034 quippe
3384 3964 3478 4034 qui
3524 3973 3667 4021 tunc

2079 4055 2225 4101 esset
2252 4049 2629 4106 novemdecim
2657 4066 2944 4107 annorum.

2149 4137 2268 4193 XII.
2294 4138 2436 4206 Quin
2465 4140 2633 4195 etiam
2665 4141 2876 4199 Atticus
2904 4143 2976 4198 ita
3024 4155 3213 4202 narrat
3255 4144 3552 4201 Alexandri
3599 4147 3665 4204 in

2080 4229 2216 4284 urbe
2252 4231 2420 4309 regia,
2453 4232 2794 4289 etTlteodoti
2834 4235 2888 4289 in
2912 4235 3254 4292 Antiochena
3276 4237 3521 4301 civitate,
3551 4254 3663 4309 pro

2075 4318 2284 4375 Joanne
2312 4319 2702 4392 Chrysostomo
2734 4324 2788 4378 in
2828 4325 3039 4381 tabulas
3072 4327 3473 4383 ecclesiasticas
3508 4328 3664 4384 inter

408 4434 705 4481 extremam
739 4430 1078 4478 senectutem
1124 4419 1439 4490 pervenisse
1472 4417 1664 4473 scribit
1716 4416 1973 4472 Acacium
2010 4439 2050 4493 υ
2079 4411 2370 4482 episcopos
2403 4412 2712 4481 referendo,
2742 4431 2831 4471 res
2865 4426 3064 4487 gestas,
3091 4428 3151 4472 ut
3184 4419 3406 4490 longum
3438 4429 3665 4490 tempus

408 4518 751 4572 Beroeensem
774 4512 1116 4584 episcopum.
1150 4530 1167 4561 ‹
1194 4508 1415 4578 Accepi,
1439 4508 1537 4574 ait,
1566 4515 1623 4562 et
1641 4522 1749 4576 ego
1774 4523 1804 4562 a
1860 4507 1974 4562 Deo

406 4607 802 4670 amantissimo,
835 4603 928 4675 qui
951 4602 1018 4657 ad
1042 4611 1340 4657 extremam
1366 4607 1701 4655 senectutem
1728 4598 1979 4669 pervenit

408 4698 658 4761 feliciter,
688 4695 909 4757 Acacio,
940 4694 1174 4756 litteras,
1209 4692 1261 4746 in
1287 4691 1490 4761 quibus
1524 4698 1818 4749 asseverat.
1851 4691 1980 4744 reli-

405 4786 770 4855 giosissimum
804 4782 1108 4840 Antiochia
1146 4780 1448 4836 antistitem
1483 4778 1537 4832 vi
1560 4788 1809 4833 coactum
1855 4794 1977 4833 esse

406 4897 434 4934 a
468 4877 819 4949 quibusdam,
850 4883 913 4929 ut
944 4874 1169 4930 Joannis
1193 4870 1512 4926 memoriam
1541 4870 1844 4924 celebraret
1872 4871 1964 4922 η.»

408 4966 569 5037 Atqui
613 4966 658 5021 si
698 4965 977 5020 scribebat
1022 4977 1166 5018 anno
1194 4961 1318 5026 412,
1373 4961 1522 5015 nulla
1552 4960 1763 5015 ratione
1785 4960 1970 5016 dicere

407 5064 620 5127 poterat
641 5056 706 5110 ad
730 5063 1031 5109 extremam
1058 5062 1400 5109 senectutem
1446 5053 1763 5123 pervenisse
1818 5067 1968 5119 eum,

406 5149 497 5216 qui
537 5147 719 5202 adhuc
766 5144 960 5217 viginti
1006 5159 1100 5198 sex
1137 5158 1312 5198 annos
1340 5143 1715 5214 episcOpatum
1763 5143 1972 5199 tenuit:

406 5238 584 5292 tenuit
613 5251 744 5291 vero
777 5236 1029 5301 Aeacius,
1056 5241 1117 5289 ut
1142 5233 1236 5304 qui
1256 5234 1459 5289 obierit
1487 5250 1630 5290 anno
1653 5234 1777 5290 456.

479 5328 607 5382 VIII.
636 5327 774 5383 Cum
802 5340 933 5396 ergo
951 5335 1251 5382 extremam
1283 5332 1622 5380 senectutem
1656 5339 1822 5380 nemo
1847 5324 1976 5379 atti-

404 5418 548 5488 gisse
574 5418 680 5472 dici
706 5418 895 5480 soleat.
920 5417 1026 5473 nisi
1058 5416 1153 5487 qui
1175 5416 1248 5471 sit
1279 5417 1682 5487 octogenarius,
1713 5425 1808 5471 aut
1827 5424 1977 5472 certe

2078 4503 2222 4559 inter
2241 4505 2529 4574 utriusque
2541 4514 2661 4561 acta
2678 4507 3054 4565 intercessisse
3074 4512 3357 4567 ostendat:
3377 4515 3663 4582 quomodo

2076 4608 2209 4650 vero
2240 4596 2661 4662 intercessisset,
2702 4599 2748 4653 si
2772 4600 3080 4657 Alexander
3117 4619 3320 4673 paucos
3343 4620 3515 4660 annos
3534 4606 3664 4676 epi-

2078 4695 2363 4757 scopatum
2405 4690 2694 4755 tenuisset,
2737 4700 2794 4746 et
2825 4692 3143 4749 Theodotus
3183 4696 3293 4766 jam
3344 4705 3457 4751 tum
3504 4713 3662 4754 anno

2078 4779 2177 4834 411
2205 4780 2579 4847 successisset,
2618 4790 2674 4837 et
2707 4796 2772 4836 ea
2825 4784 3101 4854 gessisset,
3133 4802 3255 4856 qua
3304 4787 3519 4842 Atticus
3566 4803 3664 4844 re-

2079 4867 2221 4923 fert?

2150 4960 2290 5016 XIII.
2335 4960 2633 5018 Occasione
2672 4979 2840 5034 porro
2883 4965 3188 5020 litteratum
3250 4967 3415 5022 Attici
3462 4969 3663 5025 obser-

2077 5052 2315 5107 vandum
2372 5063 2457 5107 est
2522 5053 2706 5109 Acacii
2782 5055 3060 5127 ingenium
3141 5059 3370 5128 tempori
3439 5061 3660 5118 servire

2076 5152 2435 5214 promptum:
2485 5145 2681 5201 videns
2721 5147 2867 5200 enim
2910 5148 3277 5203 Alexandrum
3322 5166 3481 5205 suum
3537 5154 3662 5222 pri—

2074 5243 2297 5297 matem,
2324 5250 2448 5289 cum
2476 5252 2773 5306 rapessens
2809 5239 3185 5308 episcopatum
3235 5257 3346 5296 sua
3392 5241 3517 5297 ﬁdei
3552 5244 3663 5298 Iit-

2075 5335 2220 5381 teras
2253 5325 2480 5389 Romam
2525 5330 2594 5381 de.
2640 5343 2791 5382 more
2839 5328 3122 5395 mitteret,
3177 5332 3362 5388 favere
3426 5333 3656 5398 Joanni,

2077 5416 2244 5487 idque
2271 5432 2485 5473 summo
2517 5419 2761 5488 pontiﬁci
2794 5420 3004 5487 testari,
3024 5420 3177 5477 dedit
3210 5431 3265 5479 et
3290 5423 3404 5494 ipse
3456 5426 3525 5481 ad
3560 5425 3658 5481 ln-

1755 5572 2075 5630 SCHULZII
2112 5574 2342 5631 NOTAE.

475 5711 515 5745 “
541 5712 659 5769 Vid.
703 5712 842 5770 Hist.
881 5712 1010 5772 εδει.
1047 5712 1145 5771 lib.
1170 5727 1224 5781 v,
1256 5725 1377 5782 cap.
1410 5710 1499 5767 55.
1580 5711 1621 5743 ¹⁹
1646 5708 1767 5768 Vid.
1825 5708 2012 5782 Cyrilli
2052 5714 2214 5784 epist.
2256 5712 2322 5769 ad
2363 5710 2619 5768 Atticum.
