3926 6216
193 355 289 422 205

1343 366 1441 425 DE
1480 367 1737 427 LIBRIS
1764 368 2271 429 THEODORETI.

3322 371 3426 435 206

199 466 490 523 nocentium
524 482 726 538 papam
754 469 968 525 litteras
1012 470 1068 525 in
1111 473 1362 529 eamdem
1390 476 1720 531 sententiam
1742 517 1756 542 ,
1787 483 1834 539 Α
1863 493 1949 532 me
1972 493 2071 547 per
2114 478 2359 533 divinam
2392 479 2646 549 gratiam,
2694 487 2807 535 tum
2856 480 3156 550 apostolica
3201 484 3425 552 scripta,

201 572 492 627 quanquam
520 574 654 628 erga
694 559 1018 614 defunctum
1063 563 1248 618 animo
1298 562 1509 618 foveret
1543 565 1753 628 odium,

205 666 299 718 quo
328 652 493 719 patam
529 662 825 705 exarserat
853 653 907 706 in
931 653 1140 707 vivum.

787 783 1011 840 CAPUT
1052 784 1118 838 ll.

213 876 296 943 Qui
329 885 549 930 ceterum
617 878 943 948 scriptorum
1022 878 1379 931 recensuerint
1450 877 1756 932 Theodoreti

886 962 1065 1016 opera.

271 1059 477 1111 Veteres
502 1058 649 1122 dico,
694 1060 788 1129 qui
819 1069 944 1113 ante
989 1068 1238 1113 nostrum
1304 1068 1631 1131 patrumque
1658 1076 1753 1115 saa-

216 1152 368 1205 culmu
389 1152 728 1220 scripserunt
753 1170 766 1204 :
788 1151 1185 1221 scripserunt”
1202 1168 1353 1215 vero,
1370 1152 1514 1222 quod
1533 1152 1754 1223 quidem

217 1245 374 1302 sciam.
402 1244 498 1297 soli
524 1244 792 1313 quinque,
821 1243 1200 1299 Theodoretus
1221 1244 1336 1314 ipse
1365 1284 1380 1308 ,
1441 1243 1758 1301 Gennadius

217 1338 378 1404 quinto
406 1337 623 1398 sa-culo,
675 1334 908 1388 Photius
939 1350 1105 1398 nono,
1136 1333 1479 1404 Nicephorus
1502 1333 1758 1391 Callistus

218 1423 398 1477 decimo
428 1430 644 1491 quarto,
673 1422 1021 1478 Ilcbcd-Jesu
1042 1420 1259 1478 decimo
1278 1422 1493 1493 quinto.

747 1535 775 1605 ᾗ
801 1536 842 1590 1.
876 1535 917 1588 Τ
914 1535 1245 1589 lteodoretus.

273 1642 309 1695 1.
335 1643 523 1697 Texuit
548 1642 930 1697 Tlieodorctus
972 1657 1197 1698 suorum
1227 1643 1495 1698 librorum
1522 1655 1757 1715 quatuor

215 1732 262 1787 in
279 1735 400 1789 locis
423 1734 756 1803 eatalogum,
787 1732 949 1786 modo
974 1732 1321 1801 ampliorem,
1350 1733 1513 1789 modo
1534 1734 1754 1790 brevio-

1856 578 1971 623 tum
2024 571 2348 641 prophetica
2381 573 2604 627 oracula
2650 590 2664 627 :
2714 581 2771 626 et
2820 572 2980 630 facile
3015 582 3101 629 est
3123 591 3188 629 ex
3214 573 3302 630 his
3338 591 3428 631 co-
3503 621 3506 623 λ

1853 678 2117 731 gnoscere
2160 678 2228 717 an
2250 664 2500 718 stabilem
2529 664 2653 719 tidei
2678 665 2921 736 regulam
2947 666 3236 729 servarint,
3258 681 3328 720 an
3359 666 3429 720 ab

1854 753 1974 821 ejus
2008 752 2334 807 rectitudine
2364 754 2700 808 dellexerim.
2745 774 2762 806 ι

1925 844 2014 900 ιν.
2039 845 2215 913 Epist.
2252 846 2374 908 116,
2398 846 2465 900 ad
2493 847 2762 901 Renatum
2802 848 3224 918 presbyterum:
3265 866 3283 900 ι
3316 849 3430 903 Ro-

1854 950 2048 1006 gamus
2086 945 2148 989 ut
2170 936 2440 1006 judicium
2471 953 2537 991 ex
2565 938 2784 1008 scriptis
2820 939 3204 994 constituatur.
3234 939 3428 994 Libros

1855 1024 2001 1079 enim
2036 1025 2228 1095 scripsi
2272 1025 2508 1095 amplius
2565 1009 2788 1098 triginta
2820 1028 3086 1085 adversus
3136 1029 3330 1084 Arium
3373 1039 3425 1084 ct

1857 1115 2209 1179 Eunomium,
2236 1116 2502 1171 adversus
2535 1117 2889 1183 Mareionem,
2937 1118 3203 1174 adversus
3249 1119 3428 1175 Mace-

1856 1207 2103 1270 donium,
2125 1207 2391 1262 adversus
2411 1208 2662 1278 gentiles,
2690 1209 2954 1264 adversus
2990 1210 3208 1267 Iudaeos
3225 1227 3240 1277 ;
3259 1211 3430 1266 inter-

1856 1308 2103 1369 pretatus
2130 1315 2252 1354 sum
2299 1316 2519 1370 quoque
2553 1300 2795 1355 divinam
2836 1300 3173 1371 Scripturam
3203 1319 3218 1356 :
3259 1312 3317 1358 et
3353 1302 3431 1357 fa-

1857 1393 1963 1446 cile
1985 1400 2090 1456 est,
2114 1392 2161 1446 si
2185 1392 2310 1462 quis
2341 1394 2493 1457 velit,
2516 1394 2938 1464 deprehendere
2959 1408 3048 1450 me
3094 1409 3193 1463 per
3214 1403 3431 1463 aposto-

1856 1483 1963 1539 lica
1990 1482 2220 1554 vestigia
2243 1484 2554 1551 incessisse,
2596 1500 2766 1540 unum
2793 1484 3143 1555 praedicando
3171 1483 3423 1548 Filium,»

1855 1581 1966 1628 etc.

1930 1664 1994 1719 ν.
2022 1665 2267 1735 Epistola
2288 1665 2411 1730 145,
2442 1665 2512 1720 ad
2539 1666 2842 1723 monachos
2861 1665 3428 1737 Constantinopolita-

1856 1771 1958 1811 ηοξ
1984 1772 1999 1809 :
2029 1776 2046 1808 ι
2074 1756 2274 1822 Multae,
2324 1757 2526 1827 inquit,
2581 1758 2895 1813 auditorum
2937 1757 3214 1830 myriades
3268 1766 3436 1813 testes

210 1840 327 1879 κω·
350 1824 477 1920 ῙΑξεί
518 1824 595 1878 im
628 1834 758 1879 sum
781 1825 941 1920 alii“:
959 1821 1057 1920 382’
1086 1824 1155 1920 δξί
1201 1823 1502 1920 Eusebi“?
1522 1824 1761 1900 Ancyra”
1794 1839 1835 1894 Β
1862 1855 2011 1911 sunt,
2030 1862 2117 1901 me
2140 1821 2594 1918 Evangelicorum
2615 1849 2931 1920 dogmatum
2950 1821 3238 1905 veritatem
3259 1850 3434 1905 tradi-

203 1931 318 1969 num
338 1914 691 1985 epiScopum;
725 1917 889 1985 epist.
914 1906 1037 1983 11⁸5,
1071 1918 1139 1973 ad
1161 1926 1412 1972 sanctum
1458 1918 1699 1975 Leonem
1739 1936 1757 1986 ;

201 2002 344 2070 epist.
374 2002 494 2064 116.
517 2002 586 2057 ad
616 2003 891 2059 Benatum
922 2007 1326 2079 presbyterum,
1352 2013 1410 2060 et
1439 2007 1601 2076 epist.
1635 2008 1758 2077 145,

197 2092 260 2145 ad
288 2092 582 2147 monachos
604 2090 1260 2167 Constantinopolitanos.

260 2184 321 2238 11.
345 2185 405 2238 lu
427 2184 664 2255 epistola
696 2185 765 2240 ad
790 2186 1108 2254 Eusebium,
1133 2200 1258 2259 post
1278 2194 1580 2264 expositam
1605 2207 1759 2249 suam

195 2275 260 2332 de
302 2277 683 2333 incarnatione
741 2277 944 2343 ﬁdem,
994 2280 1112 2336 haec
1162 2282 1370 2339 habet:
1430 2304 1450 2337 ‹
1506 2286 1585 2341 Ne
1639 2286 1763 2357 quis

191 2370 454 2425 existimet
502 2377 652 2424 metu
702 2372 1021 2441 perculsum
1067 2389 1156 2428 me
1212 2375 1315 2430 ista
1356 2392 1504 2432 nunc
1550 2379 1757 2442 dicere,

193 2460 453 2530 integrum
470 2467 579 2523 est,
609 2461 700 2515 cui
730 2461 949 2516 animus
967 2461 1156 2527 fuerit,
1191 2464 1416 2536 antiqua
1441 2482 1607 2536 opera
1641 2483 1762 2523 mea

190 2552 453 2616 evolvere,
490 2560 607 2605 tum
639 2567 725 2615 ea,
756 2567 880 2621 quae
920 2562 1048 2609 ante
1090 2555 1361 2627 synodum
1407 2557 1760 2627 Ephesinam,

190 2650 298 2698 tum
325 2658 448 2712 quas
470 2650 599 2712 post
638 2642 787 2697 illam
844 2659 1066 2700 rursum
1112 2653 1241 2700 ante
1268 2646 1561 2702 duodecim
1590 2663 1763 2702 annos

188 2733 394 2803 scripsi.
424 2731 563 2799 Quae
586 2733 738 2788 enim
769 2733 868 2788 Dei
894 2735 1066 2804 gratia
1089 2746 1194 2799 est,
1213 2745 1270 2792 et
1301 2737 1602 2808 Prophetas
1646 2751 1764 2792 om-

187 2839 281 2879 nes
305 2825 722 2880 commentariis
740 2827 990 2897 exposui,
1012 2836 1069 2883 et
1096 2828 1421 2885 Psalterium
1443 2841 1499 2885 et
1527 2832 1763 2900 Aposto-

187 2914 317 2980 lum,
379 2923 436 2971 et
504 2916 775 2971 adversus
835 2916 1070 2973 Arianos
1138 2934 1202 2973 ac
1242 2919 1677 2983 Macedonianos,
1706 2928 1764 2976 et

192 3015 370 3059 eontra
391 3005 735 3076 Apollinaris
751 3006 1075 3077 praestigias,
1102 3008 1423 3079 rabiemque
1448 3009 1759 3075 Marcionis,

190 3094 353 3150 libros
378 3096 513 3150 olim
561 3096 885 3166 composui;
924 3105 980 3153 et
1021 3098 1076 3152 in
1105 3100 1336 3171 singulis
1390 3100 1546 3158 libris
1588 3103 1764 3158 cccle—

1862 1937 2039 2004 disse;
2068 1947 2267 2008 praesto
2290 1947 2419 1993 sunt
2438 1947 2495 1994 et
2513 1939 2822 2009 conscripta
2843 1955 3030 2009 opera,
3062 1948 3122 1994 ut
3149 1941 3434 2010 explorent

1860 2030 1955 2101 qui
1998 2030 2211 2085 velint:
2249 2046 2361 2086 non
2408 2031 2557 2085 enim
2604 2047 2705 2101 pro
2738 2030 2866 2086 ﬁliis
2908 2032 3149 2096 duobus,
3187 2032 3283 2087 sed
3334 2048 3434 2102 pro

1864 2124 2148 2194 unigenito
2196 2124 2294 2178 Dei
2318 2125 2479 2188 Filio,
2509 2132 2567 2179 et
2608 2135 2798 2182 contra
2848 2124 3085 2190 Gmcos,
3135 2134 3194 2180 et
3241 2134 3432 2181 contra

1858 2215 2098 2279 Judaaos,
2121 2223 2176 2269 et
2196 2224 2390 2269 contra
2412 2214 2530 2269 Arii
2559 2224 2725 2286 atque
2758 2216 3015 2270 Eunomii
3058 2216 3252 2272 morbo
3275 2217 3432 2271 labo—

1861 2315 2066 2371 rantes,
2120 2314 2178 2360 et
2249 2312 2442 2360 contra
2483 2320 2580 2360 eos
2617 2307 2711 2375 qui
2758 2306 3083 2375 Apollinarii
3136 2306 3433 2374 amentiam

1859 2404 2165 2460 sectantur,
2210 2395 2298 2450 vel
2346 2394 2442 2464 qui
2492 2395 2788 2452 Marcionis
2827 2396 2953 2452 tabe
3004 2396 3246 2467 correpti
3280 2404 3431 2460 sunt.

1860 2495 2074 2542 certare
2097 2502 2382 2556 nunquam
2430 2486 2765 2541 destitimus.
2811 2486 3015 2543 Graecis
3060 2488 3284 2557 quidem
3313 2503 3437 2558 per-

1860 2576 2155 2631 suadentes
2193 2577 2370 2647 ipsum
2411 2593 2532 2633 esse
2560 2578 2806 2634 omnium
2842 2594 3029 2634 rerum
3057 2578 3434 2643 Conditorem.

1861 2667 2181 2735 sempiterni
2214 2668 2309 2723 Dei
2349 2668 2545 2723 Filium
2590 2679 2924 2725 coaeternum
2952 2689 2965 2725 :
2996 2671 3203 2727 Judazis
3227 2681 3434 2734 autem.

1864 2757 1932 2813 de
1998 2758 2090 2815 illo
2138 2775 2262 2815 esse
2319 2760 2466 2816 edita
2524 2762 2778 2817 vaticinia
2825 2764 3218 2833 prophetarum
3257 2781 3271 2817 :
3318 2763 3436 2819 Arii

1862 2850 2229 2920 Eunomiique
2268 2850 2600 2915 haeredibus,
2648 2852 2897 2922 ejusdem
2947 2868 3069 2909 esse
3112 2869 3237 2908 cum
3276 2854 3438 2909 Patre

1863 2941 2204 3005 substantiae,
2233 2943 2591 3013 ejusdemque
2615 2943 2843 2999 honoris
2879 2954 2936 2999 et
2960 2946 3219 3015 potentia:
3253 2963 3267 3000 :
3301 2946 3441 3001 Mar-

1863 3031 2039 3085 cionis
2091 3031 2274 3086 furore
2318 3031 2742 3098 insanientibus,
2794 3048 2904 3088 non
2953 3034 3159 3089 bonum
3226 3045 3438 3090 tantum

1864 3138 2005 3186 esse,
2032 3137 2223 3176 verum
2259 3123 2423 3177 etiam
2448 3123 2686 3193 justum,
2720 3140 2827 3178 non
2869 3125 3197 3189 alienorum,
3242 3137 3304 3181 ut
3332 3128 3436 3197 ipsi

190 3186 465 3242 siasticum
485 3188 689 3258 dogma
717 3203 816 3258 per
842 3189 938 3243 Dei
976 3190 1203 3259 gratiam
1253 3192 1454 3246 elucet.
1502 3193 1758 3264 Mysticus

1874 3214 2198 3278 fabulantur,
2221 3214 2314 3268 sed
2346 3229 2575 3269 suorum
2605 3215 2779 3285 ipsius
2810 3231 3037 3285 operum
3063 3218 3391 3273 salvatorem
3420 3238 3435 3274 :

190 3285 443 3345 [interea
465 3277 709 3346 scriptus
736 3292 767 3331 a
791 3277 952 3332 nobis
977 3285 1061 3332 est
1085 3278 1245 3343 liber,
1270 3288 1325 3334 et
1366 3281 1456 3334 alii
1482 3281 1550 3336 de
1571 3281 1762 3335 Provi-

190 3366 388 3433 dentia,
414 3378 473 3423 et
500 3367 570 3423 ad
604 3369 842 3439 quaesita
865 3369 1143 3440 Magorum
1176 3370 1337 3435 alius,
1365 3380 1421 3425 et
1445 3370 1581 3427 Vita:
1605 3387 1763 3426 sanc-

193 3463 384 3523 torum,
408 3468 469 3514 et
492 3468 695 3529 prater
742 3459 845 3514 hos
886 3460 979 3513 alii
1032 3461 1365 3531 complures,
1404 3477 1474 3516 ne
1518 3463 1764 3533 singulos

194 3563 564 3619 percenseam.
619 3551 732 3605 Hos
776 3559 960 3605 autem
1015 3554 1355 3619 enumeravi,
1415 3571 1525 3610 non
1579 3555 1765 3626 gloria:

194 3640 367 3695 studio
393 3641 626 3705 ductus,
673 3640 771 3697 sed
804 3651 1155 3699 accusatores
1180 3659 1508 3713 provocans,
1558 3654 1614 3701 et
1668 3663 1765 3703 eos

195 3731 281 3799 qui
306 3731 562 3800 judicare
595 3732 898 3798 voluerint,
923 3740 984 3787 ut
1004 3749 1232 3804 operum
1256 3743 1572 3790 nostrorum
1593 3738 1766 3807 quod-

197 3836 402 3893 cunque
431 3823 601 3895 255
632 3825 933 3890 voluerint,
957 3827 1307 3894 examinem;
1362 3843 1465 3883 nec
1489 3828 1637 3882 enim
1679 3846 1767 3883 re-

200 3916 423 3983 perient,
441 3932 548 3972 nos
576 3917 729 3973 aliud
763 3933 865 3988 per
907 3919 1003 3974 Dei
1043 3920 1273 3990 gratiam
1320 3920 1527 3975 sentire
1552 3961 1567 3986 ,
1600 3937 1763 3991 quam

200 4006 334 4073 quod
353 4023 384 4061 a
403 4007 695 4077 Scriptura
716 4023 873 4063 sacra
906 4008 1220 4063 didicimus.
1250 4029 1268 4060 ι
1696 4082 1704 4091 ⁸

262 4097 347 4152 Ill.
373 4098 622 4169 Epistola
648 4099 772 4165 115,
799 4099 868 4154 ad
887 4107 1138 4155 sanetum
1176 4099 1415 4155 Leonem
1442 4119 1455 4154 :
1494 4120 1511 4151 ‹
1536 4102 1769 4171 Aposto-

202 4187 306 4245 licze
325 4200 521 4245 vestra:
545 4191 696 4245 sedis
723 4200 981 4262 exspecto
1019 4191 1369 4256 sententiam,
1398 4201 1453 4246 et
1475 4207 1573 4247 oro
1605 4200 1766 4261 atque

203 4277 433 4332 obtestor
459 4280 813 4335 sanctitatem
867 4290 1044 4346 tuam,
1095 4291 1156 4336 ut
1178 4281 1314 4335 mihi
1360 4292 1569 4337 rectum
1601 4284 1771 4353 acju-

203 4377 332 4422 stum
391 4371 635 4426 tribunal
668 4379 917 4426 vestrum
960 4371 1239 4427 invocanti
1280 4388 1440 4443 opem
1486 4373 1647 4438 ferat,
1677 4375 1770 4444 ju-

205 4456 422 4530 beatque
479 4461 548 4515 ad
579 4475 677 4515 vos
720 4462 932 4527 venire,
961 4473 1016 4518 et
1057 4464 1363 4519 doctrinam
1409 4481 1586 4519 meam
1632 4481 1767 4535 apo-

1864 3315 2028 3374 atque
2071 3315 2129 3361 ut
2171 3306 2338 3360 semel
2409 3305 2610 3370 dicam,
2670 3305 2933 3361 adversus
2973 3308 3273 3377 quamlibet
3328 3311 3443 3365 hae-

1866 3396 2010 3449 resin
2033 3395 2379 3461 dimicantes,
2424 3413 2593 3451 unum
2639 3397 2837 3452 Filium
2882 3398 3221 3454 adorandum
3251 3416 3442 3457 mone-

1864 3502 2005 3541 mus.
2042 3506 2059 3537 ι

2432 3616 2869 3657 οιιδειινλτιοκεε.
2970 3663 2973 3665 ε

1936 3731 1980 3786 1.
2006 3731 2084 3786 Ex
2111 3739 2347 3802 quatuor
2383 3734 2661 3804 epistolis,
2687 3736 2862 3805 prima
2901 3750 3045 3790 anno
3080 3735 3184 3792 415
3236 3737 3442 3808 scripta
3484 3736 3487 3739 ’

1865 3824 2214 3895 est,reliqu:c
2254 3840 2399 3879 anno
2439 3826 2542 3881 M9
2599 3826 2932 3883 desinente:
2991 3843 3159 3897 quare
3216 3845 3337 3899 qua:
3387 3832 3442 3885 in

1866 3916 2042 3985 prima
2078 3923 2460 3979 recensentur,
2488 3925 2615 3970 ante
2640 3932 2846 3971 annum
2871 3917 2975 3971 446
2997 3917 3146 3971 edita
3174 3926 3322 3972 sunt.

1938 4006 2002 4061 ll.
2032 4006 2189 4060 Nulla
2215 4006 2274 4060 ﬁt
2314 4006 2525 4076 uSpiam
2576 4007 2785 4062 mentio
2826 4008 3276 4077 reprehensionis
3301 4009 3443 4063 duo-

1867 4097 2044 4153 decim
2070 4098 2323 4168 Capitum
2346 4098 2568 4170 Cyrilli;
2607 4100 2755 4154 nulla
2802 4099 3137 4155 defensionis
3187 4115 3288 4170 pro
3319 4102 3448 4156 Dio-

1868 4190 2006 4244 doro
2054 4189 2312 4244 Tarsensi
2373 4199 2432 4244 et
2479 4190 2772 4245 Theodoro
2817 4191 3236 4260 Mopsuesteno;
3295 4193 3446 4247 nulla

1868 4282 2032 4336 etiam
2055 4281 2341 4343 Eranistas,
2363 4281 2673 4352 256licet
2708 4283 2825 4337 haec
2857 4290 2983 4336 ante
3027 4297 3229 4336 annum
3248 4282 3353 4341 415
3382 4286 3444 4346 ".

1871 4380 1964 4425 aut
1985 4382 2133 4427 certe
2171 4374 2295 4437 449,
2344 4373 2646 4442 composita
2700 4373 2832 4428 sint.
2888 4374 3092 4428 Verum
3133 4389 3243 4428 non
3289 4385 3447 4430 erant

1872 4464 2241 4517 conducibilia
2274 4464 2341 4518 ad
2362 4463 2740 4519 defensionem
2766 4464 3124 4530 Theodoreti,
3151 4467 3246 4521 sed
3276 4470 3450 4537 magis

206 4551 395 4607 Italicis
422 4553 676 4623 vestigiis
710 4554 1069 4609 inhaerentem
1107 4557 1419 4610 ostendere.
1452 4556 1591 4611 Sunt
1620 4557 1765 4612 enim
1802 4535 1842 4589 θ
1873 4553 1941 4607 ad
1963 4554 2390 4609 accusationem.

207 4642 344 4707 mihi,
372 4659 495 4713 quae
535 4645 738 4714 partim
770 4654 895 4702 ante
926 4662 1100 4701 annos
1141 4647 1355 4717 viginti,
1390 4648 1591 4717 partim
1641 4657 1768 4702 ante

206 4732 517 4797 octodecim,
545 4734 748 4805 partim
815 4743 942 4789 ante
977 4736 1316 4805 quindecim,
1352 4737 1551 4806 partim
1601 4746 1727 4790 ante
1753 4739 1767 4757 ‘

206 4822 479 4879 duodecim
528 4827 749 4898 scripsi,
787 4826 1035 4897 quaedam
1075 4837 1265 4882 contra
1299 4827 1532 4882 Arianos
1563 4836 1620 4881 et
1656 4827 1769 4881 Eu-

206 4917 496 4983 nomianos,
558 4918 811 4988 quaedam
872 4928 1063 4973 contra
1109 4918 1328 4973 Judaeos
1394 4929 1453 4972 et
1512 4919 1768 4989 gentiles,

205 5008 436 5076 quautam
460 5017 655 5065 contra
691 5025 878 5080 magos
917 5010 1011 5080 qui
1033 5021 1164 5064 sunt
1186 5011 1240 5064 in
1265 5010 1508 5065 Perside.
1554 5011 1671 5065 Alia
1703 5011 1771 5066 de

206 5099 484 5154 universali
521 5100 897 5165 Providentia,
935 5101 1040 5156 alia
1090 5116 1282 5155 rursus
1322 5101 1392 5156 de
1437 5100 1731 5171 Theologia
1755 5142 1769 5166 ,

205 5188 370 5259 deque
408 5191 596 5245 divina
639 5190 1048 5247 lncarnatione.
1078 5192 1336 5263 Exposita
1369 5200 1499 5246 sunt
1535 5192 1701 5247 etiam
1743 5208 1775 5246 a

1947 4645 2036 4700 III.
2068 4646 2227 4700 Nulla
2247 4646 2452 4716 pariter
2477 4648 2684 4703 mentio
2710 4648 2768 4701 fit
2794 4650 3175 4703 commentarii
3215 4648 3270 4703 in
3300 4648 3447 4703 Can-

1878 4737 2047 4792 ticum
2075 4737 2415 4791 canticorum
2435 4739 2500 4802 ",
2526 4739 2655 4793 licet
2675 4739 2871 4808 primis
2906 4738 3264 4807 temporibus,
3300 4748 3453 4792 certe

1878 4837 2004 4882 ante
2033 4827 2381 4892 Psalterium,
2423 4829 2658 4899 evulgati
2683 4848 2696 4882 :
2726 4843 2890 4883 causa
2922 4829 2976 4883 in
3009 4830 3248 4885 obscuro
3275 4830 3405 4885 latet
3435 4872 3448 4895 ,

1880 4920 2302 4990 investigabitur
2319 4935 2420 4974 suo
2441 4920 2584 4973 loco.

1950 5012 2038 5067 IV.
2102 5012 2264 5067 Nulla
2319 5013 2380 5067 ﬁt
2424 5012 2678 5067 similiter
2734 5012 2999 5069 memoria
3047 5013 3313 5068 orationis
3385 5013 3453 5066 de

1878 5101 2247 5168 Charitate“,
2286 5104 2804 5159 commentariorum
2858 5105 2913 5159 in
2941 5104 3359 5167 Octateuchum,
3398 5111 3454 5158 et

1880 5193 2054 5249 libros
2076 5194 2283 5264 Regum
2311 5194 2376 5260 ",
2413 5193 2667 5250 Historia
2731 5196 3140 5260 ecclesiastica),
3180 5203 3238 5252 et
3273 5194 3458 5264 operis

1525 5347 1839 5403 SCHUIZII
1882 5349 2114 5406 NOTA‘J.

276 5486 318 5515 ”
349 5486 663 5566 urgendum
697 5503 820 5543 esse
843 5489 1057 5572 videtur
1080 5506 1123 5572 _:_
1143 5487 1343 5572 Q'rtinde
1373 5488 1587 5572 Nostro1
1618 5492 1739 5572 iam
1772 5489 2002 5572 Patrum
2023 5507 2250 5572 magno,
2271 5493 2609 5572 scripserunt.
2688 5492 2731 5523 ίδ
2768 5491 2911 5572 Licet
2938 5492 3064 5572 Iure,
3092 5500 3197 5572 είς..
3231 5488 3349 5572 Υἱςι.
3388 5488 3456 5572 de

213 5556 443 5611 Erztnista
498 5575 688 5627 supra,
751 5574 804 5627 p.
858 5559 981 5615 206.

214 5627 560 5701 testimonium
610 5630 780 5688 infra.
804 5627 841 5701 _§
866 5632 944 5701 #3,
975 5629 1045 5701 ah
1094 5629 1270 5701 initio.

1080 5562 1124 5632 ‘_'
1153 5558 1337 5632 Nulla,
1368 5568 1512 5632 rete.
1555 5558 1772 5615 Scilicet
1816 5562 1870 5615 in
1914 5562 2167 5632 epistolis
2204 5558 2403 5617 citatis.
2428 5563 2614 5617 Exstat
2667 5572 2849 5617 autem
2899 5563 3071 5631 ipsius
3125 5558 3454 5632 Theodoreti

1364 5628 1405 5661 ¹⁶
1435 5628 1585 5684 Ονάι.
1628 5632 1692 5683 de
1724 5633 1871 5684 char.
1913 5628 2036 5685 "me
2056 5646 2187 5686 vero
2211 5647 2334 5686 cum

214 5695 355 5771 locus
377 5715 439 5755 ex
466 5700 706 5771 cpistola
752 5695 838 5753 ad'
864 5699 1159 5771 Eusebium
1194 5700 1390 5755 allatus
1422 5700 1530 5754 huc
1563 5702 1725 5755 etiam
1774 5700 1963 5756 referri
1990 5709 2191 5771 potest.

2409 5633 2644 5687 ertineat
2681 5632 2747 5687 ad
2797 5628 3091 5697 Historiam
3134 5628 3453 5697 religiosam,

2290 5703 2331 5733 ¹⁷
2360 5693 2654 5756 Comment.
2687 5724 2754 5743 -ε-
2775 5701 2994 5771 Regum.
3026 5693 3105 5753 Ad
3146 5693 3248 5751 hos
3295 5697 3455 5749 etiam

220 5764 365 5825 libros
388 5764 648 5841 respexit,
673 5784 805 5825 cum
834 5768 900 5825 ad
930 5769 1193 5825 Renatum
1230 5771 1510 5837 scriberet,
1544 5787 1600 5825 se
1635 5764 2047 5841 interpretatum
2089 5786 2207 5826 esse
2241 5772 2576 5841 Scripturam
2613 5786 2843 5827 sacram.
