  <div class='ocr_page' id='page_1' title='image "/cluster/home/n/w/nwhite01/storage/ocr_20150623/84 pt.5/mdp.39015010572884/111.png"; bbox 0 0 3926 6216; ppageno 0'>
   <div class='ocr_carea' id='block_1_1' title="bbox 510 357 616 422">
    <p class='ocr_par' dir='ltr' id='par_1_1' title="bbox 510 357 616 422">
     <span class='ocr_line' id='line_1_1' title="bbox 510 357 616 422; baseline 0.028 -4"><span class='ocrx_word' id='word_1_1' title='bbox 510 357 616 422; x_wconf 69' lang='lat'><strong>207</strong></span> 
     </span>
    </p>
   </div>
   <div class='ocr_carea' id='block_1_2' title="bbox 1637 347 2666 421">
    <p class='ocr_par' dir='ltr' id='par_1_2' title="bbox 1637 347 2666 421">
     <span class='ocr_line' id='line_1_2' title="bbox 1637 347 2666 421; baseline 0.008 -8"><span class='ocrx_word' id='word_1_2' title='bbox 1637 355 2011 418; x_wconf 82' lang='lat' dir='ltr'><strong>GARNERII</strong></span> <span class='ocrx_word' id='word_1_3' title='bbox 2051 347 2548 420; x_wconf 83' lang='lat' dir='ltr'><strong>DISSERTATIO</strong></span> <span class='ocrx_word' id='word_1_4' title='bbox 2585 361 2666 421; x_wconf 89' lang='lat' dir='ltr'><strong>II.</strong></span> 
     </span>
    </p>
   </div>
   <div class='ocr_carea' id='block_1_3' title="bbox 3662 370 3777 434">
    <p class='ocr_par' dir='ltr' id='par_1_3' title="bbox 3662 370 3777 434">
     <span class='ocr_line' id='line_1_3' title="bbox 3662 370 3777 434; baseline 0.026 -4"><span class='ocrx_word' id='word_1_5' title='bbox 3662 370 3777 434; x_wconf 70' lang='lat'><strong>208</strong></span> 
     </span>
    </p>
   </div>
   <div class='ocr_carea' id='block_1_4' title="bbox 516 462 3777 537">
    <p class='ocr_par' dir='ltr' id='par_1_4' title="bbox 516 462 3777 537">
     <span class='ocr_line' id='line_1_4' title="bbox 516 462 3777 537; baseline 0.005 -17"><span class='ocrx_word' id='word_1_6' title='bbox 516 465 899 521; x_wconf 76' lang='lat' dir='ltr'><strong>llwreticarum</strong></span> <span class='ocrx_word' id='word_1_7' title='bbox 925 463 1232 532; x_wconf 81' lang='lat' dir='ltr'><strong>fabularum</strong></span> <span class='ocrx_word' id='word_1_8' title='bbox 1266 462 1326 524; x_wconf 82' lang='lat'><strong>&quot;&#39;,</strong></span> <span class='ocrx_word' id='word_1_9' title='bbox 1348 476 1470 513; x_wconf 90' lang='lat' dir='ltr'><strong>cum</strong></span> <span class='ocrx_word' id='word_1_10' title='bbox 1504 463 1758 514; x_wconf 87' lang='lat' dir='ltr'><strong>tamenin</strong></span> <span class='ocrx_word' id='word_1_11' title='bbox 1798 463 1881 518; x_wconf 90' lang='lat' dir='ltr'><strong>his</strong></span> <span class='ocrx_word' id='word_1_12' title='bbox 1914 465 2085 517; x_wconf 88' lang='lat' dir='ltr'><strong>eonti-</strong></span> <span class='ocrx_word' id='word_1_13' title='bbox 2119 475 2158 523; x_wconf 70' lang='grc' dir='ltr'>Α</span> <span class='ocrx_word' id='word_1_14' title='bbox 2190 464 2507 521; x_wconf 76' lang='lat' dir='ltr'><strong>tricesimus</strong></span> <span class='ocrx_word' id='word_1_15' title='bbox 2536 470 2803 537; x_wconf 90' lang='lat' dir='ltr'><strong>septimus</strong></span> <span class='ocrx_word' id='word_1_16' title='bbox 2833 481 2925 526; x_wconf 89' lang='lat' dir='ltr'><strong>aut</strong></span> <span class='ocrx_word' id='word_1_17' title='bbox 2952 481 3180 528; x_wconf 78' lang='lat' dir='ltr'><strong>octavus</strong></span> <span class='ocrx_word' id='word_1_18' title='bbox 3206 473 3274 528; x_wconf 89' lang='lat' dir='ltr'><strong>ab</strong></span> <span class='ocrx_word' id='word_1_19' title='bbox 3316 475 3471 530; x_wconf 91' lang='lat' dir='ltr'><strong>obitu</strong></span> <span class='ocrx_word' id='word_1_20' title='bbox 3508 477 3777 535; x_wconf 83' lang='lat' dir='ltr'><strong>Theodo-</strong></span> 
     </span>
    </p>
   </div>
   <div class='ocr_carea' id='block_1_5' title="bbox 513 552 2082 622">
    <p class='ocr_par' dir='ltr' id='par_1_5' title="bbox 513 552 2082 622">
     <span class='ocr_line' id='line_1_5' title="bbox 513 552 2082 622; baseline 0 -12"><span class='ocrx_word' id='word_1_21' title='bbox 513 563 747 611; x_wconf 88' lang='lat' dir='ltr'><strong>neantur</strong></span> <span class='ocrx_word' id='word_1_22' title='bbox 767 556 936 609; x_wconf 86' lang='lat' dir='ltr'><strong>multa</strong></span> <span class='ocrx_word' id='word_1_23' title='bbox 964 563 1164 608; x_wconf 88' lang='lat' dir='ltr'><strong>rectam</strong></span> <span class='ocrx_word' id='word_1_24' title='bbox 1185 552 1348 606; x_wconf 84' lang='lat' dir='ltr'><strong>ﬁdem</strong></span> <span class='ocrx_word' id='word_1_25' title='bbox 1372 554 1613 606; x_wconf 90' lang='lat' dir='ltr'><strong>auctoris</strong></span> <span class='ocrx_word' id='word_1_26' title='bbox 1632 553 2082 622; x_wconf 83' lang='lat' dir='ltr'><strong>demonstrantia,</strong></span> 
     </span>
    </p>
   </div>
   <div class='ocr_carea' id='block_1_6' title="bbox 512 641 1324 710">
    <p class='ocr_par' dir='ltr' id='par_1_6' title="bbox 512 641 1324 710">
     <span class='ocr_line' id='line_1_6' title="bbox 512 641 1324 710; baseline -0.004 -14"><span class='ocrx_word' id='word_1_27' title='bbox 512 642 607 698; x_wconf 80' lang='lat' dir='ltr'><strong>sed</strong></span> <span class='ocrx_word' id='word_1_28' title='bbox 640 641 884 696; x_wconf 88' lang='lat' dir='ltr'><strong>nondum</strong></span> <span class='ocrx_word' id='word_1_29' title='bbox 909 651 1067 696; x_wconf 90' lang='lat' dir='ltr'><strong>erant</strong></span> <span class='ocrx_word' id='word_1_30' title='bbox 1099 641 1324 710; x_wconf 86' lang='lat' dir='ltr'><strong>scripta.</strong></span> 
     </span>
    </p>
   </div>
   <div class='ocr_carea' id='block_1_7' title="bbox 580 728 2084 804">
    <p class='ocr_par' dir='ltr' id='par_1_7' title="bbox 580 728 2084 804">
     <span class='ocr_line' id='line_1_7' title="bbox 580 728 2084 804; baseline 0.003 -17"><span class='ocrx_word' id='word_1_31' title='bbox 580 733 644 788; x_wconf 83' lang='lat' dir='ltr'><strong>V.</strong></span> <span class='ocrx_word' id='word_1_32' title='bbox 675 733 1008 787; x_wconf 88' lang='lat' dir='ltr'><strong>Memoratur</strong></span> <span class='ocrx_word' id='word_1_33' title='bbox 1033 731 1086 785; x_wconf 93' lang='lat' dir='ltr'><strong>in</strong></span> <span class='ocrx_word' id='word_1_34' title='bbox 1114 733 1228 786; x_wconf 88' lang='lat' dir='ltr'><strong>sola</strong></span> <span class='ocrx_word' id='word_1_35' title='bbox 1251 732 1318 786; x_wconf 89' lang='lat' dir='ltr'><strong>ad</strong></span> <span class='ocrx_word' id='word_1_36' title='bbox 1343 731 1642 787; x_wconf 88' lang='lat' dir='ltr'><strong>Eusebium</strong></span> <span class='ocrx_word' id='word_1_37' title='bbox 1692 734 1925 804; x_wconf 82' lang='lat' dir='ltr'><strong>epistula</strong></span> <span class='ocrx_word' id='word_1_38' title='bbox 1953 728 2084 794; x_wconf 81' lang='lat' dir='ltr'><strong>Phi-</strong></span> 
     </span>
    </p>
   </div>
   <div class='ocr_carea' id='block_1_8' title="bbox 507 825 2083 899">
    <p class='ocr_par' dir='ltr' id='par_1_8' title="bbox 507 825 2083 899">
     <span class='ocr_line' id='line_1_8' title="bbox 507 825 2083 899; baseline 0.004 -20"><span class='ocrx_word' id='word_1_39' title='bbox 507 826 811 891; x_wconf 83' lang='lat' dir='ltr'><strong>lotheus&quot;,</strong></span> <span class='ocrx_word' id='word_1_40' title='bbox 837 826 890 881; x_wconf 88' lang='lat' dir='ltr'><strong>id</strong></span> <span class='ocrx_word' id='word_1_41' title='bbox 925 835 1026 890; x_wconf 91' lang='lat' dir='ltr'><strong>est,</strong></span> <span class='ocrx_word' id='word_1_42' title='bbox 1058 825 1298 881; x_wconf 77' lang='lat' dir='ltr'><strong>Historia</strong></span> <span class='ocrx_word' id='word_1_43' title='bbox 1333 836 1674 892; x_wconf 89' lang='lat' dir='ltr'><strong>sanctorum,</strong></span> <span class='ocrx_word' id='word_1_44' title='bbox 1717 839 1881 899; x_wconf 88' lang='lat' dir='ltr'><strong>atque</strong></span> <span class='ocrx_word' id='word_1_45' title='bbox 1916 831 2083 885; x_wconf 90' lang='lat' dir='ltr'><strong>etiam</strong></span> 
     </span>
    </p>
   </div>
   <div class='ocr_carea' id='block_1_9' title="bbox 508 918 2082 989">
    <p class='ocr_par' dir='ltr' id='par_1_9' title="bbox 508 918 2082 989">
     <span class='ocr_line' id='line_1_9' title="bbox 508 918 2082 989; baseline 0.003 -18"><span class='ocrx_word' id='word_1_46' title='bbox 508 919 770 989; x_wconf 79' lang='lat' dir='ltr'><strong>Mysticus</strong></span> <span class='ocrx_word' id='word_1_47' title='bbox 795 919 934 972; x_wconf 88' lang='lat' dir='ltr'><strong>liber</strong></span> <span class='ocrx_word' id='word_1_48' title='bbox 957 935 969 970; x_wconf 91' lang='lat'><strong>:</strong></span> <span class='ocrx_word' id='word_1_49' title='bbox 1001 918 1055 971; x_wconf 93' lang='lat' dir='ltr'><strong>in</strong></span> <span class='ocrx_word' id='word_1_50' title='bbox 1073 918 1188 972; x_wconf 88' lang='lat' dir='ltr'><strong>sola</strong></span> <span class='ocrx_word' id='word_1_51' title='bbox 1225 918 1293 971; x_wconf 91' lang='lat' dir='ltr'><strong>ad</strong></span> <span class='ocrx_word' id='word_1_52' title='bbox 1321 927 1573 972; x_wconf 89' lang='lat' dir='ltr'><strong>sanctum</strong></span> <span class='ocrx_word' id='word_1_53' title='bbox 1599 919 1834 975; x_wconf 87' lang='lat' dir='ltr'><strong>Leonem</strong></span> <span class='ocrx_word' id='word_1_54' title='bbox 1857 921 1996 977; x_wconf 79' lang='lat' dir='ltr'><strong>liber</strong></span> <span class='ocrx_word' id='word_1_55' title='bbox 2015 922 2082 977; x_wconf 91' lang='lat' dir='ltr'><strong>de</strong></span> 
     </span>
    </p>
   </div>
   <div class='ocr_carea' id='block_1_10' title="bbox 506 1009 1592 1079">
    <p class='ocr_par' dir='ltr' id='par_1_10' title="bbox 506 1009 1592 1079">
     <span class='ocr_line' id='line_1_10' title="bbox 506 1009 1592 1079; baseline 0.003 -17"><span class='ocrx_word' id='word_1_56' title='bbox 506 1009 822 1079; x_wconf 88' lang='lat' dir='ltr'><strong>Theologia,</strong></span> <span class='ocrx_word' id='word_1_57' title='bbox 853 1019 908 1064; x_wconf 90' lang='lat' dir='ltr'><strong>et</strong></span> <span class='ocrx_word' id='word_1_58' title='bbox 930 1010 1073 1064; x_wconf 90' lang='lat' dir='ltr'><strong>liber</strong></span> <span class='ocrx_word' id='word_1_59' title='bbox 1100 1010 1168 1064; x_wconf 91' lang='lat' dir='ltr'><strong>de</strong></span> <span class='ocrx_word' id='word_1_60' title='bbox 1192 1011 1592 1065; x_wconf 85' lang='lat' dir='ltr'><strong>lncarnatioue.</strong></span> 
     </span>
    </p>
   </div>
   <div class='ocr_carea' id='block_1_11' title="bbox 582 1097 2078 1172">
    <p class='ocr_par' dir='ltr' id='par_1_11' title="bbox 582 1097 2078 1172">
     <span class='ocr_line' id='line_1_11' title="bbox 582 1097 2078 1172; baseline 0.003 -21"><span class='ocrx_word' id='word_1_61' title='bbox 582 1098 665 1152; x_wconf 76' lang='lat' dir='ltr'><strong>Vl.</strong></span> <span class='ocrx_word' id='word_1_62' title='bbox 705 1098 764 1150; x_wconf 93' lang='lat' dir='ltr'><strong>ln</strong></span> <span class='ocrx_word' id='word_1_63' title='bbox 812 1097 1045 1167; x_wconf 90' lang='lat' dir='ltr'><strong>epistola</strong></span> <span class='ocrx_word' id='word_1_64' title='bbox 1067 1099 1134 1152; x_wconf 89' lang='lat' dir='ltr'><strong>ad</strong></span> <span class='ocrx_word' id='word_1_65' title='bbox 1186 1099 1484 1153; x_wconf 84' lang='lat' dir='ltr'><strong>Eusebium</strong></span> <span class='ocrx_word' id='word_1_66' title='bbox 1529 1100 1851 1156; x_wconf 86' lang='lat' dir='ltr'><strong>dividuntur</strong></span> <span class='ocrx_word' id='word_1_67' title='bbox 1891 1117 2078 1172; x_wconf 85' lang='lat' dir='ltr'><strong>opera,</strong></span> 
     </span>
    </p>
   </div>
   <div class='ocr_carea' id='block_1_12' title="bbox 505 1189 2080 1260">
    <p class='ocr_par' dir='ltr' id='par_1_12' title="bbox 505 1189 2080 1260">
     <span class='ocr_line' id='line_1_12' title="bbox 505 1189 2080 1260; baseline 0.004 -19"><span class='ocrx_word' id='word_1_68' title='bbox 505 1204 628 1257; x_wconf 70' lang='lat' dir='ltr'><strong>quae</strong></span> <span class='ocrx_word' id='word_1_69' title='bbox 657 1198 978 1252; x_wconf 86' lang='lat' dir='ltr'><strong>censentur,</strong></span> <span class='ocrx_word' id='word_1_70' title='bbox 1025 1189 1082 1242; x_wconf 90' lang='lat' dir='ltr'><strong>in</strong></span> <span class='ocrx_word' id='word_1_71' title='bbox 1133 1190 1270 1245; x_wconf 91' lang='lat' dir='ltr'><strong>duas</strong></span> <span class='ocrx_word' id='word_1_72' title='bbox 1311 1201 1495 1260; x_wconf 89' lang='lat' dir='ltr'><strong>partes</strong></span> <span class='ocrx_word' id='word_1_73' title='bbox 1539 1209 1551 1245; x_wconf 89' lang='lat'><strong>:</strong></span> <span class='ocrx_word' id='word_1_74' title='bbox 1608 1192 1713 1247; x_wconf 87' lang='lat' dir='ltr'><strong>alia</strong></span> <span class='ocrx_word' id='word_1_75' title='bbox 1761 1194 1908 1247; x_wconf 90' lang='lat' dir='ltr'><strong>enim</strong></span> <span class='ocrx_word' id='word_1_76' title='bbox 1953 1205 2080 1248; x_wconf 87' lang='lat' dir='ltr'><strong>ante</strong></span> 
     </span>
    </p>
   </div>
   <div class='ocr_carea' id='block_1_13' title="bbox 503 1278 2074 1348">
    <p class='ocr_par' dir='ltr' id='par_1_13' title="bbox 503 1278 2074 1348">
     <span class='ocr_line' id='line_1_13' title="bbox 503 1278 2074 1348; baseline 0.004 -18"><span class='ocrx_word' id='word_1_77' title='bbox 503 1278 770 1348; x_wconf 89' lang='lat' dir='ltr'><strong>synodum</strong></span> <span class='ocrx_word' id='word_1_78' title='bbox 826 1278 1197 1347; x_wconf 89' lang='lat' dir='ltr'><strong>Ephesinam,</strong></span> <span class='ocrx_word' id='word_1_79' title='bbox 1257 1279 1311 1333; x_wconf 90' lang='lat' dir='ltr'><strong>id</strong></span> <span class='ocrx_word' id='word_1_80' title='bbox 1354 1288 1439 1334; x_wconf 87' lang='lat' dir='ltr'><strong>est</strong></span> <span class='ocrx_word' id='word_1_81' title='bbox 1490 1288 1616 1335; x_wconf 87' lang='lat' dir='ltr'><strong>ante</strong></span> <span class='ocrx_word' id='word_1_82' title='bbox 1677 1296 1893 1334; x_wconf 27' lang='lat' dir='ltr'><strong>annum.</strong></span> <span class='ocrx_word' id='word_1_83' title='bbox 1931 1283 2074 1346; x_wconf 81' lang='grc'><strong>451,</strong></span> 
     </span>
    </p>
   </div>
   <div class='ocr_carea' id='block_1_14' title="bbox 503 1365 2077 1440">
    <p class='ocr_par' dir='ltr' id='par_1_14' title="bbox 503 1365 2077 1440">
     <span class='ocr_line' id='line_1_14' title="bbox 503 1365 2077 1440; baseline 0.005 -23"><span class='ocrx_word' id='word_1_84' title='bbox 503 1366 706 1435; x_wconf 84' lang='lat' dir='ltr'><strong>scripta</strong></span> <span class='ocrx_word' id='word_1_85' title='bbox 735 1365 1031 1433; x_wconf 88' lang='lat' dir='ltr'><strong>dicuntur;</strong></span> <span class='ocrx_word' id='word_1_86' title='bbox 1056 1366 1162 1440; x_wconf 84' lang='lat' dir='ltr'><strong>alia</strong></span> <span class='ocrx_word' id='word_1_87' title='bbox 1193 1375 1315 1438; x_wconf 88' lang='lat' dir='ltr'><strong>post</strong></span> <span class='ocrx_word' id='word_1_88' title='bbox 1345 1369 1637 1439; x_wconf 88' lang='lat' dir='ltr'><strong>synodum.</strong></span> <span class='ocrx_word' id='word_1_89' title='bbox 1665 1369 1734 1424; x_wconf 82' lang='lat' dir='ltr'><strong>At</strong></span> <span class='ocrx_word' id='word_1_90' title='bbox 1769 1371 1823 1424; x_wconf 91' lang='lat' dir='ltr'><strong>in</strong></span> <span class='ocrx_word' id='word_1_91' title='bbox 1847 1372 2077 1440; x_wconf 89' lang='lat' dir='ltr'><strong>epistola</strong></span> 
     </span>
    </p>
   </div>
   <div class='ocr_carea' id='block_1_15' title="bbox 504 1457 2072 1533">
    <p class='ocr_par' dir='ltr' id='par_1_15' title="bbox 504 1457 2072 1533">
     <span class='ocr_line' id='line_1_15' title="bbox 504 1457 2072 1533; baseline 0.005 -22"><span class='ocrx_word' id='word_1_92' title='bbox 504 1457 569 1512; x_wconf 91' lang='lat' dir='ltr'><strong>ad</strong></span> <span class='ocrx_word' id='word_1_93' title='bbox 631 1467 882 1513; x_wconf 86' lang='lat' dir='ltr'><strong>sanctum</strong></span> <span class='ocrx_word' id='word_1_94' title='bbox 948 1459 1189 1514; x_wconf 86' lang='lat' dir='ltr'><strong>Leonem</strong></span> <span class='ocrx_word' id='word_1_95' title='bbox 1244 1461 1564 1516; x_wconf 86' lang='lat' dir='ltr'><strong>distributio</strong></span> <span class='ocrx_word' id='word_1_96' title='bbox 1611 1462 1668 1516; x_wconf 64' lang='lat' dir='ltr'><strong>fit</strong></span> <span class='ocrx_word' id='word_1_97' title='bbox 1731 1473 1966 1533; x_wconf 84' lang='lat' dir='ltr'><strong>quatuor</strong></span> <span class='ocrx_word' id='word_1_98' title='bbox 2016 1465 2072 1519; x_wconf 91' lang='lat' dir='ltr'><strong>in</strong></span> 
     </span>
    </p>
   </div>
   <div class='ocr_carea' id='block_1_16' title="bbox 504 1549 2076 1620">
    <p class='ocr_par' dir='ltr' id='par_1_16' title="bbox 504 1549 2076 1620">
     <span class='ocr_line' id='line_1_16' title="bbox 504 1549 2076 1620; baseline 0.004 -18"><span class='ocrx_word' id='word_1_99' title='bbox 504 1557 730 1617; x_wconf 90' lang='lat' dir='ltr'><strong>partes:</strong></span> <span class='ocrx_word' id='word_1_100' title='bbox 768 1549 1014 1618; x_wconf 78' lang='lat' dir='ltr'><strong>quaedam</strong></span> <span class='ocrx_word' id='word_1_101' title='bbox 1067 1550 1213 1603; x_wconf 91' lang='lat' dir='ltr'><strong>enim</strong></span> <span class='ocrx_word' id='word_1_102' title='bbox 1271 1551 1474 1620; x_wconf 89' lang='lat' dir='ltr'><strong>scripta</strong></span> <span class='ocrx_word' id='word_1_103' title='bbox 1504 1567 1802 1607; x_wconf 88' lang='lat' dir='ltr'><strong>narrantur</strong></span> <span class='ocrx_word' id='word_1_104' title='bbox 1828 1564 1956 1608; x_wconf 89' lang='lat' dir='ltr'><strong>ante</strong></span> <span class='ocrx_word' id='word_1_105' title='bbox 1995 1553 2076 1608; x_wconf 85' lang='lat' dir='ltr'><strong>vi-</strong></span> 
     </span>
    </p>
   </div>
   <div class='ocr_carea' id='block_1_17' title="bbox 503 1641 2072 1716">
    <p class='ocr_par' dir='ltr' id='par_1_17' title="bbox 503 1641 2072 1716">
     <span class='ocr_line' id='line_1_17' title="bbox 503 1641 2072 1716; baseline 0.004 -23"><span class='ocrx_word' id='word_1_106' title='bbox 503 1641 639 1710; x_wconf 89' lang='lat' dir='ltr'><strong>ginti</strong></span> <span class='ocrx_word' id='word_1_107' title='bbox 691 1656 885 1705; x_wconf 88' lang='lat' dir='ltr'><strong>annos,</strong></span> <span class='ocrx_word' id='word_1_108' title='bbox 957 1641 1010 1696; x_wconf 91' lang='lat' dir='ltr'><strong>id</strong></span> <span class='ocrx_word' id='word_1_109' title='bbox 1050 1650 1154 1706; x_wconf 87' lang='lat' dir='ltr'><strong>est,</strong></span> <span class='ocrx_word' id='word_1_110' title='bbox 1219 1652 1345 1698; x_wconf 87' lang='lat' dir='ltr'><strong>ante</strong></span> <span class='ocrx_word' id='word_1_111' title='bbox 1404 1661 1606 1699; x_wconf 90' lang='lat' dir='ltr'><strong>annum</strong></span> <span class='ocrx_word' id='word_1_112' title='bbox 1647 1645 1786 1709; x_wconf 66' lang='lat'><strong>499,</strong></span> <span class='ocrx_word' id='word_1_113' title='bbox 1821 1647 2072 1716; x_wconf 82' lang='lat' dir='ltr'><strong>quaedam</strong></span> 
     </span>
    </p>
   </div>
   <div class='ocr_carea' id='block_1_18' title="bbox 502 1731 2071 1806">
    <p class='ocr_par' dir='ltr' id='par_1_18' title="bbox 502 1731 2071 1806">
     <span class='ocr_line' id='line_1_18' title="bbox 502 1731 2071 1806; baseline 0.006 -22"><span class='ocrx_word' id='word_1_114' title='bbox 502 1742 628 1786; x_wconf 84' lang='lat' dir='ltr'><strong>ante</strong></span> <span class='ocrx_word' id='word_1_115' title='bbox 660 1731 986 1796; x_wconf 82' lang='lat' dir='ltr'><strong>octodecim,</strong></span> <span class='ocrx_word' id='word_1_116' title='bbox 1019 1732 1073 1786; x_wconf 91' lang='lat' dir='ltr'><strong>id</strong></span> <span class='ocrx_word' id='word_1_117' title='bbox 1117 1740 1220 1790; x_wconf 81' lang='lat' dir='ltr'><strong>est.</strong></span> <span class='ocrx_word' id='word_1_118' title='bbox 1248 1743 1374 1788; x_wconf 89' lang='lat' dir='ltr'><strong>ante</strong></span> <span class='ocrx_word' id='word_1_119' title='bbox 1407 1750 1610 1788; x_wconf 91' lang='lat' dir='ltr'><strong>annum</strong></span> <span class='ocrx_word' id='word_1_120' title='bbox 1661 1737 1786 1801; x_wconf 80' lang='grc'><strong>451,</strong></span> <span class='ocrx_word' id='word_1_121' title='bbox 1821 1738 2071 1806; x_wconf 62' lang='lat' dir='ltr'><strong>quaedam</strong></span> 
     </span>
    </p>
   </div>
   <div class='ocr_carea' id='block_1_19' title="bbox 2187 556 3776 641">
    <p class='ocr_par' dir='ltr' id='par_1_19' title="bbox 2187 556 3776 641">
     <span class='ocr_line' id='line_1_19' title="bbox 2187 556 3776 641; baseline 0.011 -32"><span class='ocrx_word' id='word_1_122' title='bbox 2187 556 2290 610; x_wconf 85' lang='lat' dir='ltr'><strong>reti</strong></span> <span class='ocrx_word' id='word_1_123' title='bbox 2324 574 2338 609; x_wconf 73' lang='grc' dir='ltr'>ε</span> <span class='ocrx_word' id='word_1_124' title='bbox 2369 572 2436 612; x_wconf 90' lang='lat' dir='ltr'><strong>eo</strong></span> <span class='ocrx_word' id='word_1_125' title='bbox 2481 566 2724 628; x_wconf 89' lang='lat' dir='ltr'><strong>tempore</strong></span> <span class='ocrx_word' id='word_1_126' title='bbox 2769 577 2940 631; x_wconf 88' lang='lat' dir='ltr'><strong>pauca</strong></span> <span class='ocrx_word' id='word_1_127' title='bbox 2970 563 3285 631; x_wconf 87' lang='lat' dir='ltr'><strong>admodum,</strong></span> <span class='ocrx_word' id='word_1_128' title='bbox 3316 582 3489 637; x_wconf 91' lang='lat' dir='ltr'><strong>eaque</strong></span> <span class='ocrx_word' id='word_1_129' title='bbox 3522 586 3634 624; x_wconf 90' lang='lat' dir='ltr'><strong>non</strong></span> <span class='ocrx_word' id='word_1_130' title='bbox 3661 587 3776 641; x_wconf 81' lang='lat' dir='ltr'><strong>pu-</strong></span> 
     </span>
    </p>
   </div>
   <div class='ocr_carea' id='block_1_20' title="bbox 2187 642 3773 718">
    <p class='ocr_par' dir='ltr' id='par_1_20' title="bbox 2187 642 3773 718">
     <span class='ocr_line' id='line_1_20' title="bbox 2187 642 3773 718; baseline 0.013 -23"><span class='ocrx_word' id='word_1_131' title='bbox 2187 642 2422 710; x_wconf 89' lang='lat' dir='ltr'><strong>rissima,</strong></span> <span class='ocrx_word' id='word_1_132' title='bbox 2454 645 2788 702; x_wconf 87' lang='lat' dir='ltr'><strong>Theodoreti</strong></span> <span class='ocrx_word' id='word_1_133' title='bbox 2822 663 2987 718; x_wconf 86' lang='lat' dir='ltr'><strong>opera</strong></span> <span class='ocrx_word' id='word_1_134' title='bbox 3010 661 3138 704; x_wconf 86' lang='lat' dir='ltr'><strong>uota</strong></span> <span class='ocrx_word' id='word_1_135' title='bbox 3171 661 3328 706; x_wconf 88' lang='lat' dir='ltr'><strong>erant</strong></span> <span class='ocrx_word' id='word_1_136' title='bbox 3366 653 3421 706; x_wconf 92' lang='lat' dir='ltr'><strong>in</strong></span> <span class='ocrx_word' id='word_1_137' title='bbox 3443 654 3773 717; x_wconf 76' lang='lat' dir='ltr'><strong>Occidente.</strong></span> 
     </span>
    </p>
   </div>
   <div class='ocr_carea' id='block_1_21' title="bbox 2174 729 3774 800">
    <p class='ocr_par' dir='ltr' id='par_1_21' title="bbox 2174 729 3774 800">
     <span class='ocr_line' id='line_1_21' title="bbox 2174 729 3774 800; baseline 0.011 -17"><span class='ocrx_word' id='word_1_138' title='bbox 2174 729 2429 800; x_wconf 85' lang='lat' dir='ltr'><strong>alioquin</strong></span> <span class='ocrx_word' id='word_1_139' title='bbox 2485 748 2595 787; x_wconf 93' lang='lat' dir='ltr'><strong>non</strong></span> <span class='ocrx_word' id='word_1_140' title='bbox 2643 735 2934 791; x_wconf 90' lang='lat' dir='ltr'><strong>latuissent</strong></span> <span class='ocrx_word' id='word_1_141' title='bbox 2991 747 3101 792; x_wconf 88' lang='lat' dir='ltr'><strong>tam</strong></span> <span class='ocrx_word' id='word_1_142' title='bbox 3153 741 3432 795; x_wconf 90' lang='lat' dir='ltr'><strong>curiosum</strong></span> <span class='ocrx_word' id='word_1_143' title='bbox 3495 743 3774 800; x_wconf 83' lang='lat' dir='ltr'><strong>librorum</strong></span> 
     </span>
    </p>
   </div>
   <div class='ocr_carea' id='block_1_22' title="bbox 2189 815 3774 897">
    <p class='ocr_par' dir='ltr' id='par_1_22' title="bbox 2189 815 3774 897">
     <span class='ocr_line' id='line_1_22' title="bbox 2189 815 3774 897; baseline 0.012 -29"><span class='ocrx_word' id='word_1_144' title='bbox 2189 815 2582 888; x_wconf 79' lang='lat' dir='ltr'><strong>indagatorem.</strong></span> <span class='ocrx_word' id='word_1_145' title='bbox 2640 821 2698 874; x_wconf 91' lang='lat' dir='ltr'><strong>ld</strong></span> <span class='ocrx_word' id='word_1_146' title='bbox 2735 820 2884 888; x_wconf 87' lang='lat' dir='ltr'><strong>fecit,</strong></span> <span class='ocrx_word' id='word_1_147' title='bbox 2932 825 3150 894; x_wconf 86' lang='lat' dir='ltr'><strong>opinor,</strong></span> <span class='ocrx_word' id='word_1_148' title='bbox 3190 827 3389 897; x_wconf 73' lang='lat' dir='ltr'><strong>lingua:</strong></span> <span class='ocrx_word' id='word_1_149' title='bbox 3421 829 3624 886; x_wconf 68' lang='lat' dir='ltr'><strong>Graeca:</strong></span> <span class='ocrx_word' id='word_1_150' title='bbox 3673 848 3774 886; x_wconf 86' lang='lat' dir='ltr'><strong>ue-</strong></span> 
     </span>
    </p>
   </div>
   <div class='ocr_carea' id='block_1_23' title="bbox 2184 903 3773 991">
    <p class='ocr_par' dir='ltr' id='par_1_23' title="bbox 2184 903 3773 991">
     <span class='ocr_line' id='line_1_23' title="bbox 2184 903 3773 991; baseline 0.013 -37"><span class='ocrx_word' id='word_1_151' title='bbox 2184 903 2394 973; x_wconf 86' lang='lat' dir='ltr'><strong>glectus</strong></span> <span class='ocrx_word' id='word_1_152' title='bbox 2422 907 2564 975; x_wconf 90' lang='lat' dir='ltr'><strong>apud</strong></span> <span class='ocrx_word' id='word_1_153' title='bbox 2591 907 2834 974; x_wconf 90' lang='lat' dir='ltr'><strong>Latinos,</strong></span> <span class='ocrx_word' id='word_1_154' title='bbox 2870 912 2962 979; x_wconf 89' lang='lat' dir='ltr'><strong>qui</strong></span> <span class='ocrx_word' id='word_1_155' title='bbox 3007 924 3247 980; x_wconf 89' lang='lat' dir='ltr'><strong>quantus</strong></span> <span class='ocrx_word' id='word_1_156' title='bbox 3275 915 3460 979; x_wconf 82' lang='lat' dir='ltr'><strong>fuerit,</strong></span> <span class='ocrx_word' id='word_1_157' title='bbox 3505 920 3773 991; x_wconf 88' lang='lat' dir='ltr'><strong>colligere</strong></span> 
     </span>
    </p>
   </div>
   <div class='ocr_carea' id='block_1_24' title="bbox 2183 989 3768 1070">
    <p class='ocr_par' dir='ltr' id='par_1_24' title="bbox 2183 989 3768 1070">
     <span class='ocr_line' id='line_1_24' title="bbox 2183 989 3768 1070; baseline 0.012 -27"><span class='ocrx_word' id='word_1_158' title='bbox 2183 989 2313 1046; x_wconf 86' lang='lat' dir='ltr'><strong>licet</strong></span> <span class='ocrx_word' id='word_1_159' title='bbox 2339 1007 2404 1046; x_wconf 85' lang='lat' dir='ltr'><strong>ex</strong></span> <span class='ocrx_word' id='word_1_160' title='bbox 2426 994 2647 1058; x_wconf 89' lang='lat' dir='ltr'><strong>litteris,</strong></span> <span class='ocrx_word' id='word_1_161' title='bbox 2679 1005 2794 1049; x_wconf 91' lang='lat' dir='ltr'><strong>tum</strong></span> <span class='ocrx_word' id='word_1_162' title='bbox 2822 1000 2996 1053; x_wconf 85' lang='lat' dir='ltr'><strong>sancti</strong></span> <span class='ocrx_word' id='word_1_163' title='bbox 3018 999 3299 1056; x_wconf 72' lang='lat' dir='ltr'><strong>leestini</strong></span> <span class='ocrx_word' id='word_1_164' title='bbox 3327 1003 3392 1058; x_wconf 93' lang='lat' dir='ltr'><strong>ad</strong></span> <span class='ocrx_word' id='word_1_165' title='bbox 3423 989 3768 1070; x_wconf 81' lang='lat' dir='ltr'><strong>Nestorium,</strong></span> 
     </span>
    </p>
   </div>
   <div class='ocr_carea' id='block_1_25' title="bbox 2184 1082 3760 1170">
    <p class='ocr_par' dir='ltr' id='par_1_25' title="bbox 2184 1082 3760 1170">
     <span class='ocr_line' id='line_1_25' title="bbox 2184 1082 3760 1170; baseline 0.011 -34"><span class='ocrx_word' id='word_1_166' title='bbox 2184 1090 2300 1136; x_wconf 91' lang='lat' dir='ltr'><strong>tum</strong></span> <span class='ocrx_word' id='word_1_167' title='bbox 2329 1082 2531 1154; x_wconf 84' lang='lat' dir='ltr'><strong>Pelagii</strong></span> <span class='ocrx_word' id='word_1_168' title='bbox 2575 1085 2640 1149; x_wconf 86' lang='lat' dir='ltr'><strong>ll,</strong></span> <span class='ocrx_word' id='word_1_169' title='bbox 2693 1085 2759 1140; x_wconf 92' lang='lat' dir='ltr'><strong>ad</strong></span> <span class='ocrx_word' id='word_1_170' title='bbox 2788 1089 3076 1160; x_wconf 84' lang='lat' dir='ltr'><strong>episcopos</strong></span> <span class='ocrx_word' id='word_1_171' title='bbox 3113 1092 3305 1160; x_wconf 67' lang='lat' dir='ltr'><strong>Istriaa,</strong></span> <span class='ocrx_word' id='word_1_172' title='bbox 3335 1095 3564 1167; x_wconf 88' lang='lat' dir='ltr'><strong>aliisque</strong></span> <span class='ocrx_word' id='word_1_173' title='bbox 3609 1101 3760 1170; x_wconf 89' lang='lat' dir='ltr'><strong>ejus-</strong></span> 
     </span>
    </p>
   </div>
   <div class='ocr_carea' id='block_1_26' title="bbox 2183 1171 2717 1230">
    <p class='ocr_par' dir='ltr' id='par_1_26' title="bbox 2183 1171 2717 1230">
     <span class='ocr_line' id='line_1_26' title="bbox 2183 1171 2717 1230; baseline 0.015 -8"><span class='ocrx_word' id='word_1_174' title='bbox 2183 1171 2328 1224; x_wconf 90' lang='lat' dir='ltr'><strong>modi</strong></span> <span class='ocrx_word' id='word_1_175' title='bbox 2367 1173 2717 1230; x_wconf 71' lang='lat' dir='ltr'><strong>testimoniis.</strong></span> 
     </span>
    </p>
   </div>
   <div class='ocr_carea' id='block_1_27' title="bbox 2251 1257 3766 1340">
    <p class='ocr_par' dir='ltr' id='par_1_27' title="bbox 2251 1257 3766 1340">
     <span class='ocr_line' id='line_1_27' title="bbox 2251 1257 3766 1340; baseline 0.013 -29"><span class='ocrx_word' id='word_1_176' title='bbox 2251 1257 2314 1312; x_wconf 92' lang='lat' dir='ltr'><strong>ll.</strong></span> <span class='ocrx_word' id='word_1_177' title='bbox 2349 1257 2568 1329; x_wconf 87' lang='lat' dir='ltr'><strong>Legisse</strong></span> <span class='ocrx_word' id='word_1_178' title='bbox 2607 1261 2828 1318; x_wconf 78' lang='lat' dir='ltr'><strong>videtur</strong></span> <span class='ocrx_word' id='word_1_179' title='bbox 2861 1265 3046 1321; x_wconf 63' lang='lat' dir='ltr'><strong>Grtece</strong></span> <span class='ocrx_word' id='word_1_180' title='bbox 3097 1283 3262 1339; x_wconf 87' lang='lat' dir='ltr'><strong>opera</strong></span> <span class='ocrx_word' id='word_1_181' title='bbox 3297 1286 3419 1340; x_wconf 70' lang='lat' dir='ltr'><strong>quae</strong></span> <span class='ocrx_word' id='word_1_182' title='bbox 3450 1285 3766 1340; x_wconf 87' lang='lat' dir='ltr'><strong>memorat;</strong></span> 
     </span>
    </p>
   </div>
   <div class='ocr_carea' id='block_1_28' title="bbox 2179 1345 3766 1433">
    <p class='ocr_par' dir='ltr' id='par_1_28' title="bbox 2179 1345 3766 1433">
     <span class='ocr_line' id='line_1_28' title="bbox 2179 1345 3766 1433; baseline 0.012 -33"><span class='ocrx_word' id='word_1_183' title='bbox 2179 1345 2423 1416; x_wconf 86' lang='lat' dir='ltr'><strong>alioquin</strong></span> <span class='ocrx_word' id='word_1_184' title='bbox 2456 1352 2799 1418; x_wconf 90' lang='lat' dir='ltr'><strong>pervenisset</strong></span> <span class='ocrx_word' id='word_1_185' title='bbox 2827 1355 2892 1409; x_wconf 92' lang='lat' dir='ltr'><strong>ad</strong></span> <span class='ocrx_word' id='word_1_186' title='bbox 2920 1372 3021 1411; x_wconf 90' lang='lat' dir='ltr'><strong>nos</strong></span> <span class='ocrx_word' id='word_1_187' title='bbox 3058 1367 3216 1414; x_wconf 81' lang='lat' dir='ltr'><strong>vetus</strong></span> <span class='ocrx_word' id='word_1_188' title='bbox 3255 1360 3366 1426; x_wconf 88' lang='lat' dir='ltr'><strong>illa,</strong></span> <span class='ocrx_word' id='word_1_189' title='bbox 3405 1363 3449 1415; x_wconf 92' lang='lat' dir='ltr'><strong>si</strong></span> <span class='ocrx_word' id='word_1_190' title='bbox 3472 1378 3596 1433; x_wconf 75' lang='lat' dir='ltr'><strong>quae</strong></span> <span class='ocrx_word' id='word_1_191' title='bbox 3627 1365 3766 1419; x_wconf 83' lang='lat' dir='ltr'><strong>fuis-</strong></span> 
     </span>
    </p>
   </div>
   <div class='ocr_carea' id='block_1_29' title="bbox 2179 1436 3767 1524">
    <p class='ocr_par' dir='ltr' id='par_1_29' title="bbox 2179 1436 3767 1524">
     <span class='ocr_line' id='line_1_29' title="bbox 2179 1436 3767 1524; baseline 0.013 -38"><span class='ocrx_word' id='word_1_192' title='bbox 2179 1445 2263 1487; x_wconf 87' lang='lat' dir='ltr'><strong>set</strong></span> <span class='ocrx_word' id='word_1_193' title='bbox 2291 1436 2444 1498; x_wconf 88' lang='lat' dir='ltr'><strong>olim,</strong></span> <span class='ocrx_word' id='word_1_194' title='bbox 2467 1438 2650 1492; x_wconf 85' lang='lat' dir='ltr'><strong>versio</strong></span> <span class='ocrx_word' id='word_1_195' title='bbox 2678 1457 2690 1492; x_wconf 93' lang='lat'><strong>:</strong></span> <span class='ocrx_word' id='word_1_196' title='bbox 2719 1453 3089 1510; x_wconf 78' lang='lat' dir='ltr'><strong>pervenerunt</strong></span> <span class='ocrx_word' id='word_1_197' title='bbox 3110 1447 3259 1500; x_wconf 92' lang='lat' dir='ltr'><strong>enim</strong></span> <span class='ocrx_word' id='word_1_198' title='bbox 3299 1448 3418 1503; x_wconf 65' lang='lat' dir='ltr'><strong>alia:</strong></span> <span class='ocrx_word' id='word_1_199' title='bbox 3448 1458 3562 1505; x_wconf 90' lang='lat' dir='ltr'><strong>tum</strong></span> <span class='ocrx_word' id='word_1_200' title='bbox 3595 1453 3767 1524; x_wconf 83' lang='lat' dir='ltr'><strong>vulgo</strong></span> 
     </span>
    </p>
   </div>
   <div class='ocr_carea' id='block_1_30' title="bbox 2179 1530 3762 1611">
    <p class='ocr_par' dir='ltr' id='par_1_30' title="bbox 2179 1530 3762 1611">
     <span class='ocr_line' id='line_1_30' title="bbox 2179 1530 3762 1611; baseline 0.014 -36"><span class='ocrx_word' id='word_1_201' title='bbox 2179 1530 2339 1586; x_wconf 66' lang='lat' dir='ltr'><strong>notae,</strong></span> <span class='ocrx_word' id='word_1_202' title='bbox 2369 1534 2428 1578; x_wconf 91' lang='lat' dir='ltr'><strong>ut</strong></span> <span class='ocrx_word' id='word_1_203' title='bbox 2457 1542 2577 1595; x_wconf 72' lang='lat' dir='ltr'><strong>qum</strong></span> <span class='ocrx_word' id='word_1_204' title='bbox 2603 1530 2768 1582; x_wconf 87' lang='lat' dir='ltr'><strong>vertit</strong></span> <span class='ocrx_word' id='word_1_205' title='bbox 2787 1530 3036 1597; x_wconf 77' lang='lat' dir='ltr'><strong>Rufinus,</strong></span> <span class='ocrx_word' id='word_1_206' title='bbox 3077 1549 3308 1605; x_wconf 70' lang='lat' dir='ltr'><strong>quaeque</strong></span> <span class='ocrx_word' id='word_1_207' title='bbox 3348 1538 3722 1611; x_wconf 83' lang='lat' dir='ltr'><strong>Hieronymus</strong></span> <span class='ocrx_word' id='word_1_208' title='bbox 3747 1563 3762 1608; x_wconf 83' lang='lat'><strong>;</strong></span> 
     </span>
    </p>
   </div>
   <div class='ocr_carea' id='block_1_31' title="bbox 2178 1613 3765 1689">
    <p class='ocr_par' dir='ltr' id='par_1_31' title="bbox 2178 1613 3765 1689">
     <span class='ocr_line' id='line_1_31' title="bbox 2178 1613 3765 1689; baseline 0.014 -27"><span class='ocrx_word' id='word_1_209' title='bbox 2178 1617 2294 1663; x_wconf 92' lang='lat' dir='ltr'><strong>tum</strong></span> <span class='ocrx_word' id='word_1_210' title='bbox 2329 1628 2450 1680; x_wconf 66' lang='lat' dir='ltr'><strong>quae</strong></span> <span class='ocrx_word' id='word_1_211' title='bbox 2493 1613 2813 1684; x_wconf 88' lang='lat' dir='ltr'><strong>ignotiores,</strong></span> <span class='ocrx_word' id='word_1_212' title='bbox 2847 1620 3152 1689; x_wconf 91' lang='lat' dir='ltr'><strong>cujusmodi</strong></span> <span class='ocrx_word' id='word_1_213' title='bbox 3208 1624 3386 1680; x_wconf 86' lang='lat' dir='ltr'><strong>versio</strong></span> <span class='ocrx_word' id='word_1_214' title='bbox 3417 1627 3765 1685; x_wconf 88' lang='lat' dir='ltr'><strong>scholiorum</strong></span> 
     </span>
    </p>
   </div>
   <div class='ocr_carea' id='block_1_32' title="bbox 2176 1700 3762 1790">
    <p class='ocr_par' dir='ltr' id='par_1_32' title="bbox 2176 1700 3762 1790">
     <span class='ocr_line' id='line_1_32' title="bbox 2176 1700 3762 1790; baseline 0.015 -34"><span class='ocrx_word' id='word_1_215' title='bbox 2176 1700 2364 1771; x_wconf 88' lang='lat' dir='ltr'><strong>Cyrilli</strong></span> <span class='ocrx_word' id='word_1_216' title='bbox 2390 1719 2418 1755; x_wconf 91' lang='lat' dir='ltr'><strong>a</strong></span> <span class='ocrx_word' id='word_1_217' title='bbox 2443 1702 2613 1757; x_wconf 81' lang='lat' dir='ltr'><strong>Mario</strong></span> <span class='ocrx_word' id='word_1_218' title='bbox 2637 1704 2958 1774; x_wconf 75' lang='lat' dir='ltr'><strong>Mercatore;</strong></span> <span class='ocrx_word' id='word_1_219' title='bbox 2993 1709 3349 1768; x_wconf 88' lang='lat' dir='ltr'><strong>homiliarum</strong></span> <span class='ocrx_word' id='word_1_220' title='bbox 3378 1716 3762 1790; x_wconf 84' lang='lat' dir='ltr'><strong>Chrysostomi</strong></span> 
     </span>
    </p>
   </div>
   <div class='ocr_carea' id='block_1_33' title="bbox 510 1791 3764 1896">
    <p class='ocr_par' dir='ltr' id='par_1_33' title="bbox 510 1791 3764 1896">
     <span class='ocr_line' id='line_1_33' title="bbox 510 1791 3764 1896; baseline 0.008 -22"><span class='ocrx_word' id='word_1_221' title='bbox 510 1831 636 1874; x_wconf 87' lang='lat' dir='ltr'><strong>ante</strong></span> <span class='ocrx_word' id='word_1_222' title='bbox 655 1791 992 1889; x_wconf 77' lang='lat' dir='ltr'><strong>quindecim,</strong></span> <span class='ocrx_word' id='word_1_223' title='bbox 1029 1822 1082 1876; x_wconf 92' lang='lat' dir='ltr'><strong>id</strong></span> <span class='ocrx_word' id='word_1_224' title='bbox 1115 1831 1219 1886; x_wconf 89' lang='lat' dir='ltr'><strong>est,</strong></span> <span class='ocrx_word' id='word_1_225' title='bbox 1252 1835 1379 1878; x_wconf 85' lang='lat' dir='ltr'><strong>ante</strong></span> <span class='ocrx_word' id='word_1_226' title='bbox 1428 1840 1631 1879; x_wconf 91' lang='lat' dir='ltr'><strong>annum</strong></span> <span class='ocrx_word' id='word_1_227' title='bbox 1667 1791 1791 1890; x_wconf 67' lang='lat'><strong>454,</strong></span> <span class='ocrx_word' id='word_1_228' title='bbox 1824 1791 2069 1896; x_wconf 69' lang='lat' dir='ltr'><strong>quaedam</strong></span> <span class='ocrx_word' id='word_1_229' title='bbox 2108 1809 2145 1862; x_wconf 77' lang='grc' dir='ltr'><strong><em>Β</em></strong></span> <span class='ocrx_word' id='word_1_230' title='bbox 2177 1791 2232 1896; x_wconf 50' lang='lat' dir='ltr'><strong>il}</strong></span> <span class='ocrx_word' id='word_1_231' title='bbox 2259 1791 2570 1896; x_wconf 42' lang='grc' dir='ltr'><strong>δξδιψθδυξῖδ</strong></span> <span class='ocrx_word' id='word_1_232' title='bbox 2591 1811 2606 1861; x_wconf 56' lang='grc' dir='ltr'>δ</span> <span class='ocrx_word' id='word_1_233' title='bbox 2631 1795 2698 1850; x_wconf 68' lang='lat' dir='ltr'><strong>de</strong></span> <span class='ocrx_word' id='word_1_234' title='bbox 2737 1797 3001 1896; x_wconf 43' lang='grc' dir='ltr'><strong>Ιθυλίίξψῗ</strong></span> <span class='ocrx_word' id='word_1_235' title='bbox 3031 1801 3204 1896; x_wconf 47' lang='lat' dir='ltr'><strong>meii’</strong></span> <span class='ocrx_word' id='word_1_236' title='bbox 3245 1815 3301 1862; x_wconf 47' lang='lat' dir='ltr'><strong>et</strong></span> <span class='ocrx_word' id='word_1_237' title='bbox 3332 1807 3401 1863; x_wconf 66' lang='lat' dir='ltr'><strong>ad</strong></span> <span class='ocrx_word' id='word_1_238' title='bbox 3450 1813 3764 1884; x_wconf 63' lang='lat' dir='ltr'><strong>neopby‘os</strong></span> 
     </span>
    </p>
   </div>
   <div class='ocr_carea' id='block_1_34' title="bbox 500 1911 2072 1985">
    <p class='ocr_par' dir='ltr' id='par_1_34' title="bbox 500 1911 2072 1985">
     <span class='ocr_line' id='line_1_34' title="bbox 500 1911 2072 1985; baseline 0.006 -21"><span class='ocrx_word' id='word_1_239' title='bbox 500 1921 625 1966; x_wconf 84' lang='lat' dir='ltr'><strong>ante</strong></span> <span class='ocrx_word' id='word_1_240' title='bbox 665 1911 974 1973; x_wconf 89' lang='lat' dir='ltr'><strong>duodecim,</strong></span> <span class='ocrx_word' id='word_1_241' title='bbox 1011 1913 1064 1966; x_wconf 90' lang='lat' dir='ltr'><strong>id</strong></span> <span class='ocrx_word' id='word_1_242' title='bbox 1097 1922 1208 1977; x_wconf 90' lang='lat' dir='ltr'><strong>est,</strong></span> <span class='ocrx_word' id='word_1_243' title='bbox 1240 1923 1366 1969; x_wconf 88' lang='lat' dir='ltr'><strong>ante</strong></span> <span class='ocrx_word' id='word_1_244' title='bbox 1411 1911 1616 1970; x_wconf 78' lang='lat' dir='ltr'><strong>annum</strong></span> <span class='ocrx_word' id='word_1_245' title='bbox 1657 1918 1780 1972; x_wconf 78' lang='grc'><strong>457.</strong></span> <span class='ocrx_word' id='word_1_246' title='bbox 1817 1919 1946 1985; x_wconf 75' lang='lat' dir='ltr'><strong>Qua:</strong></span> <span class='ocrx_word' id='word_1_247' title='bbox 1983 1921 2072 1974; x_wconf 89' lang='lat' dir='ltr'><strong>di-</strong></span> 
     </span>
    </p>
   </div>
   <div class='ocr_carea' id='block_1_35' title="bbox 493 2004 2070 2081">
    <p class='ocr_par' dir='ltr' id='par_1_35' title="bbox 493 2004 2070 2081">
     <span class='ocr_line' id='line_1_35' title="bbox 493 2004 2070 2081; baseline 0.005 -23"><span class='ocrx_word' id='word_1_248' title='bbox 493 2011 697 2058; x_wconf 88' lang='lat' dir='ltr'><strong>cuntur</strong></span> <span class='ocrx_word' id='word_1_249' title='bbox 716 2004 920 2072; x_wconf 88' lang='lat' dir='ltr'><strong>scripta</strong></span> <span class='ocrx_word' id='word_1_250' title='bbox 961 2012 1087 2059; x_wconf 88' lang='lat' dir='ltr'><strong>ante</strong></span> <span class='ocrx_word' id='word_1_251' title='bbox 1109 2005 1305 2075; x_wconf 77' lang='lat' dir='ltr'><strong>viginti</strong></span> <span class='ocrx_word' id='word_1_252' title='bbox 1335 2022 1527 2071; x_wconf 88' lang='lat' dir='ltr'><strong>annos,</strong></span> <span class='ocrx_word' id='word_1_253' title='bbox 1559 2025 1622 2062; x_wconf 87' lang='lat' dir='ltr'><strong>ea</strong></span> <span class='ocrx_word' id='word_1_254' title='bbox 1657 2009 1770 2079; x_wconf 89' lang='lat' dir='ltr'><strong>ipsa</strong></span> <span class='ocrx_word' id='word_1_255' title='bbox 1791 2018 1918 2064; x_wconf 89' lang='lat' dir='ltr'><strong>sunt</strong></span> <span class='ocrx_word' id='word_1_256' title='bbox 1951 2029 2070 2081; x_wconf 75' lang='lat' dir='ltr'><strong>quae</strong></span> 
     </span>
    </p>
   </div>
   <div class='ocr_carea' id='block_1_36' title="bbox 491 2095 1647 2167">
    <p class='ocr_par' dir='ltr' id='par_1_36' title="bbox 491 2095 1647 2167">
     <span class='ocr_line' id='line_1_36' title="bbox 491 2095 1647 2167; baseline 0.005 -18"><span class='ocrx_word' id='word_1_257' title='bbox 491 2103 617 2149; x_wconf 89' lang='lat' dir='ltr'><strong>ante</strong></span> <span class='ocrx_word' id='word_1_258' title='bbox 643 2095 912 2166; x_wconf 81' lang='lat' dir='ltr'><strong>synodum</strong></span> <span class='ocrx_word' id='word_1_259' title='bbox 944 2096 1275 2165; x_wconf 87' lang='lat' dir='ltr'><strong>Ephesinam</strong></span> <span class='ocrx_word' id='word_1_260' title='bbox 1299 2096 1647 2167; x_wconf 90' lang='lat' dir='ltr'><strong>prodierunt.</strong></span> 
     </span>
    </p>
   </div>
   <div class='ocr_carea' id='block_1_37' title="bbox 563 2185 2071 2259">
    <p class='ocr_par' dir='ltr' id='par_1_37' title="bbox 563 2185 2071 2259">
     <span class='ocr_line' id='line_1_37' title="bbox 563 2185 2071 2259; baseline 0.005 -20"><span class='ocrx_word' id='word_1_261' title='bbox 563 2185 674 2240; x_wconf 81' lang='lat' dir='ltr'><strong>VII.</strong></span> <span class='ocrx_word' id='word_1_262' title='bbox 729 2187 849 2241; x_wconf 91' lang='lat' dir='ltr'><strong>Non</strong></span> <span class='ocrx_word' id='word_1_263' title='bbox 892 2187 1051 2242; x_wconf 80' lang='lat' dir='ltr'><strong>facile</strong></span> <span class='ocrx_word' id='word_1_264' title='bbox 1096 2189 1428 2259; x_wconf 85' lang='lat' dir='ltr'><strong>perspicitur</strong></span> <span class='ocrx_word' id='word_1_265' title='bbox 1466 2206 1630 2245; x_wconf 88' lang='lat' dir='ltr'><strong>causa</strong></span> <span class='ocrx_word' id='word_1_266' title='bbox 1667 2208 1766 2246; x_wconf 92' lang='lat' dir='ltr'><strong>cur</strong></span> <span class='ocrx_word' id='word_1_267' title='bbox 1820 2192 2071 2247; x_wconf 89' lang='lat' dir='ltr'><strong>Theodo-</strong></span> 
     </span>
    </p>
   </div>
   <div class='ocr_carea' id='block_1_38' title="bbox 492 2279 2065 2351">
    <p class='ocr_par' dir='ltr' id='par_1_38' title="bbox 492 2279 2065 2351">
     <span class='ocr_line' id='line_1_38' title="bbox 492 2279 2065 2351; baseline 0.005 -21"><span class='ocrx_word' id='word_1_268' title='bbox 492 2286 644 2331; x_wconf 90' lang='lat' dir='ltr'><strong>retus</strong></span> <span class='ocrx_word' id='word_1_269' title='bbox 677 2294 743 2332; x_wconf 85' lang='lat' dir='ltr'><strong>ex</strong></span> <span class='ocrx_word' id='word_1_270' title='bbox 770 2279 993 2349; x_wconf 86' lang='lat' dir='ltr'><strong>scriptis</strong></span> <span class='ocrx_word' id='word_1_271' title='bbox 1040 2280 1153 2334; x_wconf 89' lang='lat' dir='ltr'><strong>suis</strong></span> <span class='ocrx_word' id='word_1_272' title='bbox 1191 2281 1460 2351; x_wconf 89' lang='lat' dir='ltr'><strong>judicium</strong></span> <span class='ocrx_word' id='word_1_273' title='bbox 1500 2284 1749 2338; x_wconf 77' lang='lat' dir='ltr'><strong>exerceri</strong></span> <span class='ocrx_word' id='word_1_274' title='bbox 1794 2285 2065 2338; x_wconf 87' lang='lat' dir='ltr'><strong>voluerit:</strong></span> 
     </span>
    </p>
   </div>
   <div class='ocr_carea' id='block_1_39' title="bbox 490 2369 2070 2445">
    <p class='ocr_par' dir='ltr' id='par_1_39' title="bbox 490 2369 2070 2445">
     <span class='ocr_line' id='line_1_39' title="bbox 490 2369 2070 2445; baseline 0.006 -22"><span class='ocrx_word' id='word_1_275' title='bbox 490 2369 692 2425; x_wconf 84' lang='lat' dir='ltr'><strong>etenim</strong></span> <span class='ocrx_word' id='word_1_276' title='bbox 723 2387 788 2424; x_wconf 82' lang='lat' dir='ltr'><strong>ex</strong></span> <span class='ocrx_word' id='word_1_277' title='bbox 817 2371 1013 2426; x_wconf 87' lang='lat' dir='ltr'><strong>iisdem</strong></span> <span class='ocrx_word' id='word_1_278' title='bbox 1050 2382 1403 2429; x_wconf 87' lang='lat' dir='ltr'><strong>accusatores</strong></span> <span class='ocrx_word' id='word_1_279' title='bbox 1447 2391 1606 2445; x_wconf 86' lang='lat' dir='ltr'><strong>agere</strong></span> <span class='ocrx_word' id='word_1_280' title='bbox 1647 2384 1962 2444; x_wconf 90' lang='lat' dir='ltr'><strong>potuerunt,</strong></span> <span class='ocrx_word' id='word_1_281' title='bbox 2011 2389 2070 2433; x_wconf 92' lang='lat' dir='ltr'><strong>ut</strong></span> 
     </span>
    </p>
   </div>
   <div class='ocr_carea' id='block_1_40' title="bbox 493 2460 2069 2534">
    <p class='ocr_par' dir='ltr' id='par_1_40' title="bbox 493 2460 2069 2534">
     <span class='ocr_line' id='line_1_40' title="bbox 493 2460 2069 2534; baseline 0.006 -23"><span class='ocrx_word' id='word_1_282' title='bbox 493 2471 682 2512; x_wconf 86' lang='lat' dir='ltr'><strong>revera</strong></span> <span class='ocrx_word' id='word_1_283' title='bbox 716 2460 1068 2527; x_wconf 87' lang='lat' dir='ltr'><strong>postmodum</strong></span> <span class='ocrx_word' id='word_1_284' title='bbox 1121 2463 1174 2516; x_wconf 92' lang='lat' dir='ltr'><strong>in</strong></span> <span class='ocrx_word' id='word_1_285' title='bbox 1208 2479 1237 2518; x_wconf 74' lang='grc' dir='ltr'><strong>ν</strong></span> <span class='ocrx_word' id='word_1_286' title='bbox 1280 2465 1489 2534; x_wconf 83' lang='lat' dir='ltr'><strong>synodo</strong></span> <span class='ocrx_word' id='word_1_287' title='bbox 1527 2474 1710 2518; x_wconf 86' lang='lat' dir='ltr'><strong>aetum</strong></span> <span class='ocrx_word' id='word_1_288' title='bbox 1739 2474 1862 2518; x_wconf 91' lang='lat' dir='ltr'><strong>est:</strong></span> <span class='ocrx_word' id='word_1_289' title='bbox 1895 2483 1960 2520; x_wconf 79' lang='lat' dir='ltr'><strong>ex</strong></span> <span class='ocrx_word' id='word_1_290' title='bbox 2002 2467 2069 2522; x_wconf 86' lang='lat' dir='ltr'><strong>iis</strong></span> 
     </span>
    </p>
   </div>
   <div class='ocr_carea' id='block_1_41' title="bbox 490 2547 2066 2619">
    <p class='ocr_par' dir='ltr' id='par_1_41' title="bbox 490 2547 2066 2619">
     <span class='ocr_line' id='line_1_41' title="bbox 490 2547 2066 2619; baseline 0.009 -19"><span class='ocrx_word' id='word_1_291' title='bbox 490 2556 639 2603; x_wconf 82' lang='lat' dir='ltr'><strong>certe</strong></span> <span class='ocrx_word' id='word_1_292' title='bbox 665 2547 902 2619; x_wconf 73' lang='lat' dir='ltr'><strong>Cyl-illus</strong></span> <span class='ocrx_word' id='word_1_293' title='bbox 944 2566 1055 2605; x_wconf 90' lang='lat' dir='ltr'><strong>non</strong></span> <span class='ocrx_word' id='word_1_294' title='bbox 1091 2553 1262 2608; x_wconf 86' lang='lat' dir='ltr'><strong>semel</strong></span> <span class='ocrx_word' id='word_1_295' title='bbox 1296 2553 1337 2608; x_wconf 88' lang='grc' dir='ltr'><strong>Τ</strong></span> <span class='ocrx_word' id='word_1_296' title='bbox 1343 2555 1705 2610; x_wconf 87' lang='lat' dir='ltr'><strong>beodoretum</strong></span> <span class='ocrx_word' id='word_1_297' title='bbox 1726 2557 2066 2614; x_wconf 85' lang='lat' dir='ltr'><strong>Nestorianae</strong></span> 
     </span>
    </p>
   </div>
   <div class='ocr_carea' id='block_1_42' title="bbox 491 2640 1138 2698">
    <p class='ocr_par' dir='ltr' id='par_1_42' title="bbox 491 2640 1138 2698">
     <span class='ocr_line' id='line_1_42' title="bbox 491 2640 1138 2698; baseline 0.006 -5"><span class='ocrx_word' id='word_1_298' title='bbox 491 2640 771 2694; x_wconf 86' lang='lat' dir='ltr'><strong>societatis</strong></span> <span class='ocrx_word' id='word_1_299' title='bbox 795 2656 948 2696; x_wconf 89' lang='lat' dir='ltr'><strong>reum</strong></span> <span class='ocrx_word' id='word_1_300' title='bbox 981 2642 1138 2698; x_wconf 84' lang='lat' dir='ltr'><strong>dixit.</strong></span> 
     </span>
    </p>
   </div>
   <div class='ocr_carea' id='block_1_43' title="bbox 560 2732 2066 2804">
    <p class='ocr_par' dir='ltr' id='par_1_43' title="bbox 560 2732 2066 2804">
     <span class='ocr_line' id='line_1_43' title="bbox 560 2732 2066 2804; baseline 0.005 -18"><span class='ocrx_word' id='word_1_301' title='bbox 560 2732 697 2786; x_wconf 83' lang='lat' dir='ltr'><strong>Vlll.</strong></span> <span class='ocrx_word' id='word_1_302' title='bbox 734 2732 791 2786; x_wconf 93' lang='lat' dir='ltr'><strong>ln</strong></span> <span class='ocrx_word' id='word_1_303' title='bbox 824 2734 1062 2804; x_wconf 87' lang='lat' dir='ltr'><strong>epistola</strong></span> <span class='ocrx_word' id='word_1_304' title='bbox 1093 2734 1159 2788; x_wconf 91' lang='lat' dir='ltr'><strong>ad</strong></span> <span class='ocrx_word' id='word_1_305' title='bbox 1195 2735 1461 2791; x_wconf 77' lang='lat' dir='ltr'><strong>Renatum</strong></span> <span class='ocrx_word' id='word_1_306' title='bbox 1493 2737 1754 2792; x_wconf 91' lang='lat' dir='ltr'><strong>dicuntur</strong></span> <span class='ocrx_word' id='word_1_307' title='bbox 1789 2739 1914 2792; x_wconf 88' lang='lat' dir='ltr'><strong>libri</strong></span> <span class='ocrx_word' id='word_1_308' title='bbox 1951 2756 2066 2793; x_wconf 81' lang='lat' dir='ltr'><strong>am—</strong></span> 
     </span>
    </p>
   </div>
   <div class='ocr_carea' id='block_1_44' title="bbox 487 2823 2061 2894">
    <p class='ocr_par' dir='ltr' id='par_1_44' title="bbox 487 2823 2061 2894">
     <span class='ocr_line' id='line_1_44' title="bbox 487 2823 2061 2894; baseline 0.006 -18"><span class='ocrx_word' id='word_1_309' title='bbox 487 2823 633 2892; x_wconf 88' lang='lat' dir='ltr'><strong>plius</strong></span> <span class='ocrx_word' id='word_1_310' title='bbox 665 2823 884 2894; x_wconf 83' lang='lat' dir='ltr'><strong>triginta</strong></span> <span class='ocrx_word' id='word_1_311' title='bbox 915 2825 1180 2882; x_wconf 85' lang='lat' dir='ltr'><strong>adversus</strong></span> <span class='ocrx_word' id='word_1_312' title='bbox 1206 2825 1399 2882; x_wconf 89' lang='lat' dir='ltr'><strong>Arium</strong></span> <span class='ocrx_word' id='word_1_313' title='bbox 1432 2836 1488 2882; x_wconf 91' lang='lat' dir='ltr'><strong>et</strong></span> <span class='ocrx_word' id='word_1_314' title='bbox 1517 2829 1869 2894; x_wconf 91' lang='lat' dir='ltr'><strong>Eunomium,</strong></span> <span class='ocrx_word' id='word_1_315' title='bbox 1921 2832 2061 2885; x_wconf 84' lang='lat' dir='ltr'><strong>Mar-</strong></span> 
     </span>
    </p>
   </div>
   <div class='ocr_carea' id='block_1_45' title="bbox 487 2914 2057 2990">
    <p class='ocr_par' dir='ltr' id='par_1_45' title="bbox 487 2914 2057 2990">
     <span class='ocr_line' id='line_1_45' title="bbox 487 2914 2057 2990; baseline 0.004 -22"><span class='ocrx_word' id='word_1_316' title='bbox 487 2914 700 2969; x_wconf 86' lang='lat' dir='ltr'><strong>eionem</strong></span> <span class='ocrx_word' id='word_1_317' title='bbox 733 2924 790 2969; x_wconf 88' lang='lat' dir='ltr'><strong>et</strong></span> <span class='ocrx_word' id='word_1_318' title='bbox 820 2916 1222 2982; x_wconf 85' lang='lat' dir='ltr'><strong>Maeedonium,</strong></span> <span class='ocrx_word' id='word_1_319' title='bbox 1247 2919 1480 2988; x_wconf 80' lang='lat' dir='ltr'><strong>gentiles</strong></span> <span class='ocrx_word' id='word_1_320' title='bbox 1507 2928 1562 2973; x_wconf 90' lang='lat' dir='ltr'><strong>et</strong></span> <span class='ocrx_word' id='word_1_321' title='bbox 1585 2919 1801 2974; x_wconf 74' lang='lat' dir='ltr'><strong>Iudaeos</strong></span> <span class='ocrx_word' id='word_1_322' title='bbox 1830 2921 2021 2990; x_wconf 88' lang='lat' dir='ltr'><strong>scripti</strong></span> <span class='ocrx_word' id='word_1_323' title='bbox 2045 2939 2057 2974; x_wconf 92' lang='lat'>:</span> 
     </span>
    </p>
   </div>
   <div class='ocr_carea' id='block_1_46' title="bbox 487 3004 2059 3082">
    <p class='ocr_par' dir='ltr' id='par_1_46' title="bbox 487 3004 2059 3082">
     <span class='ocr_line' id='line_1_46' title="bbox 487 3004 2059 3082; baseline 0.006 -25"><span class='ocrx_word' id='word_1_324' title='bbox 487 3020 552 3058; x_wconf 81' lang='lat' dir='ltr'><strong>ex</strong></span> <span class='ocrx_word' id='word_1_325' title='bbox 586 3004 653 3058; x_wconf 92' lang='lat' dir='ltr'><strong>iis</strong></span> <span class='ocrx_word' id='word_1_326' title='bbox 709 3005 1003 3060; x_wconf 87' lang='lat' dir='ltr'><strong>duodecim</strong></span> <span class='ocrx_word' id='word_1_327' title='bbox 1061 3007 1328 3063; x_wconf 83' lang='lat' dir='ltr'><strong>adversus</strong></span> <span class='ocrx_word' id='word_1_328' title='bbox 1373 3009 1606 3079; x_wconf 78' lang='lat' dir='ltr'><strong>gentiles</strong></span> <span class='ocrx_word' id='word_1_329' title='bbox 1635 3010 1749 3063; x_wconf 92' lang='lat' dir='ltr'><strong>noti</strong></span> <span class='ocrx_word' id='word_1_330' title='bbox 1784 3019 1932 3077; x_wconf 90' lang='lat' dir='ltr'><strong>sunt,</strong></span> <span class='ocrx_word' id='word_1_331' title='bbox 1965 3012 2059 3082; x_wconf 87' lang='lat' dir='ltr'><strong>qui</strong></span> 
     </span>
    </p>
   </div>
   <div class='ocr_carea' id='block_1_47' title="bbox 483 3096 2057 3171">
    <p class='ocr_par' dir='ltr' id='par_1_47' title="bbox 483 3096 2057 3171">
     <span class='ocr_line' id='line_1_47' title="bbox 483 3096 2057 3171; baseline 0.006 -22"><span class='ocrx_word' id='word_1_332' title='bbox 483 3111 680 3165; x_wconf 87' lang='lat' dir='ltr'><strong>nempe</strong></span> <span class='ocrx_word' id='word_1_333' title='bbox 716 3096 1092 3152; x_wconf 85' lang='lat' dir='ltr'><strong>inscribuntur</strong></span> <span class='ocrx_word' id='word_1_334' title='bbox 1123 3098 1198 3151; x_wconf 91' lang='lat' dir='ltr'><strong>De</strong></span> <span class='ocrx_word' id='word_1_335' title='bbox 1230 3099 1542 3156; x_wconf 63' lang='lat' dir='ltr'><strong>Graecanicis</strong></span> <span class='ocrx_word' id='word_1_336' title='bbox 1577 3101 1929 3171; x_wconf 66' lang='lat' dir='ltr'><strong>amat-tionibus</strong></span> <span class='ocrx_word' id='word_1_337' title='bbox 1965 3119 2057 3158; x_wconf 87' lang='lat' dir='ltr'><strong>cu-</strong></span> 
     </span>
    </p>
   </div>
   <div class='ocr_carea' id='block_1_48' title="bbox 484 3188 2056 3261">
    <p class='ocr_par' dir='ltr' id='par_1_48' title="bbox 484 3188 2056 3261">
     <span class='ocr_line' id='line_1_48' title="bbox 484 3188 2056 3261; baseline 0.005 -20"><span class='ocrx_word' id='word_1_338' title='bbox 484 3189 664 3241; x_wconf 78' lang='lat' dir='ltr'><strong>randis</strong></span> <span class='ocrx_word' id='word_1_339' title='bbox 706 3203 726 3242; x_wconf 90' lang='lat'><strong><em>:</em></strong></span> <span class='ocrx_word' id='word_1_340' title='bbox 788 3188 879 3241; x_wconf 87' lang='lat' dir='ltr'><strong>alii</strong></span> <span class='ocrx_word' id='word_1_341' title='bbox 935 3189 1167 3257; x_wconf 89' lang='lat' dir='ltr'><strong>periisse</strong></span> <span class='ocrx_word' id='word_1_342' title='bbox 1247 3191 1410 3261; x_wconf 81' lang='lat' dir='ltr'><strong>vulgo</strong></span> <span class='ocrx_word' id='word_1_343' title='bbox 1481 3192 1817 3257; x_wconf 91' lang='lat' dir='ltr'><strong>creduntur;</strong></span> <span class='ocrx_word' id='word_1_344' title='bbox 1872 3194 2056 3249; x_wconf 80' lang='lat' dir='ltr'><strong>forsan</strong></span> 
     </span>
    </p>
   </div>
   <div class='ocr_carea' id='block_1_49' title="bbox 482 3279 2056 3352">
    <p class='ocr_par' dir='ltr' id='par_1_49' title="bbox 482 3279 2056 3352">
     <span class='ocr_line' id='line_1_49' title="bbox 482 3279 2056 3352; baseline 0.005 -20"><span class='ocrx_word' id='word_1_345' title='bbox 482 3279 671 3334; x_wconf 90' lang='lat' dir='ltr'><strong>alieno</strong></span> <span class='ocrx_word' id='word_1_346' title='bbox 699 3279 868 3332; x_wconf 85' lang='lat' dir='ltr'><strong>latent</strong></span> <span class='ocrx_word' id='word_1_347' title='bbox 899 3279 1003 3333; x_wconf 90' lang='lat' dir='ltr'><strong>sub</strong></span> <span class='ocrx_word' id='word_1_348' title='bbox 1051 3281 1296 3346; x_wconf 88' lang='lat' dir='ltr'><strong>nomine,</strong></span> <span class='ocrx_word' id='word_1_349' title='bbox 1352 3281 1499 3352; x_wconf 89' lang='lat' dir='ltr'><strong>quod</strong></span> <span class='ocrx_word' id='word_1_350' title='bbox 1532 3292 1718 3352; x_wconf 82' lang='lat' dir='ltr'><strong>postea</strong></span> <span class='ocrx_word' id='word_1_351' title='bbox 1772 3284 2056 3340; x_wconf 88' lang='lat' dir='ltr'><strong>inouiren-</strong></span> 
     </span>
    </p>
   </div>
   <div class='ocr_carea' id='block_1_50' title="bbox 482 3369 750 3426">
    <p class='ocr_par' dir='ltr' id='par_1_50' title="bbox 482 3369 750 3426">
     <span class='ocr_line' id='line_1_50' title="bbox 482 3369 750 3426; baseline 0.011 -3"><span class='ocrx_word' id='word_1_352' title='bbox 482 3369 612 3424; x_wconf 91' lang='lat' dir='ltr'><strong>dum</strong></span> <span class='ocrx_word' id='word_1_353' title='bbox 646 3379 750 3426; x_wconf 85' lang='lat' dir='ltr'><strong>est.</strong></span> 
     </span>
    </p>
   </div>
   <div class='ocr_carea' id='block_1_51' title="bbox 1036 3481 1511 3552">
    <p class='ocr_par' dir='ltr' id='par_1_51' title="bbox 1036 3481 1511 3552">
     <span class='ocr_line' id='line_1_51' title="bbox 1036 3481 1511 3552; baseline 0.011 -17"><span class='ocrx_word' id='word_1_354' title='bbox 1036 3481 1062 3552; x_wconf 84' lang='lat'>§</span> <span class='ocrx_word' id='word_1_355' title='bbox 1088 3483 1154 3536; x_wconf 90' lang='lat' dir='ltr'><strong>ll.</strong></span> <span class='ocrx_word' id='word_1_356' title='bbox 1190 3482 1511 3542; x_wconf 78' lang='lat' dir='ltr'><strong>Gennadius.</strong></span> 
     </span>
    </p>
   </div>
   <div class='ocr_carea' id='block_1_52' title="bbox 550 3564 2050 3645">
    <p class='ocr_par' dir='ltr' id='par_1_52' title="bbox 550 3564 2050 3645">
     <span class='ocr_line' id='line_1_52' title="bbox 550 3564 2050 3645; baseline 0.009 -28"><span class='ocrx_word' id='word_1_357' title='bbox 550 3564 610 3617; x_wconf 89' lang='lat' dir='ltr'><strong>ln</strong></span> <span class='ocrx_word' id='word_1_358' title='bbox 662 3565 803 3619; x_wconf 91' lang='lat' dir='ltr'><strong>libro</strong></span> <span class='ocrx_word' id='word_1_359' title='bbox 845 3565 923 3621; x_wconf 86' lang='lat' dir='ltr'><strong>De</strong></span> <span class='ocrx_word' id='word_1_360' title='bbox 973 3570 1315 3638; x_wconf 74' lang='lat' dir='ltr'><strong>scriptoribus</strong></span> <span class='ocrx_word' id='word_1_361' title='bbox 1368 3571 1750 3636; x_wconf 75' lang='lat' dir='ltr'><strong>ecclesiasticis,</strong></span> <span class='ocrx_word' id='word_1_362' title='bbox 1806 3591 1926 3645; x_wconf 87' lang='lat' dir='ltr'><strong>cap.</strong></span> <span class='ocrx_word' id='word_1_363' title='bbox 1964 3577 2050 3640; x_wconf 86' lang='lat'><strong>89,</strong></span> 
     </span>
    </p>
   </div>
   <div class='ocr_carea' id='block_1_53' title="bbox 488 3655 2054 3737">
    <p class='ocr_par' dir='ltr' id='par_1_53' title="bbox 488 3655 2054 3737">
     <span class='ocr_line' id='line_1_53' title="bbox 488 3655 2054 3737; baseline 0.011 -33"><span class='ocrx_word' id='word_1_364' title='bbox 488 3675 504 3704; x_wconf 76' lang='grc' dir='ltr'>ι</span> <span class='ocrx_word' id='word_1_365' title='bbox 532 3655 929 3723; x_wconf 82' lang='lat' dir='ltr'><strong>Theodoretus,</strong></span> <span class='ocrx_word' id='word_1_366' title='bbox 953 3659 1148 3730; x_wconf 90' lang='lat' dir='ltr'><strong>inquit,</strong></span> <span class='ocrx_word' id='word_1_367' title='bbox 1175 3661 1334 3732; x_wconf 78' lang='lat'><strong>257</strong></span> <span class='ocrx_word' id='word_1_368' title='bbox 1356 3662 1480 3732; x_wconf 87' lang='lat' dir='ltr'><strong>Cyri</strong></span> <span class='ocrx_word' id='word_1_369' title='bbox 1505 3664 1740 3719; x_wconf 85' lang='lat' dir='ltr'><strong>civitatis</strong></span> <span class='ocrx_word' id='word_1_370' title='bbox 1763 3667 2054 3737; x_wconf 89' lang='lat' dir='ltr'><strong>episcopus</strong></span> 
     </span>
    </p>
   </div>
   <div class='ocr_carea' id='block_1_54' title="bbox 482 3741 2052 3820">
    <p class='ocr_par' dir='ltr' id='par_1_54' title="bbox 482 3741 2052 3820">
     <span class='ocr_line' id='line_1_54' title="bbox 482 3741 2052 3820; baseline 0.008 -24"><span class='ocrx_word' id='word_1_371' title='bbox 482 3743 532 3809; x_wconf 88' lang='lat' dir='ltr'><strong>(a</strong></span> <span class='ocrx_word' id='word_1_372' title='bbox 557 3741 697 3814; x_wconf 89' lang='lat' dir='ltr'><strong>Cyro</strong></span> <span class='ocrx_word' id='word_1_373' title='bbox 721 3747 868 3799; x_wconf 91' lang='lat' dir='ltr'><strong>enim</strong></span> <span class='ocrx_word' id='word_1_374' title='bbox 907 3747 1197 3802; x_wconf 84' lang='lat' dir='ltr'><strong>Persarum</strong></span> <span class='ocrx_word' id='word_1_375' title='bbox 1232 3766 1358 3820; x_wconf 87' lang='lat' dir='ltr'><strong>rege</strong></span> <span class='ocrx_word' id='word_1_376' title='bbox 1386 3751 1608 3806; x_wconf 90' lang='lat' dir='ltr'><strong>condita</strong></span> <span class='ocrx_word' id='word_1_377' title='bbox 1644 3764 1824 3807; x_wconf 85' lang='lat' dir='ltr'><strong>servat</strong></span> <span class='ocrx_word' id='word_1_378' title='bbox 1856 3755 2052 3810; x_wconf 85' lang='lat' dir='ltr'><strong>hodie-</strong></span> 
     </span>
    </p>
   </div>
   <div class='ocr_carea' id='block_1_55' title="bbox 477 3835 2052 3912">
    <p class='ocr_par' dir='ltr' id='par_1_55' title="bbox 477 3835 2052 3912">
     <span class='ocr_line' id='line_1_55' title="bbox 477 3835 2052 3912; baseline 0.009 -25"><span class='ocrx_word' id='word_1_379' title='bbox 477 3850 584 3902; x_wconf 85' lang='lat' dir='ltr'><strong>que</strong></span> <span class='ocrx_word' id='word_1_380' title='bbox 605 3835 748 3905; x_wconf 90' lang='lat' dir='ltr'><strong>apud</strong></span> <span class='ocrx_word' id='word_1_381' title='bbox 771 3836 981 3908; x_wconf 77' lang='lat' dir='ltr'><strong>Syriam</strong></span> <span class='ocrx_word' id='word_1_382' title='bbox 1004 3854 1200 3893; x_wconf 88' lang='lat' dir='ltr'><strong>nomen</strong></span> <span class='ocrx_word' id='word_1_383' title='bbox 1226 3843 1512 3906; x_wconf 79' lang='lat' dir='ltr'><strong>auctoris),</strong></span> <span class='ocrx_word' id='word_1_384' title='bbox 1542 3843 1826 3912; x_wconf 89' lang='lat' dir='ltr'><strong>scripsisse</strong></span> <span class='ocrx_word' id='word_1_385' title='bbox 1850 3845 2052 3901; x_wconf 91' lang='lat' dir='ltr'><strong>dicitur</strong></span> 
     </span>
    </p>
   </div>
   <div class='ocr_carea' id='block_1_56' title="bbox 480 3921 2052 4002">
    <p class='ocr_par' dir='ltr' id='par_1_56' title="bbox 480 3921 2052 4002">
     <span class='ocr_line' id='line_1_56' title="bbox 480 3921 2052 4002; baseline 0.009 -29"><span class='ocrx_word' id='word_1_386' title='bbox 480 3921 685 3976; x_wconf 87' lang='lat' dir='ltr'><strong>multa:</strong></span> <span class='ocrx_word' id='word_1_387' title='bbox 744 3923 810 3976; x_wconf 88' lang='lat' dir='ltr'><strong>ad</strong></span> <span class='ocrx_word' id='word_1_388' title='bbox 846 3939 1024 3978; x_wconf 90' lang='lat' dir='ltr'><strong>meam</strong></span> <span class='ocrx_word' id='word_1_389' title='bbox 1080 3937 1261 3980; x_wconf 90' lang='lat' dir='ltr'><strong>tamen</strong></span> <span class='ocrx_word' id='word_1_390' title='bbox 1311 3928 1560 3982; x_wconf 88' lang='lat' dir='ltr'><strong>notitiam</strong></span> <span class='ocrx_word' id='word_1_391' title='bbox 1610 3930 1712 3984; x_wconf 90' lang='lat' dir='ltr'><strong>ista</strong></span> <span class='ocrx_word' id='word_1_392' title='bbox 1755 3940 1886 3985; x_wconf 91' lang='lat' dir='ltr'><strong>sunt</strong></span> <span class='ocrx_word' id='word_1_393' title='bbox 1931 3948 2052 4002; x_wconf 66' lang='lat' dir='ltr'><strong>qua:</strong></span> 
     </span>
    </p>
   </div>
   <div class='ocr_carea' id='block_1_57' title="bbox 478 4014 2052 4084">
    <p class='ocr_par' dir='ltr' id='par_1_57' title="bbox 478 4014 2052 4084">
     <span class='ocr_line' id='line_1_57' title="bbox 478 4014 2052 4084; baseline 0.009 -21"><span class='ocrx_word' id='word_1_394' title='bbox 478 4022 745 4066; x_wconf 79' lang='lat' dir='ltr'><strong>\euerunt</strong></span> <span class='ocrx_word' id='word_1_395' title='bbox 781 4029 794 4066; x_wconf 89' lang='lat'><strong>:</strong></span> <span class='ocrx_word' id='word_1_396' title='bbox 833 4016 846 4034; x_wconf 83' lang='lat'><strong>‘</strong></span> <span class='ocrx_word' id='word_1_397' title='bbox 891 4014 967 4068; x_wconf 91' lang='lat' dir='ltr'><strong>De</strong></span> <span class='ocrx_word' id='word_1_398' title='bbox 1030 4014 1406 4072; x_wconf 89' lang='lat' dir='ltr'><strong>incarnatione</strong></span> <span class='ocrx_word' id='word_1_399' title='bbox 1475 4019 1725 4084; x_wconf 88' lang='lat' dir='ltr'><strong>Domini,</strong></span> <span class='ocrx_word' id='word_1_400' title='bbox 1790 4022 2052 4079; x_wconf 88' lang='lat' dir='ltr'><strong>adversus</strong></span> 
     </span>
    </p>
   </div>
   <div class='ocr_carea' id='block_1_58' title="bbox 477 4104 2050 4177">
    <p class='ocr_par' dir='ltr' id='par_1_58' title="bbox 477 4104 2050 4177">
     <span class='ocr_line' id='line_1_58' title="bbox 477 4104 2050 4177; baseline 0.01 -22"><span class='ocrx_word' id='word_1_401' title='bbox 477 4104 760 4174; x_wconf 81' lang='lat' dir='ltr'><strong>Eutychen</strong></span> <span class='ocrx_word' id='word_1_402' title='bbox 810 4106 1214 4177; x_wconf 81' lang='lat' dir='ltr'><strong>presbyterum,</strong></span> <span class='ocrx_word' id='word_1_403' title='bbox 1247 4118 1301 4162; x_wconf 90' lang='lat' dir='ltr'><strong>et</strong></span> <span class='ocrx_word' id='word_1_404' title='bbox 1349 4109 1672 4165; x_wconf 78' lang='lat' dir='ltr'><strong>Dioscorum</strong></span> <span class='ocrx_word' id='word_1_405' title='bbox 1709 4112 2050 4170; x_wconf 65' lang='lat' dir='ltr'><strong>Alexandriae</strong></span> 
     </span>
    </p>
   </div>
   <div class='ocr_carea' id='block_1_59' title="bbox 471 4189 2048 4261">
    <p class='ocr_par' dir='ltr' id='par_1_59' title="bbox 471 4189 2048 4261">
     <span class='ocr_line' id='line_1_59' title="bbox 471 4189 2048 4261; baseline 0.008 -18"><span class='ocrx_word' id='word_1_406' title='bbox 471 4189 811 4260; x_wconf 70' lang='lat' dir='ltr'><strong>episcopium,</strong></span> <span class='ocrx_word' id='word_1_407' title='bbox 831 4192 925 4261; x_wconf 92' lang='lat' dir='ltr'><strong>qui</strong></span> <span class='ocrx_word' id='word_1_408' title='bbox 961 4193 1252 4248; x_wconf 88' lang='lat' dir='ltr'><strong>humanam</strong></span> <span class='ocrx_word' id='word_1_409' title='bbox 1282 4194 1336 4248; x_wconf 91' lang='lat' dir='ltr'><strong>in</strong></span> <span class='ocrx_word' id='word_1_410' title='bbox 1374 4195 1596 4251; x_wconf 90' lang='lat' dir='ltr'><strong>Christo</strong></span> <span class='ocrx_word' id='word_1_411' title='bbox 1620 4213 1838 4253; x_wconf 89' lang='lat' dir='ltr'><strong>carnem</strong></span> <span class='ocrx_word' id='word_1_412' title='bbox 1875 4199 2048 4256; x_wconf 86' lang='lat' dir='ltr'><strong>fuisse</strong></span> 
     </span>
    </p>
   </div>
   <div class='ocr_carea' id='block_1_60' title="bbox 474 4278 2046 4350">
    <p class='ocr_par' dir='ltr' id='par_1_60' title="bbox 474 4278 2046 4350">
     <span class='ocr_line' id='line_1_60' title="bbox 474 4278 2046 4350; baseline 0.008 -21"><span class='ocrx_word' id='word_1_413' title='bbox 474 4286 694 4346; x_wconf 87' lang='lat' dir='ltr'><strong>negant,</strong></span> <span class='ocrx_word' id='word_1_414' title='bbox 718 4278 920 4348; x_wconf 90' lang='lat' dir='ltr'><strong>scripta</strong></span> <span class='ocrx_word' id='word_1_415' title='bbox 942 4279 1125 4343; x_wconf 83' lang='lat' dir='ltr'><strong>fortia,</strong></span> <span class='ocrx_word' id='word_1_416' title='bbox 1152 4296 1250 4350; x_wconf 89' lang='lat' dir='ltr'><strong>per</strong></span> <span class='ocrx_word' id='word_1_417' title='bbox 1279 4297 1400 4350; x_wconf 64' lang='lat' dir='ltr'><strong>quae</strong></span> <span class='ocrx_word' id='word_1_418' title='bbox 1419 4284 1708 4337; x_wconf 78' lang='lat' dir='ltr'><strong>confirmat</strong></span> <span class='ocrx_word' id='word_1_419' title='bbox 1737 4294 1793 4339; x_wconf 90' lang='lat' dir='ltr'><strong>et</strong></span> <span class='ocrx_word' id='word_1_420' title='bbox 1835 4286 2046 4343; x_wconf 88' lang='lat' dir='ltr'><strong>ratione</strong></span> 
     </span>
    </p>
   </div>
   <div class='ocr_carea' id='block_1_61' title="bbox 470 4365 2042 4435">
    <p class='ocr_par' dir='ltr' id='par_1_61' title="bbox 470 4365 2042 4435">
     <span class='ocr_line' id='line_1_61' title="bbox 470 4365 2042 4435; baseline 0.006 -16"><span class='ocrx_word' id='word_1_421' title='bbox 470 4365 877 4420; x_wconf 88' lang='lat' dir='ltr'><strong>ettestimoniis</strong></span> <span class='ocrx_word' id='word_1_422' title='bbox 902 4365 1328 4435; x_wconf 87' lang='lat' dir='ltr'><strong>Scripturarum,</strong></span> <span class='ocrx_word' id='word_1_423' title='bbox 1375 4370 1448 4423; x_wconf 88' lang='lat' dir='ltr'><strong>ita</strong></span> <span class='ocrx_word' id='word_1_424' title='bbox 1495 4371 1646 4424; x_wconf 91' lang='lat' dir='ltr'><strong>illum</strong></span> <span class='ocrx_word' id='word_1_425' title='bbox 1693 4388 1878 4426; x_wconf 86' lang='lat' dir='ltr'><strong>veram</strong></span> <span class='ocrx_word' id='word_1_426' title='bbox 1925 4390 2042 4429; x_wconf 85' lang='lat' dir='ltr'><strong>ma-</strong></span> 
     </span>
    </p>
   </div>
   <div class='ocr_carea' id='block_1_62' title="bbox 2175 1881 3762 1960">
    <p class='ocr_par' dir='ltr' id='par_1_62' title="bbox 2175 1881 3762 1960">
     <span class='ocr_line' id='line_1_62' title="bbox 2175 1881 3762 1960; baseline 0.017 -26"><span class='ocrx_word' id='word_1_427' title='bbox 2175 1881 2243 1936; x_wconf 90' lang='lat' dir='ltr'><strong>ab</strong></span> <span class='ocrx_word' id='word_1_428' title='bbox 2273 1882 2488 1938; x_wconf 83' lang='lat' dir='ltr'><strong>Auiano</strong></span> <span class='ocrx_word' id='word_1_429' title='bbox 2509 1885 2776 1953; x_wconf 89' lang='lat' dir='ltr'><strong>diacono;</strong></span> <span class='ocrx_word' id='word_1_430' title='bbox 2808 1889 2933 1945; x_wconf 83' lang='lat' dir='ltr'><strong>ﬁdei</strong></span> <span class='ocrx_word' id='word_1_431' title='bbox 2968 1891 3152 1947; x_wconf 76' lang='lat' dir='ltr'><strong>Rufini</strong></span> <span class='ocrx_word' id='word_1_432' title='bbox 3177 1896 3450 1954; x_wconf 61' lang='lat' dir='ltr'><strong>Palaestini</strong></span> <span class='ocrx_word' id='word_1_433' title='bbox 3477 1917 3509 1956; x_wconf 90' lang='lat' dir='ltr'><strong>a</strong></span> <span class='ocrx_word' id='word_1_434' title='bbox 3531 1881 3762 1960; x_wconf 72' lang='lat' dir='ltr'><strong>Iuliano</strong></span> 
     </span>
    </p>
   </div>
   <div class='ocr_carea' id='block_1_63' title="bbox 2173 1974 3759 2061">
    <p class='ocr_par' dir='ltr' id='par_1_63' title="bbox 2173 1974 3759 2061">
     <span class='ocr_line' id='line_1_63' title="bbox 2173 1974 3759 2061; baseline 0.015 -35"><span class='ocrx_word' id='word_1_435' title='bbox 2173 1974 2485 2038; x_wconf 88' lang='lat' dir='ltr'><strong>Eclanensi,</strong></span> <span class='ocrx_word' id='word_1_436' title='bbox 2537 1985 2647 2031; x_wconf 90' lang='lat' dir='ltr'><strong>etc.</strong></span> <span class='ocrx_word' id='word_1_437' title='bbox 2707 1978 2774 2032; x_wconf 86' lang='lat' dir='ltr'><strong>Et</strong></span> <span class='ocrx_word' id='word_1_438' title='bbox 2827 1996 2958 2036; x_wconf 86' lang='lat' dir='ltr'><strong>vero</strong></span> <span class='ocrx_word' id='word_1_439' title='bbox 3015 1999 3124 2053; x_wconf 92' lang='lat' dir='ltr'><strong>quo</strong></span> <span class='ocrx_word' id='word_1_440' title='bbox 3179 1993 3428 2061; x_wconf 86' lang='lat' dir='ltr'><strong>tempore</strong></span> <span class='ocrx_word' id='word_1_441' title='bbox 3473 1994 3759 2050; x_wconf 83' lang='lat' dir='ltr'><strong>scribebat</strong></span> 
     </span>
    </p>
   </div>
   <div class='ocr_carea' id='block_1_64' title="bbox 2170 2060 3756 2149">
    <p class='ocr_par' dir='ltr' id='par_1_64' title="bbox 2170 2060 3756 2149">
     <span class='ocr_line' id='line_1_64' title="bbox 2170 2060 3756 2149; baseline 0.017 -35"><span class='ocrx_word' id='word_1_442' title='bbox 2170 2060 2511 2127; x_wconf 89' lang='lat' dir='ltr'><strong>Gennadius,</strong></span> <span class='ocrx_word' id='word_1_443' title='bbox 2565 2066 2838 2133; x_wconf 73' lang='lat' dir='ltr'><strong>Massilia:,</strong></span> <span class='ocrx_word' id='word_1_444' title='bbox 2888 2070 2982 2125; x_wconf 91' lang='lat' dir='ltr'><strong>ubi</strong></span> <span class='ocrx_word' id='word_1_445' title='bbox 3030 2081 3147 2127; x_wconf 88' lang='lat' dir='ltr'><strong>erat</strong></span> <span class='ocrx_word' id='word_1_446' title='bbox 3203 2060 3508 2149; x_wconf 83' lang='lat' dir='ltr'><strong>presbyter,</strong></span> <span class='ocrx_word' id='word_1_447' title='bbox 3561 2083 3756 2142; x_wconf 65' lang='lat' dir='ltr'><strong>Graeca</strong></span> 
     </span>
    </p>
   </div>
   <div class='ocr_carea' id='block_1_65' title="bbox 2168 2153 3755 2233">
    <p class='ocr_par' dir='ltr' id='par_1_65' title="bbox 2168 2153 3755 2233">
     <span class='ocr_line' id='line_1_65' title="bbox 2168 2153 3755 2233; baseline 0.016 -25"><span class='ocrx_word' id='word_1_448' title='bbox 2168 2153 2354 2225; x_wconf 81' lang='lat' dir='ltr'><strong>lingua</strong></span> <span class='ocrx_word' id='word_1_449' title='bbox 2403 2157 2588 2212; x_wconf 88' lang='lat' dir='ltr'><strong>notior</strong></span> <span class='ocrx_word' id='word_1_450' title='bbox 2637 2158 2762 2224; x_wconf 88' lang='lat' dir='ltr'><strong>fuit,</strong></span> <span class='ocrx_word' id='word_1_451' title='bbox 2790 2177 2952 2228; x_wconf 86' lang='lat' dir='ltr'><strong>quam</strong></span> <span class='ocrx_word' id='word_1_452' title='bbox 3011 2163 3067 2218; x_wconf 92' lang='lat' dir='ltr'><strong>in</strong></span> <span class='ocrx_word' id='word_1_453' title='bbox 3129 2167 3240 2222; x_wconf 89' lang='lat' dir='ltr'><strong>ulla</strong></span> <span class='ocrx_word' id='word_1_454' title='bbox 3283 2169 3389 2224; x_wconf 91' lang='lat' dir='ltr'><strong>alia</strong></span> <span class='ocrx_word' id='word_1_455' title='bbox 3431 2172 3755 2233; x_wconf 86' lang='lat' dir='ltr'><strong>Occidentis</strong></span> 
     </span>
    </p>
   </div>
   <div class='ocr_carea' id='block_1_66' title="bbox 2168 2250 3753 2336">
    <p class='ocr_par' dir='ltr' id='par_1_66' title="bbox 2168 2250 3753 2336">
     <span class='ocr_line' id='line_1_66' title="bbox 2168 2250 3753 2336; baseline 0.018 -38"><span class='ocrx_word' id='word_1_456' title='bbox 2168 2256 2359 2316; x_wconf 90' lang='lat' dir='ltr'><strong>parte;</strong></span> <span class='ocrx_word' id='word_1_457' title='bbox 2391 2264 2502 2303; x_wconf 90' lang='lat' dir='ltr'><strong>non</strong></span> <span class='ocrx_word' id='word_1_458' title='bbox 2525 2250 2701 2305; x_wconf 91' lang='lat' dir='ltr'><strong>solum</strong></span> <span class='ocrx_word' id='word_1_459' title='bbox 2751 2261 2974 2322; x_wconf 89' lang='lat' dir='ltr'><strong>propter</strong></span> <span class='ocrx_word' id='word_1_460' title='bbox 3015 2257 3171 2314; x_wconf 87' lang='lat' dir='ltr'><strong>urbis</strong></span> <span class='ocrx_word' id='word_1_461' title='bbox 3215 2263 3430 2319; x_wconf 89' lang='lat' dir='ltr'><strong>natales</strong></span> <span class='ocrx_word' id='word_1_462' title='bbox 3459 2282 3490 2321; x_wconf 90' lang='lat' dir='ltr'><strong>a</strong></span> <span class='ocrx_word' id='word_1_463' title='bbox 3519 2267 3753 2336; x_wconf 64' lang='lat' dir='ltr'><strong>Graecis,</strong></span> 
     </span>
    </p>
   </div>
   <div class='ocr_carea' id='block_1_67' title="bbox 2169 2338 3754 2418">
    <p class='ocr_par' dir='ltr' id='par_1_67' title="bbox 2169 2338 3754 2418">
     <span class='ocr_line' id='line_1_67' title="bbox 2169 2338 3754 2418; baseline 0.018 -28"><span class='ocrx_word' id='word_1_464' title='bbox 2169 2347 2228 2392; x_wconf 74' lang='lat' dir='ltr'><strong>ut</strong></span> <span class='ocrx_word' id='word_1_465' title='bbox 2255 2338 2448 2402; x_wconf 89' lang='lat' dir='ltr'><strong>fertur,</strong></span> <span class='ocrx_word' id='word_1_466' title='bbox 2471 2342 2727 2404; x_wconf 67' lang='lat' dir='ltr'><strong>conditae.</strong></span> <span class='ocrx_word' id='word_1_467' title='bbox 2782 2345 2877 2399; x_wconf 88' lang='lat' dir='ltr'><strong>sed</strong></span> <span class='ocrx_word' id='word_1_468' title='bbox 2902 2347 3067 2404; x_wconf 84' lang='lat' dir='ltr'><strong>etiam</strong></span> <span class='ocrx_word' id='word_1_469' title='bbox 3118 2352 3190 2406; x_wconf 93' lang='lat' dir='ltr'><strong>ob</strong></span> <span class='ocrx_word' id='word_1_470' title='bbox 3238 2353 3487 2412; x_wconf 80' lang='lat' dir='ltr'><strong>Cassiani</strong></span> <span class='ocrx_word' id='word_1_471' title='bbox 3541 2361 3754 2418; x_wconf 83' lang='lat' dir='ltr'><strong>famam</strong></span> 
     </span>
    </p>
   </div>
   <div class='ocr_carea' id='block_1_68' title="bbox 2168 2424 3753 2510">
    <p class='ocr_par' dir='ltr' id='par_1_68' title="bbox 2168 2424 3753 2510">
     <span class='ocr_line' id='line_1_68' title="bbox 2168 2424 3753 2510; baseline 0.021 -32"><span class='ocrx_word' id='word_1_472' title='bbox 2168 2424 2296 2480; x_wconf 89' lang='lat' dir='ltr'><strong>illuc</strong></span> <span class='ocrx_word' id='word_1_473' title='bbox 2315 2443 2382 2482; x_wconf 86' lang='lat' dir='ltr'><strong>ex</strong></span> <span class='ocrx_word' id='word_1_474' title='bbox 2415 2428 2640 2485; x_wconf 88' lang='lat' dir='ltr'><strong>Oriente</strong></span> <span class='ocrx_word' id='word_1_475' title='bbox 2686 2435 2921 2502; x_wconf 89' lang='lat' dir='ltr'><strong>appulsi,</strong></span> <span class='ocrx_word' id='word_1_476' title='bbox 2971 2437 3038 2492; x_wconf 91' lang='lat' dir='ltr'><strong>ad</strong></span> <span class='ocrx_word' id='word_1_477' title='bbox 3082 2456 3246 2510; x_wconf 90' lang='lat' dir='ltr'><strong>quem</strong></span> <span class='ocrx_word' id='word_1_478' title='bbox 3277 2458 3501 2505; x_wconf 86' lang='lat' dir='ltr'><strong>sanctus</strong></span> <span class='ocrx_word' id='word_1_479' title='bbox 3561 2451 3753 2509; x_wconf 66' lang='lat' dir='ltr'><strong>Caele-</strong></span> 
     </span>
    </p>
   </div>
   <div class='ocr_carea' id='block_1_69' title="bbox 2167 2517 3756 2603">
    <p class='ocr_par' dir='ltr' id='par_1_69' title="bbox 2167 2517 3756 2603">
     <span class='ocr_line' id='line_1_69' title="bbox 2167 2517 3756 2603; baseline 0.021 -34"><span class='ocrx_word' id='word_1_480' title='bbox 2167 2517 2344 2573; x_wconf 92' lang='lat' dir='ltr'><strong>stinus</strong></span> <span class='ocrx_word' id='word_1_481' title='bbox 2377 2519 2589 2577; x_wconf 87' lang='lat' dir='ltr'><strong>litteras</strong></span> <span class='ocrx_word' id='word_1_482' title='bbox 2643 2524 2883 2581; x_wconf 83' lang='lat' dir='ltr'><strong>Nestorii</strong></span> <span class='ocrx_word' id='word_1_483' title='bbox 2950 2533 3245 2590; x_wconf 84' lang='lat' dir='ltr'><strong>vertendas</strong></span> <span class='ocrx_word' id='word_1_484' title='bbox 3308 2547 3365 2593; x_wconf 88' lang='lat' dir='ltr'><strong>et</strong></span> <span class='ocrx_word' id='word_1_485' title='bbox 3419 2542 3756 2603; x_wconf 78' lang='lat' dir='ltr'><strong>refellendas</strong></span> 
     </span>
    </p>
   </div>
   <div class='ocr_carea' id='block_1_70' title="bbox 2164 2609 2790 2666">
    <p class='ocr_par' dir='ltr' id='par_1_70' title="bbox 2164 2609 2790 2666">
     <span class='ocr_line' id='line_1_70' title="bbox 2164 2609 2790 2666; baseline 0.013 -4"><span class='ocrx_word' id='word_1_486' title='bbox 2164 2609 2335 2666; x_wconf 89' lang='lat' dir='ltr'><strong>misit.</strong></span> <span class='ocrx_word' id='word_1_487' title='bbox 2787 2625 2790 2628; x_wconf 79' lang='grc'><strong>’</strong></span> 
     </span>
    </p>
   </div>
   <div class='ocr_carea' id='block_1_71' title="bbox 2235 2701 3754 2795">
    <p class='ocr_par' dir='ltr' id='par_1_71' title="bbox 2235 2701 3754 2795">
     <span class='ocr_line' id='line_1_71' title="bbox 2235 2701 3754 2795; baseline 0.019 -42"><span class='ocrx_word' id='word_1_488' title='bbox 2235 2701 2322 2754; x_wconf 91' lang='lat' dir='ltr'><strong>Ill.</strong></span> <span class='ocrx_word' id='word_1_489' title='bbox 2351 2704 2532 2767; x_wconf 90' lang='lat' dir='ltr'><strong>Solus,</strong></span> <span class='ocrx_word' id='word_1_490' title='bbox 2587 2707 2734 2776; x_wconf 89' lang='lat' dir='ltr'><strong>quod</strong></span> <span class='ocrx_word' id='word_1_491' title='bbox 2779 2711 2971 2776; x_wconf 87' lang='lat' dir='ltr'><strong>sciam,</strong></span> <span class='ocrx_word' id='word_1_492' title='bbox 3012 2716 3263 2771; x_wconf 88' lang='lat' dir='ltr'><strong>meminit</strong></span> <span class='ocrx_word' id='word_1_493' title='bbox 3314 2722 3578 2791; x_wconf 90' lang='lat' dir='ltr'><strong>temporis</strong></span> <span class='ocrx_word' id='word_1_494' title='bbox 3636 2741 3754 2795; x_wconf 91' lang='lat' dir='ltr'><strong>quo</strong></span> 
     </span>
    </p>
   </div>
   <div class='ocr_carea' id='block_1_72' title="bbox 2164 2789 3756 2877">
    <p class='ocr_par' dir='ltr' id='par_1_72' title="bbox 2164 2789 3756 2877">
     <span class='ocr_line' id='line_1_72' title="bbox 2164 2789 3756 2877; baseline 0.02 -34"><span class='ocrx_word' id='word_1_495' title='bbox 2164 2789 2549 2855; x_wconf 83' lang='lat' dir='ltr'><strong>Theodoretus</strong></span> <span class='ocrx_word' id='word_1_496' title='bbox 2569 2797 2680 2850; x_wconf 87' lang='lat' dir='ltr'><strong>vita</strong></span> <span class='ocrx_word' id='word_1_497' title='bbox 2725 2802 2982 2866; x_wconf 74' lang='lat' dir='ltr'><strong>excessit,</strong></span> <span class='ocrx_word' id='word_1_498' title='bbox 3026 2821 3340 2877; x_wconf 89' lang='lat' dir='ltr'><strong>quanquam</strong></span> <span class='ocrx_word' id='word_1_499' title='bbox 3386 2789 3492 2868; x_wconf 80' lang='lat' dir='ltr'><strong>nec</strong></span> <span class='ocrx_word' id='word_1_500' title='bbox 3514 2815 3571 2869; x_wconf 92' lang='lat' dir='ltr'><strong>id</strong></span> <span class='ocrx_word' id='word_1_501' title='bbox 3611 2789 3756 2876; x_wconf 75' lang='lat' dir='ltr'><strong>satis</strong></span> 
     </span>
    </p>
   </div>
   <div class='ocr_carea' id='block_1_73' title="bbox 2161 2880 3751 2976">
    <p class='ocr_par' dir='ltr' id='par_1_73' title="bbox 2161 2880 3751 2976">
     <span class='ocr_line' id='line_1_73' title="bbox 2161 2880 3751 2976; baseline 0.022 -45"><span class='ocrx_word' id='word_1_502' title='bbox 2161 2880 2383 2936; x_wconf 84' lang='lat' dir='ltr'><strong>deﬁnite</strong></span> <span class='ocrx_word' id='word_1_503' title='bbox 2404 2883 2550 2938; x_wconf 85' lang='lat' dir='ltr'><strong>facit.</strong></span> <span class='ocrx_word' id='word_1_504' title='bbox 2579 2885 2768 2942; x_wconf 90' lang='lat' dir='ltr'><strong>Tradit</strong></span> <span class='ocrx_word' id='word_1_505' title='bbox 2793 2891 2938 2944; x_wconf 91' lang='lat' dir='ltr'><strong>enim</strong></span> <span class='ocrx_word' id='word_1_506' title='bbox 2956 2893 3160 2951; x_wconf 90' lang='lat' dir='ltr'><strong>obiisse</strong></span> <span class='ocrx_word' id='word_1_507' title='bbox 3182 2899 3284 2954; x_wconf 81' lang='lat' dir='ltr'><strong>sub</strong></span> <span class='ocrx_word' id='word_1_508' title='bbox 3301 2901 3484 2959; x_wconf 91' lang='lat' dir='ltr'><strong>Leone</strong></span> <span class='ocrx_word' id='word_1_509' title='bbox 3500 2910 3751 2976; x_wconf 88' lang='lat' dir='ltr'><strong>seniore,</strong></span> 
     </span>
    </p>
   </div>
   <div class='ocr_carea' id='block_1_74' title="bbox 2157 2970 3750 3069">
    <p class='ocr_par' dir='ltr' id='par_1_74' title="bbox 2157 2970 3750 3069">
     <span class='ocr_line' id='line_1_74' title="bbox 2157 2970 3750 3069; baseline 0.021 -48"><span class='ocrx_word' id='word_1_510' title='bbox 2157 2970 2252 3040; x_wconf 88' lang='lat' dir='ltr'><strong>qui</strong></span> <span class='ocrx_word' id='word_1_511' title='bbox 2274 2974 2661 3042; x_wconf 88' lang='lat' dir='ltr'><strong>septemdecim</strong></span> <span class='ocrx_word' id='word_1_512' title='bbox 2683 2994 2856 3034; x_wconf 89' lang='lat' dir='ltr'><strong>annos</strong></span> <span class='ocrx_word' id='word_1_513' title='bbox 2877 2989 2933 3036; x_wconf 91' lang='lat' dir='ltr'><strong>et</strong></span> <span class='ocrx_word' id='word_1_514' title='bbox 2955 2985 3191 3054; x_wconf 89' lang='lat' dir='ltr'><strong>amplius</strong></span> <span class='ocrx_word' id='word_1_515' title='bbox 3209 2989 3504 3059; x_wconf 89' lang='lat' dir='ltr'><strong>imperium</strong></span> <span class='ocrx_word' id='word_1_516' title='bbox 3527 2970 3750 3069; x_wconf 40' lang='lat' dir='ltr'><strong>tenuit;</strong></span> 
     </span>
    </p>
   </div>
   <div class='ocr_carea' id='block_1_75' title="bbox 2159 3063 3751 3144">
    <p class='ocr_par' dir='ltr' id='par_1_75' title="bbox 2159 3063 3751 3144">
     <span class='ocr_line' id='line_1_75' title="bbox 2159 3063 3751 3144; baseline 0.019 -30"><span class='ocrx_word' id='word_1_517' title='bbox 2159 3078 2260 3117; x_wconf 89' lang='lat' dir='ltr'><strong>nos</strong></span> <span class='ocrx_word' id='word_1_518' title='bbox 2281 3063 2349 3117; x_wconf 91' lang='lat' dir='ltr'><strong>ad</strong></span> <span class='ocrx_word' id='word_1_519' title='bbox 2377 3064 2593 3120; x_wconf 90' lang='lat' dir='ltr'><strong>initium</strong></span> <span class='ocrx_word' id='word_1_520' title='bbox 2628 3069 2843 3139; x_wconf 89' lang='lat' dir='ltr'><strong>imperii</strong></span> <span class='ocrx_word' id='word_1_521' title='bbox 2885 3073 3098 3130; x_wconf 91' lang='lat' dir='ltr'><strong>obitum</strong></span> <span class='ocrx_word' id='word_1_522' title='bbox 3135 3078 3469 3138; x_wconf 87' lang='lat' dir='ltr'><strong>Theodoreti</strong></span> <span class='ocrx_word' id='word_1_523' title='bbox 3493 3063 3751 3144; x_wconf 51' lang='lat' dir='ltr'><strong>referent:</strong></span> 
     </span>
    </p>
   </div>
   <div class='ocr_carea' id='block_1_76' title="bbox 2085 3135 3752 3238">
    <p class='ocr_par' dir='ltr' id='par_1_76' title="bbox 2085 3135 3752 3238">
     <span class='ocr_line' id='line_1_76' title="bbox 2085 3135 3752 3238; baseline 0.021 -35"><span class='ocrx_word' id='word_1_524' title='bbox 2085 3135 2126 3191; x_wconf 63' lang='grc' dir='ltr'><strong>(ἶ</strong></span> <span class='ocrx_word' id='word_1_525' title='bbox 2161 3152 2289 3206; x_wconf 90' lang='lat' dir='ltr'><strong>dum</strong></span> <span class='ocrx_word' id='word_1_526' title='bbox 2351 3158 2624 3214; x_wconf 88' lang='lat' dir='ltr'><strong>sensimus</strong></span> <span class='ocrx_word' id='word_1_527' title='bbox 2655 3161 2709 3214; x_wconf 92' lang='lat' dir='ltr'><strong>in</strong></span> <span class='ocrx_word' id='word_1_528' title='bbox 2760 3164 2988 3219; x_wconf 88' lang='lat' dir='ltr'><strong>historia</strong></span> <span class='ocrx_word' id='word_1_529' title='bbox 3047 3167 3190 3224; x_wconf 68' lang='lat' dir='ltr'><strong>vitae.</strong></span> <span class='ocrx_word' id='word_1_530' title='bbox 3229 3171 3512 3230; x_wconf 90' lang='lat' dir='ltr'><strong>Sentiendi</strong></span> <span class='ocrx_word' id='word_1_531' title='bbox 3543 3194 3752 3238; x_wconf 89' lang='lat' dir='ltr'><strong>causas</strong></span> 
     </span>
    </p>
   </div>
   <div class='ocr_carea' id='block_1_77' title="bbox 2159 3245 3752 3330">
    <p class='ocr_par' dir='ltr' id='par_1_77' title="bbox 2159 3245 3752 3330">
     <span class='ocr_line' id='line_1_77' title="bbox 2159 3245 3752 3330; baseline 0.019 -35"><span class='ocrx_word' id='word_1_532' title='bbox 2159 3245 2356 3314; x_wconf 89' lang='lat' dir='ltr'><strong>partim</strong></span> <span class='ocrx_word' id='word_1_533' title='bbox 2385 3246 2504 3302; x_wconf 92' lang='lat' dir='ltr'><strong>loco</strong></span> <span class='ocrx_word' id='word_1_534' title='bbox 2528 3264 2653 3303; x_wconf 76' lang='lat' dir='ltr'><strong>mox</strong></span> <span class='ocrx_word' id='word_1_535' title='bbox 2683 3251 2829 3308; x_wconf 90' lang='lat' dir='ltr'><strong>dicto</strong></span> <span class='ocrx_word' id='word_1_536' title='bbox 2860 3258 3215 3324; x_wconf 90' lang='lat' dir='ltr'><strong>protulimus,</strong></span> <span class='ocrx_word' id='word_1_537' title='bbox 3234 3264 3436 3330; x_wconf 90' lang='lat' dir='ltr'><strong>partim</strong></span> <span class='ocrx_word' id='word_1_538' title='bbox 3462 3266 3532 3322; x_wconf 89' lang='lat' dir='ltr'><strong>de</strong></span> <span class='ocrx_word' id='word_1_539' title='bbox 3557 3268 3752 3326; x_wconf 86' lang='lat' dir='ltr'><strong>Histo-</strong></span> 
     </span>
    </p>
   </div>
   <div class='ocr_carea' id='block_1_78' title="bbox 2158 3338 3673 3424">
    <p class='ocr_par' dir='ltr' id='par_1_78' title="bbox 2158 3338 3673 3424">
     <span class='ocr_line' id='line_1_78' title="bbox 2158 3338 3673 3424; baseline 0.017 -34"><span class='ocrx_word' id='word_1_540' title='bbox 2158 3338 2234 3390; x_wconf 91' lang='lat' dir='ltr'><strong>ria</strong></span> <span class='ocrx_word' id='word_1_541' title='bbox 2273 3338 2641 3394; x_wconf 89' lang='lat' dir='ltr'><strong>ecclesiastiea</strong></span> <span class='ocrx_word' id='word_1_542' title='bbox 2675 3341 3004 3400; x_wconf 88' lang='lat' dir='ltr'><strong>Theodoreti</strong></span> <span class='ocrx_word' id='word_1_543' title='bbox 3044 3360 3268 3419; x_wconf 88' lang='lat' dir='ltr'><strong>agentes</strong></span> <span class='ocrx_word' id='word_1_544' title='bbox 3302 3369 3673 3424; x_wconf 80' lang='lat' dir='ltr'><strong>exponemus.</strong></span> 
     </span>
    </p>
   </div>
   <div class='ocr_carea' id='block_1_79' title="bbox 2225 3427 3750 3514">
    <p class='ocr_par' dir='ltr' id='par_1_79' title="bbox 2225 3427 3750 3514">
     <span class='ocr_line' id='line_1_79' title="bbox 2225 3427 3750 3514; baseline 0.019 -34"><span class='ocrx_word' id='word_1_545' title='bbox 2225 3427 2314 3480; x_wconf 77' lang='grc' dir='ltr'><strong>ιν.</strong></span> <span class='ocrx_word' id='word_1_546' title='bbox 2358 3427 2573 3499; x_wconf 87' lang='lat' dir='ltr'><strong>Scripta</strong></span> <span class='ocrx_word' id='word_1_547' title='bbox 2606 3431 2694 3486; x_wconf 91' lang='lat' dir='ltr'><strong>illa</strong></span> <span class='ocrx_word' id='word_1_548' title='bbox 2721 3432 2906 3500; x_wconf 87' lang='lat' dir='ltr'><strong>fortia,</strong></span> <span class='ocrx_word' id='word_1_549' title='bbox 2959 3453 3196 3506; x_wconf 90' lang='lat' dir='ltr'><strong>quorum</strong></span> <span class='ocrx_word' id='word_1_550' title='bbox 3256 3446 3528 3514; x_wconf 90' lang='lat' dir='ltr'><strong>meminit,</strong></span> <span class='ocrx_word' id='word_1_551' title='bbox 3576 3454 3750 3509; x_wconf 87' lang='lat' dir='ltr'><strong>multi</strong></span> 
     </span>
    </p>
   </div>
   <div class='ocr_carea' id='block_1_80' title="bbox 2155 3522 3744 3613">
    <p class='ocr_par' dir='ltr' id='par_1_80' title="bbox 2155 3522 3744 3613">
     <span class='ocr_line' id='line_1_80' title="bbox 2155 3522 3744 3613; baseline 0.019 -43"><span class='ocrx_word' id='word_1_552' title='bbox 2155 3527 2351 3588; x_wconf 86' lang='lat' dir='ltr'><strong>putant</strong></span> <span class='ocrx_word' id='word_1_553' title='bbox 2389 3537 2498 3575; x_wconf 92' lang='lat' dir='ltr'><strong>non</strong></span> <span class='ocrx_word' id='word_1_554' title='bbox 2529 3522 2753 3579; x_wconf 83' lang='lat' dir='ltr'><strong>difl‘erre</strong></span> <span class='ocrx_word' id='word_1_555' title='bbox 2783 3526 2852 3581; x_wconf 90' lang='lat' dir='ltr'><strong>ab</strong></span> <span class='ocrx_word' id='word_1_556' title='bbox 2898 3527 3150 3588; x_wconf 88' lang='lat' dir='ltr'><strong>Eraniste</strong></span> <span class='ocrx_word' id='word_1_557' title='bbox 3180 3549 3279 3590; x_wconf 89' lang='lat' dir='ltr'><strong>seu</strong></span> <span class='ocrx_word' id='word_1_558' title='bbox 3328 3537 3744 3613; x_wconf 87' lang='lat' dir='ltr'><strong>Polymorpho;</strong></span> 
     </span>
    </p>
   </div>
   <div class='ocr_carea' id='block_1_81' title="bbox 2154 3613 3746 3698">
    <p class='ocr_par' dir='ltr' id='par_1_81' title="bbox 2154 3613 3746 3698">
     <span class='ocr_line' id='line_1_81' title="bbox 2154 3613 3746 3698; baseline 0.019 -36"><span class='ocrx_word' id='word_1_559' title='bbox 2154 3624 2333 3682; x_wconf 87' lang='lat' dir='ltr'><strong>neque</strong></span> <span class='ocrx_word' id='word_1_560' title='bbox 2360 3613 2620 3682; x_wconf 92' lang='lat' dir='ltr'><strong>opinione</strong></span> <span class='ocrx_word' id='word_1_561' title='bbox 2642 3615 2963 3672; x_wconf 75' lang='lat' dir='ltr'><strong>f‘alluntur&#39;o</strong></span> <span class='ocrx_word' id='word_1_562' title='bbox 2991 3639 3006 3674; x_wconf 86' lang='lat'><strong>:</strong></span> <span class='ocrx_word' id='word_1_563' title='bbox 3032 3625 3127 3677; x_wconf 91' lang='lat' dir='ltr'><strong>sed</strong></span> <span class='ocrx_word' id='word_1_564' title='bbox 3177 3626 3342 3698; x_wconf 76' lang='lat'><strong>258</strong></span> <span class='ocrx_word' id='word_1_565' title='bbox 3384 3646 3483 3686; x_wconf 87' lang='lat' dir='ltr'><strong>sua</strong></span> <span class='ocrx_word' id='word_1_566' title='bbox 3511 3632 3746 3692; x_wconf 83' lang='lat' dir='ltr'><strong>Genna-</strong></span> 
     </span>
    </p>
   </div>
   <div class='ocr_carea' id='block_1_82' title="bbox 2154 3698 3747 3798">
    <p class='ocr_par' dir='ltr' id='par_1_82' title="bbox 2154 3698 3747 3798">
     <span class='ocr_line' id='line_1_82' title="bbox 2154 3698 3747 3798; baseline 0.02 -47"><span class='ocrx_word' id='word_1_567' title='bbox 2154 3698 2278 3754; x_wconf 90' lang='lat' dir='ltr'><strong>dius</strong></span> <span class='ocrx_word' id='word_1_568' title='bbox 2313 3701 2427 3771; x_wconf 90' lang='lat' dir='ltr'><strong>ipse</strong></span> <span class='ocrx_word' id='word_1_569' title='bbox 2456 3704 2722 3775; x_wconf 88' lang='lat' dir='ltr'><strong>deceptus</strong></span> <span class='ocrx_word' id='word_1_570' title='bbox 2743 3719 2849 3772; x_wconf 89' lang='lat' dir='ltr'><strong>est,</strong></span> <span class='ocrx_word' id='word_1_571' title='bbox 2881 3727 2992 3766; x_wconf 89' lang='lat' dir='ltr'><strong>non</strong></span> <span class='ocrx_word' id='word_1_572' title='bbox 3045 3716 3176 3770; x_wconf 91' lang='lat' dir='ltr'><strong>satis</strong></span> <span class='ocrx_word' id='word_1_573' title='bbox 3236 3717 3567 3792; x_wconf 87' lang='lat' dir='ltr'><strong>intelligens,</strong></span> <span class='ocrx_word' id='word_1_574' title='bbox 3624 3745 3747 3798; x_wconf 89' lang='lat' dir='ltr'><strong>quo</strong></span> 
     </span>
    </p>
   </div>
   <div class='ocr_carea' id='block_1_83' title="bbox 2155 3796 3748 3880">
    <p class='ocr_par' dir='ltr' id='par_1_83' title="bbox 2155 3796 3748 3880">
     <span class='ocr_line' id='line_1_83' title="bbox 2155 3796 3748 3880; baseline 0.022 -38"><span class='ocrx_word' id='word_1_575' title='bbox 2155 3797 2400 3859; x_wconf 90' lang='lat' dir='ltr'><strong>tempore</strong></span> <span class='ocrx_word' id='word_1_576' title='bbox 2447 3796 2688 3866; x_wconf 90' lang='lat' dir='ltr'><strong>scripsit,</strong></span> <span class='ocrx_word' id='word_1_577' title='bbox 2727 3809 2783 3853; x_wconf 92' lang='lat' dir='ltr'><strong>et</strong></span> <span class='ocrx_word' id='word_1_578' title='bbox 2812 3815 2918 3868; x_wconf 91' lang='lat' dir='ltr'><strong>qua</strong></span> <span class='ocrx_word' id='word_1_579' title='bbox 2944 3807 3230 3864; x_wconf 89' lang='lat' dir='ltr'><strong>occasione</strong></span> <span class='ocrx_word' id='word_1_580' title='bbox 3256 3827 3396 3880; x_wconf 89' lang='lat' dir='ltr'><strong>opus</strong></span> <span class='ocrx_word' id='word_1_581' title='bbox 3420 3814 3523 3870; x_wconf 92' lang='lat' dir='ltr'><strong>hoc</strong></span> <span class='ocrx_word' id='word_1_582' title='bbox 3552 3796 3748 3877; x_wconf 76' lang='lat' dir='ltr'><strong>Theo-</strong></span> 
     </span>
    </p>
   </div>
   <div class='ocr_carea' id='block_1_84' title="bbox 2153 3881 3477 3966">
    <p class='ocr_par' dir='ltr' id='par_1_84' title="bbox 2153 3881 3477 3966">
     <span class='ocr_line' id='line_1_84' title="bbox 2153 3881 3477 3966; baseline 0.019 -30"><span class='ocrx_word' id='word_1_583' title='bbox 2153 3881 2398 3941; x_wconf 91' lang='lat' dir='ltr'><strong>doretus.</strong></span> <span class='ocrx_word' id='word_1_584' title='bbox 2424 3886 2750 3959; x_wconf 82' lang='lat' dir='ltr'><strong>Aperiemus</strong></span> <span class='ocrx_word' id='word_1_585' title='bbox 2776 3893 2830 3948; x_wconf 94' lang='lat' dir='ltr'><strong>in</strong></span> <span class='ocrx_word' id='word_1_586' title='bbox 2853 3895 3102 3966; x_wconf 87' lang='lat' dir='ltr'><strong>ejusdem</strong></span> <span class='ocrx_word' id='word_1_587' title='bbox 3136 3904 3477 3961; x_wconf 89' lang='lat' dir='ltr'><strong>recensione.</strong></span> 
     </span>
    </p>
   </div>
   <div class='ocr_carea' id='block_1_85' title="bbox 2713 4005 3125 4076">
    <p class='ocr_par' dir='ltr' id='par_1_85' title="bbox 2713 4005 3125 4076">
     <span class='ocr_line' id='line_1_85' title="bbox 2713 4005 3125 4076; baseline 0.015 -17"><span class='ocrx_word' id='word_1_588' title='bbox 2713 4005 2739 4076; x_wconf 86' lang='lat'><strong>§</strong></span> <span class='ocrx_word' id='word_1_589' title='bbox 2767 4006 2854 4061; x_wconf 91' lang='grc' dir='ltr'><strong>ΙΙΙ.</strong></span> <span class='ocrx_word' id='word_1_590' title='bbox 2887 4007 3125 4065; x_wconf 66' lang='lat' dir='ltr'><strong>Photii“.</strong></span> 
     </span>
    </p>
   </div>
   <div class='ocr_carea' id='block_1_86' title="bbox 2219 4109 3740 4191">
    <p class='ocr_par' dir='ltr' id='par_1_86' title="bbox 2219 4109 3740 4191">
     <span class='ocr_line' id='line_1_86' title="bbox 2219 4109 3740 4191; baseline 0.019 -28"><span class='ocrx_word' id='word_1_591' title='bbox 2219 4109 2338 4164; x_wconf 87' lang='lat' dir='ltr'><strong>Non</strong></span> <span class='ocrx_word' id='word_1_592' title='bbox 2394 4111 2610 4167; x_wconf 88' lang='lat' dir='ltr'><strong>videtur</strong></span> <span class='ocrx_word' id='word_1_593' title='bbox 2656 4131 2837 4185; x_wconf 72' lang='lat' dir='ltr'><strong>operte</strong></span> <span class='ocrx_word' id='word_1_594' title='bbox 2882 4122 3117 4190; x_wconf 88' lang='lat' dir='ltr'><strong>pretium</strong></span> <span class='ocrx_word' id='word_1_595' title='bbox 3146 4133 3354 4181; x_wconf 81' lang='lat' dir='ltr'><strong>textum</strong></span> <span class='ocrx_word' id='word_1_596' title='bbox 3404 4130 3586 4187; x_wconf 89' lang='lat' dir='ltr'><strong>Photii</strong></span> <span class='ocrx_word' id='word_1_597' title='bbox 3628 4151 3740 4191; x_wconf 76' lang='lat' dir='ltr'><strong>ex-</strong></span> 
     </span>
    </p>
   </div>
   <div class='ocr_carea' id='block_1_87' title="bbox 2150 4198 3741 4289">
    <p class='ocr_par' dir='ltr' id='par_1_87' title="bbox 2150 4198 3741 4289">
     <span class='ocr_line' id='line_1_87' title="bbox 2150 4198 3741 4289; baseline 0.016 -36"><span class='ocrx_word' id='word_1_598' title='bbox 2150 4198 2624 4270; x_wconf 88' lang='lat' dir='ltr'><strong>scribere,partim</strong></span> <span class='ocrx_word' id='word_1_599' title='bbox 2656 4205 2783 4274; x_wconf 90' lang='lat' dir='ltr'><strong>quia</strong></span> <span class='ocrx_word' id='word_1_600' title='bbox 2827 4211 3094 4276; x_wconf 81' lang='lat' dir='ltr'><strong>prolixior</strong></span> <span class='ocrx_word' id='word_1_601' title='bbox 3124 4222 3227 4280; x_wconf 91' lang='lat' dir='ltr'><strong>est,</strong></span> <span class='ocrx_word' id='word_1_602' title='bbox 3253 4231 3354 4270; x_wconf 91' lang='lat' dir='ltr'><strong>nec</strong></span> <span class='ocrx_word' id='word_1_603' title='bbox 3383 4217 3449 4272; x_wconf 94' lang='lat' dir='ltr'><strong>de</strong></span> <span class='ocrx_word' id='word_1_604' title='bbox 3473 4221 3741 4289; x_wconf 88' lang='lat' dir='ltr'><strong>pluribus</strong></span> 
     </span>
    </p>
   </div>
   <div class='ocr_carea' id='block_1_88' title="bbox 2149 4287 3735 4384">
    <p class='ocr_par' dir='ltr' id='par_1_88' title="bbox 2149 4287 3735 4384">
     <span class='ocr_line' id='line_1_88' title="bbox 2149 4287 3735 4384; baseline 0.019 -42"><span class='ocrx_word' id='word_1_605' title='bbox 2149 4287 2263 4344; x_wconf 87' lang='lat' dir='ltr'><strong>fere</strong></span> <span class='ocrx_word' id='word_1_606' title='bbox 2299 4292 2560 4360; x_wconf 88' lang='lat' dir='ltr'><strong>operibus</strong></span> <span class='ocrx_word' id='word_1_607' title='bbox 2589 4294 2753 4350; x_wconf 88' lang='lat' dir='ltr'><strong>simul</strong></span> <span class='ocrx_word' id='word_1_608' title='bbox 2783 4299 2915 4368; x_wconf 86' lang='lat' dir='ltr'><strong>agit,</strong></span> <span class='ocrx_word' id='word_1_609' title='bbox 2967 4303 3060 4356; x_wconf 92' lang='lat' dir='ltr'><strong>sed</strong></span> <span class='ocrx_word' id='word_1_610' title='bbox 3087 4307 3315 4373; x_wconf 90' lang='lat' dir='ltr'><strong>sparsim</strong></span> <span class='ocrx_word' id='word_1_611' title='bbox 3351 4308 3418 4364; x_wconf 93' lang='lat' dir='ltr'><strong>de</strong></span> <span class='ocrx_word' id='word_1_612' title='bbox 3450 4287 3693 4383; x_wconf 86' lang='lat' dir='ltr'><strong>singulis</strong></span> <span class='ocrx_word' id='word_1_613' title='bbox 3719 4337 3735 4384; x_wconf 92' lang='lat'>;</span> 
     </span>
    </p>
   </div>
   <div class='ocr_carea' id='block_1_89' title="bbox 2147 4380 3740 4466">
    <p class='ocr_par' dir='ltr' id='par_1_89' title="bbox 2147 4380 3740 4466">
     <span class='ocr_line' id='line_1_89' title="bbox 2147 4380 3740 4466; baseline 0.023 -35"><span class='ocrx_word' id='word_1_614' title='bbox 2147 4380 2344 4447; x_wconf 90' lang='lat' dir='ltr'><strong>partim</strong></span> <span class='ocrx_word' id='word_1_615' title='bbox 2378 4385 2522 4452; x_wconf 89' lang='lat' dir='ltr'><strong>quod</strong></span> <span class='ocrx_word' id='word_1_616' title='bbox 2545 4386 2614 4440; x_wconf 89' lang='lat' dir='ltr'><strong>ad</strong></span> <span class='ocrx_word' id='word_1_617' title='bbox 2640 4388 2850 4460; x_wconf 87' lang='lat' dir='ltr'><strong>singula</strong></span> <span class='ocrx_word' id='word_1_618' title='bbox 2877 4408 3044 4463; x_wconf 91' lang='lat' dir='ltr'><strong>opera</strong></span> <span class='ocrx_word' id='word_1_619' title='bbox 3083 4398 3281 4455; x_wconf 90' lang='lat' dir='ltr'><strong>adduci</strong></span> <span class='ocrx_word' id='word_1_620' title='bbox 3306 4403 3489 4460; x_wconf 89' lang='lat' dir='ltr'><strong>debet.</strong></span> 
     </span>
    </p>
   </div>
   <div class='ocr_carea' id='block_1_90' title="bbox 471 4454 3091 4550">
    <p class='ocr_par' dir='ltr' id='par_1_90' title="bbox 471 4454 3091 4550">
     <span class='ocr_line' id='line_1_90' title="bbox 471 4454 3091 4550; baseline 0.013 -43"><span class='ocrx_word' id='word_1_621' title='bbox 471 4464 638 4508; x_wconf 71' lang='lat' dir='ltr'><strong>terna:</strong></span> <span class='ocrx_word' id='word_1_622' title='bbox 666 4454 984 4509; x_wconf 70' lang='lat' dir='ltr'><strong>substantim</strong></span> <span class='ocrx_word' id='word_1_623' title='bbox 1013 4470 1232 4510; x_wconf 87' lang='lat' dir='ltr'><strong>carnem</strong></span> <span class='ocrx_word' id='word_1_624' title='bbox 1260 4457 1535 4523; x_wconf 89' lang='lat' dir='ltr'><strong>habuisse,</strong></span> <span class='ocrx_word' id='word_1_625' title='bbox 1566 4476 1729 4529; x_wconf 91' lang='lat' dir='ltr'><strong>quam</strong></span> <span class='ocrx_word' id='word_1_626' title='bbox 1767 4477 1830 4515; x_wconf 79' lang='lat' dir='ltr'><strong>ex</strong></span> <span class='ocrx_word' id='word_1_627' title='bbox 1869 4475 2041 4518; x_wconf 86' lang='lat' dir='ltr'><strong>matre</strong></span> <span class='ocrx_word' id='word_1_628' title='bbox 2079 4465 2120 4518; x_wconf 91' lang='lat' dir='ltr'><strong>D</strong></span> <span class='ocrx_word' id='word_1_629' title='bbox 2151 4486 2305 4526; x_wconf 82' lang='lat' dir='ltr'><strong>vasse</strong></span> <span class='ocrx_word' id='word_1_630' title='bbox 2343 4475 2574 4532; x_wconf 87' lang='lat' dir='ltr'><strong>sufliciat</strong></span> <span class='ocrx_word' id='word_1_631' title='bbox 2599 4478 2653 4532; x_wconf 93' lang='lat' dir='ltr'><strong>in</strong></span> <span class='ocrx_word' id='word_1_632' title='bbox 2677 4454 2931 4550; x_wconf 60' lang='lat' dir='ltr'><strong>priesenti</strong></span> <span class='ocrx_word' id='word_1_633' title='bbox 2965 4486 3091 4542; x_wconf 90' lang='lat' dir='ltr'><strong>tria.</strong></span> 
     </span>
    </p>
   </div>
   <div class='ocr_carea' id='block_1_91' title="bbox 467 4541 2042 4620">
    <p class='ocr_par' dir='ltr' id='par_1_91' title="bbox 467 4541 2042 4620">
     <span class='ocr_line' id='line_1_91' title="bbox 467 4541 2042 4620; baseline 0.008 -27"><span class='ocrx_word' id='word_1_634' title='bbox 467 4541 687 4612; x_wconf 85' lang='lat' dir='ltr'><strong>Virgine</strong></span> <span class='ocrx_word' id='word_1_635' title='bbox 717 4542 988 4612; x_wconf 91' lang='lat' dir='ltr'><strong>sumpsit:</strong></span> <span class='ocrx_word' id='word_1_636' title='bbox 1021 4542 1166 4596; x_wconf 90' lang='lat' dir='ltr'><strong>sicut</strong></span> <span class='ocrx_word' id='word_1_637' title='bbox 1221 4552 1277 4599; x_wconf 90' lang='lat' dir='ltr'><strong>et</strong></span> <span class='ocrx_word' id='word_1_638' title='bbox 1304 4561 1486 4599; x_wconf 84' lang='lat' dir='ltr'><strong>veram</strong></span> <span class='ocrx_word' id='word_1_639' title='bbox 1540 4547 1822 4612; x_wconf 88' lang='lat' dir='ltr'><strong>deitatem,</strong></span> <span class='ocrx_word' id='word_1_640' title='bbox 1879 4567 2042 4620; x_wconf 88' lang='lat' dir='ltr'><strong>quam</strong></span> 
     </span>
    </p>
   </div>
   <div class='ocr_carea' id='block_1_92' title="bbox 463 4629 2044 4707">
    <p class='ocr_par' dir='ltr' id='par_1_92' title="bbox 463 4629 2044 4707">
     <span class='ocr_line' id='line_1_92' title="bbox 463 4629 2044 4707; baseline 0.008 -25"><span class='ocrx_word' id='word_1_641' title='bbox 463 4637 665 4684; x_wconf 75' lang='lat' dir='ltr'><strong>mterua</strong></span> <span class='ocrx_word' id='word_1_642' title='bbox 687 4629 1058 4686; x_wconf 88' lang='lat' dir='ltr'><strong>naseibilitate</strong></span> <span class='ocrx_word' id='word_1_643' title='bbox 1087 4645 1117 4684; x_wconf 90' lang='lat' dir='ltr'><strong>a</strong></span> <span class='ocrx_word' id='word_1_644' title='bbox 1144 4630 1256 4686; x_wconf 88' lang='lat' dir='ltr'><strong>Deo</strong></span> <span class='ocrx_word' id='word_1_645' title='bbox 1286 4631 1446 4686; x_wconf 90' lang='lat' dir='ltr'><strong>Patre</strong></span> <span class='ocrx_word' id='word_1_646' title='bbox 1487 4634 1741 4704; x_wconf 85' lang='lat' dir='ltr'><strong>gignente</strong></span> <span class='ocrx_word' id='word_1_647' title='bbox 1789 4637 1904 4707; x_wconf 90' lang='lat' dir='ltr'><strong>ipse</strong></span> <span class='ocrx_word' id='word_1_648' title='bbox 1944 4655 2044 4694; x_wconf 83' lang='lat' dir='ltr'><strong>na-</strong></span> 
     </span>
    </p>
   </div>
   <div class='ocr_carea' id='block_1_93' title="bbox 464 4717 2042 4788">
    <p class='ocr_par' dir='ltr' id='par_1_93' title="bbox 464 4717 2042 4788">
     <span class='ocr_line' id='line_1_93' title="bbox 464 4717 2042 4788; baseline 0.007 -19"><span class='ocrx_word' id='word_1_649' title='bbox 464 4717 666 4771; x_wconf 87' lang='lat' dir='ltr'><strong>scendo</strong></span> <span class='ocrx_word' id='word_1_650' title='bbox 692 4717 923 4787; x_wconf 88' lang='lat' dir='ltr'><strong>accepit.</strong></span> <span class='ocrx_word' id='word_1_651' title='bbox 957 4717 1098 4772; x_wconf 90' lang='lat' dir='ltr'><strong>Sunt</strong></span> <span class='ocrx_word' id='word_1_652' title='bbox 1133 4727 1189 4772; x_wconf 88' lang='lat' dir='ltr'><strong>et</strong></span> <span class='ocrx_word' id='word_1_653' title='bbox 1218 4718 1462 4788; x_wconf 89' lang='lat' dir='ltr'><strong>ejusdem</strong></span> <span class='ocrx_word' id='word_1_654' title='bbox 1491 4721 1743 4777; x_wconf 68' lang='lat' dir='ltr'><strong>Historia:</strong></span> <span class='ocrx_word' id='word_1_655' title='bbox 1777 4726 2042 4780; x_wconf 89' lang='lat' dir='ltr'><strong>ecclesia-</strong></span> 
     </span>
    </p>
   </div>
   <div class='ocr_carea' id='block_1_94' title="bbox 465 4800 2039 4874">
    <p class='ocr_par' dir='ltr' id='par_1_94' title="bbox 465 4800 2039 4874">
     <span class='ocr_line' id='line_1_94' title="bbox 465 4800 2039 4874; baseline 0.008 -20"><span class='ocrx_word' id='word_1_656' title='bbox 465 4800 612 4856; x_wconf 64' lang='lat' dir='ltr'><strong>sticae</strong></span> <span class='ocrx_word' id='word_1_657' title='bbox 645 4803 796 4867; x_wconf 89' lang='lat' dir='ltr'><strong>libri,</strong></span> <span class='ocrx_word' id='word_1_658' title='bbox 823 4821 962 4874; x_wconf 88' lang='lat' dir='ltr'><strong>quos</strong></span> <span class='ocrx_word' id='word_1_659' title='bbox 1012 4804 1256 4860; x_wconf 89' lang='lat' dir='ltr'><strong>imitatus</strong></span> <span class='ocrx_word' id='word_1_660' title='bbox 1306 4806 1603 4860; x_wconf 86' lang='lat' dir='ltr'><strong>Eusebium</strong></span> <span class='ocrx_word' id='word_1_661' title='bbox 1647 4808 2039 4867; x_wconf 65' lang='lat' dir='ltr'><strong>Caesariensem</strong></span> 
     </span>
    </p>
   </div>
   <div class='ocr_carea' id='block_1_95' title="bbox 462 4888 2034 4971">
    <p class='ocr_par' dir='ltr' id='par_1_95' title="bbox 462 4888 2034 4971">
     <span class='ocr_line' id='line_1_95' title="bbox 462 4888 2034 4971; baseline 0.01 -31"><span class='ocrx_word' id='word_1_662' title='bbox 462 4888 712 4956; x_wconf 88' lang='lat' dir='ltr'><strong>scripsit;</strong></span> <span class='ocrx_word' id='word_1_663' title='bbox 747 4889 1015 4961; x_wconf 88' lang='lat' dir='ltr'><strong>incipiens</strong></span> <span class='ocrx_word' id='word_1_664' title='bbox 1055 4908 1084 4945; x_wconf 90' lang='lat' dir='ltr'><strong>a</strong></span> <span class='ocrx_word' id='word_1_665' title='bbox 1135 4892 1241 4946; x_wconf 88' lang='lat' dir='ltr'><strong>fine</strong></span> <span class='ocrx_word' id='word_1_666' title='bbox 1284 4893 1551 4947; x_wconf 91' lang='lat' dir='ltr'><strong>librorum</strong></span> <span class='ocrx_word' id='word_1_667' title='bbox 1591 4895 1813 4951; x_wconf 85' lang='lat' dir='ltr'><strong>Eusebii</strong></span> <span class='ocrx_word' id='word_1_668' title='bbox 1861 4915 2034 4971; x_wconf 89' lang='lat' dir='ltr'><strong>usque</strong></span> 
     </span>
    </p>
   </div>
   <div class='ocr_carea' id='block_1_96' title="bbox 461 4973 2036 5046">
    <p class='ocr_par' dir='ltr' id='par_1_96' title="bbox 461 4973 2036 5046">
     <span class='ocr_line' id='line_1_96' title="bbox 461 4973 2036 5046; baseline 0.011 -20"><span class='ocrx_word' id='word_1_669' title='bbox 461 4973 526 5026; x_wconf 90' lang='lat' dir='ltr'><strong>ad</strong></span> <span class='ocrx_word' id='word_1_670' title='bbox 560 4989 719 5028; x_wconf 92' lang='lat' dir='ltr'><strong>suum</strong></span> <span class='ocrx_word' id='word_1_671' title='bbox 750 4985 984 5046; x_wconf 89' lang='lat' dir='ltr'><strong>tempus,</strong></span> <span class='ocrx_word' id='word_1_672' title='bbox 1021 4979 1196 5042; x_wconf 91' lang='lat' dir='ltr'><strong>idest,</strong></span> <span class='ocrx_word' id='word_1_673' title='bbox 1229 4995 1259 5034; x_wconf 90' lang='lat' dir='ltr'><strong>a</strong></span> <span class='ocrx_word' id='word_1_674' title='bbox 1287 4981 1670 5036; x_wconf 84' lang='lat' dir='ltr'><strong>vicennalibus</strong></span> <span class='ocrx_word' id='word_1_675' title='bbox 1685 4983 2036 5043; x_wconf 89' lang='lat' dir='ltr'><strong>Constantini</strong></span> 
     </span>
    </p>
   </div>
   <div class='ocr_carea' id='block_1_97' title="bbox 460 5062 2036 5144">
    <p class='ocr_par' dir='ltr' id='par_1_97' title="bbox 460 5062 2036 5144">
     <span class='ocr_line' id='line_1_97' title="bbox 460 5062 2036 5144; baseline 0.011 -31"><span class='ocrx_word' id='word_1_676' title='bbox 460 5075 632 5130; x_wconf 84' lang='lat' dir='ltr'><strong>usque</strong></span> <span class='ocrx_word' id='word_1_677' title='bbox 673 5062 740 5116; x_wconf 90' lang='lat' dir='ltr'><strong>ad</strong></span> <span class='ocrx_word' id='word_1_678' title='bbox 781 5063 1069 5133; x_wconf 88' lang='lat' dir='ltr'><strong>imperium</strong></span> <span class='ocrx_word' id='word_1_679' title='bbox 1119 5066 1318 5121; x_wconf 85' lang='lat' dir='ltr'><strong>Leonis</strong></span> <span class='ocrx_word' id='word_1_680' title='bbox 1365 5067 1615 5135; x_wconf 90' lang='lat' dir='ltr'><strong>senioris,</strong></span> <span class='ocrx_word' id='word_1_681' title='bbox 1669 5073 1772 5126; x_wconf 89' lang='lat' dir='ltr'><strong>sub</strong></span> <span class='ocrx_word' id='word_1_682' title='bbox 1823 5089 1934 5144; x_wconf 89' lang='lat' dir='ltr'><strong>quo</strong></span> <span class='ocrx_word' id='word_1_683' title='bbox 1979 5086 2036 5131; x_wconf 92' lang='lat' dir='ltr'><strong>et</strong></span> 
     </span>
    </p>
   </div>
   <div class='ocr_carea' id='block_1_98' title="bbox 457 5156 896 5206">
    <p class='ocr_par' dir='ltr' id='par_1_98' title="bbox 457 5156 896 5206">
     <span class='ocr_line' id='line_1_98' title="bbox 457 5156 896 5206; baseline 0.007 -7"><span class='ocrx_word' id='word_1_684' title='bbox 457 5156 706 5203; x_wconf 89' lang='lat' dir='ltr'><strong>mortuus</strong></span> <span class='ocrx_word' id='word_1_685' title='bbox 734 5159 835 5206; x_wconf 74' lang='grc' dir='ltr'><strong>εει.</strong></span> <span class='ocrx_word' id='word_1_686' title='bbox 877 5170 896 5202; x_wconf 71' lang='grc' dir='ltr'><strong><em>ι</em></strong></span> 
     </span>
    </p>
   </div>
   <div class='ocr_carea' id='block_1_99' title="bbox 1027 5261 1460 5306">
    <p class='ocr_par' dir='ltr' id='par_1_99' title="bbox 1027 5261 1460 5306">
     <span class='ocr_line' id='line_1_99' title="bbox 1027 5261 1460 5306; baseline 0.009 -6"><span class='ocrx_word' id='word_1_687' title='bbox 1027 5261 1460 5306; x_wconf 57' lang='grc' dir='ltr'><strong>οηεειινλτιοδεδ.</strong></span> 
     </span>
    </p>
   </div>
   <div class='ocr_carea' id='block_1_100' title="bbox 524 5330 2024 5413">
    <p class='ocr_par' dir='ltr' id='par_1_100' title="bbox 524 5330 2024 5413">
     <span class='ocr_line' id='line_1_100' title="bbox 524 5330 2024 5413; baseline 0.009 -28"><span class='ocrx_word' id='word_1_688' title='bbox 524 5330 564 5385; x_wconf 92' lang='lat' dir='ltr'><strong>l.</strong></span> <span class='ocrx_word' id='word_1_689' title='bbox 585 5331 899 5387; x_wconf 85' lang='lat' dir='ltr'><strong>Gennadius</strong></span> <span class='ocrx_word' id='word_1_690' title='bbox 927 5336 1205 5392; x_wconf 86' lang='lat' dir='ltr'><strong>scribebat</strong></span> <span class='ocrx_word' id='word_1_691' title='bbox 1233 5355 1376 5396; x_wconf 91' lang='lat' dir='ltr'><strong>anno</strong></span> <span class='ocrx_word' id='word_1_692' title='bbox 1402 5340 1604 5397; x_wconf 91' lang='lat' dir='ltr'><strong>Christi</strong></span> <span class='ocrx_word' id='word_1_693' title='bbox 1635 5343 1758 5408; x_wconf 86' lang='grc'><strong>494,</strong></span> <span class='ocrx_word' id='word_1_694' title='bbox 1790 5344 1884 5413; x_wconf 90' lang='lat' dir='ltr'><strong>qui</strong></span> <span class='ocrx_word' id='word_1_695' title='bbox 1921 5343 2024 5398; x_wconf 84' lang='lat' dir='ltr'><strong>fuit</strong></span> 
     </span>
    </p>
   </div>
   <div class='ocr_carea' id='block_1_101' title="bbox 2703 4609 3139 4655">
    <p class='ocr_par' dir='ltr' id='par_1_101' title="bbox 2703 4609 3139 4655">
     <span class='ocr_line' id='line_1_101' title="bbox 2703 4609 3139 4655; baseline 0.018 -8"><span class='ocrx_word' id='word_1_696' title='bbox 2703 4609 3139 4655; x_wconf 69' lang='lat' dir='ltr'><strong>OBSERVATIONES.</strong></span> 
     </span>
    </p>
   </div>
   <div class='ocr_carea' id='block_1_102' title="bbox 2212 4711 3737 4806">
    <p class='ocr_par' dir='ltr' id='par_1_102' title="bbox 2212 4711 3737 4806">
     <span class='ocr_line' id='line_1_102' title="bbox 2212 4711 3737 4806; baseline 0.024 -41"><span class='ocrx_word' id='word_1_697' title='bbox 2212 4711 2250 4765; x_wconf 94' lang='lat' dir='ltr'><strong>l.</strong></span> <span class='ocrx_word' id='word_1_698' title='bbox 2279 4712 2524 4770; x_wconf 84' lang='lat' dir='ltr'><strong>Meminit</strong></span> <span class='ocrx_word' id='word_1_699' title='bbox 2567 4734 2797 4788; x_wconf 90' lang='lat' dir='ltr'><strong>operum</strong></span> <span class='ocrx_word' id='word_1_700' title='bbox 2836 4725 3163 4786; x_wconf 88' lang='lat' dir='ltr'><strong>Theodoreti</strong></span> <span class='ocrx_word' id='word_1_701' title='bbox 3210 4737 3453 4806; x_wconf 89' lang='lat' dir='ltr'><strong>quinque</strong></span> <span class='ocrx_word' id='word_1_702' title='bbox 3504 4740 3556 4794; x_wconf 92' lang='lat' dir='ltr'><strong>in</strong></span> <span class='ocrx_word' id='word_1_703' title='bbox 3585 4742 3737 4802; x_wconf 88' lang='lat' dir='ltr'><strong>locis</strong></span> 
     </span>
    </p>
   </div>
   <div class='ocr_carea' id='block_1_103' title="bbox 2152 4800 3730 4889">
    <p class='ocr_par' dir='ltr' id='par_1_103' title="bbox 2152 4800 3730 4889">
     <span class='ocr_line' id='line_1_103' title="bbox 2152 4800 3730 4889; baseline 0.023 -37"><span class='ocrx_word' id='word_1_704' title='bbox 2152 4800 2530 4871; x_wconf 55' lang='lat' dir='ltr'><strong>Bibliotheca,</strong></span> <span class='ocrx_word' id='word_1_705' title='bbox 2565 4811 2658 4864; x_wconf 90' lang='lat' dir='ltr'><strong>ubi</strong></span> <span class='ocrx_word' id='word_1_706' title='bbox 2695 4814 2861 4868; x_wconf 91' lang='lat' dir='ltr'><strong>tradit</strong></span> <span class='ocrx_word' id='word_1_707' title='bbox 2898 4832 2954 4870; x_wconf 91' lang='lat' dir='ltr'><strong>se</strong></span> <span class='ocrx_word' id='word_1_708' title='bbox 2994 4819 3190 4889; x_wconf 87' lang='lat' dir='ltr'><strong>legisse</strong></span> <span class='ocrx_word' id='word_1_709' title='bbox 3223 4800 3516 4882; x_wconf 65' lang='lat' dir='ltr'><strong>Historiam</strong></span> <span class='ocrx_word' id='word_1_710' title='bbox 3536 4800 3730 4887; x_wconf 54' lang='lat' dir='ltr'><strong>eet-le;</strong></span> 
     </span>
    </p>
   </div>
   <div class='ocr_carea' id='block_1_104' title="bbox 2136 4891 3727 4990">
    <p class='ocr_par' dir='ltr' id='par_1_104' title="bbox 2136 4891 3727 4990">
     <span class='ocr_line' id='line_1_104' title="bbox 2136 4891 3727 4990; baseline 0.021 -46"><span class='ocrx_word' id='word_1_711' title='bbox 2136 4891 2445 4961; x_wconf 87' lang='lat' dir='ltr'><strong>siasticam;</strong></span> <span class='ocrx_word' id='word_1_712' title='bbox 2474 4898 2644 4954; x_wconf 86' lang='lat' dir='ltr'><strong>libros</strong></span> <span class='ocrx_word' id='word_1_713' title='bbox 2673 4903 2867 4972; x_wconf 87' lang='lat' dir='ltr'><strong>viginti</strong></span> <span class='ocrx_word' id='word_1_714' title='bbox 2907 4917 3114 4977; x_wconf 89' lang='lat' dir='ltr'><strong>septem</strong></span> <span class='ocrx_word' id='word_1_715' title='bbox 3146 4914 3413 4972; x_wconf 87' lang='lat' dir='ltr'><strong>adversus</strong></span> <span class='ocrx_word' id='word_1_716' title='bbox 3456 4920 3727 4990; x_wconf 65' lang='lat' dir='ltr'><strong>hwreses,</strong></span> 
     </span>
    </p>
   </div>
   <div class='ocr_carea' id='block_1_105' title="bbox 2136 4984 3726 5078">
    <p class='ocr_par' dir='ltr' id='par_1_105' title="bbox 2136 4984 3726 5078">
     <span class='ocr_line' id='line_1_105' title="bbox 2136 4984 3726 5078; baseline 0.02 -42"><span class='ocrx_word' id='word_1_717' title='bbox 2136 4984 2340 5053; x_wconf 90' lang='lat' dir='ltr'><strong>quibus</strong></span> <span class='ocrx_word' id='word_1_718' title='bbox 2374 5000 2628 5046; x_wconf 88' lang='lat' dir='ltr'><strong>accenset</strong></span> <span class='ocrx_word' id='word_1_719' title='bbox 2673 4993 3195 5065; x_wconf 89' lang='lat' dir='ltr'><strong>Eranisten;libros</strong></span> <span class='ocrx_word' id='word_1_720' title='bbox 3246 5007 3488 5078; x_wconf 87' lang='lat' dir='ltr'><strong>quinque</strong></span> <span class='ocrx_word' id='word_1_721' title='bbox 3529 4984 3726 5066; x_wconf 50' lang='lat' dir='ltr'><strong>&quot;iure;</strong></span> 
     </span>
    </p>
   </div>
   <div class='ocr_carea' id='block_1_106' title="bbox 2101 5075 3730 5172">
    <p class='ocr_par' dir='ltr' id='par_1_106' title="bbox 2101 5075 3730 5172">
     <span class='ocr_line' id='line_1_106' title="bbox 2101 5075 3730 5172; baseline 0.021 -47"><span class='ocrx_word' id='word_1_722' title='bbox 2101 5089 2109 5098; x_wconf 93' lang='grc'><strong>·</strong></span> <span class='ocrx_word' id='word_1_723' title='bbox 2142 5075 2370 5139; x_wconf 72' lang='lat' dir='ltr'><strong>ticarum</strong></span> <span class='ocrx_word' id='word_1_724' title='bbox 2421 5079 2762 5148; x_wconf 82' lang='lat' dir='ltr'><strong>fabularum;</strong></span> <span class='ocrx_word' id='word_1_725' title='bbox 2806 5086 2978 5144; x_wconf 89' lang='lat' dir='ltr'><strong>libros</strong></span> <span class='ocrx_word' id='word_1_726' title='bbox 3013 5093 3238 5148; x_wconf 89' lang='lat' dir='ltr'><strong>totidem</strong></span> <span class='ocrx_word' id='word_1_727' title='bbox 3297 5099 3351 5152; x_wconf 91' lang='lat' dir='ltr'><strong>in</strong></span> <span class='ocrx_word' id='word_1_728' title='bbox 3389 5075 3730 5172; x_wconf 75' lang='lat' dir='ltr'><strong>Cbrysoslo—</strong></span> 
     </span>
    </p>
   </div>
   <div class='ocr_carea' id='block_1_107' title="bbox 2140 5174 3720 5258">
    <p class='ocr_par' dir='ltr' id='par_1_107' title="bbox 2140 5174 3720 5258">
     <span class='ocr_line' id='line_1_107' title="bbox 2140 5174 3720 5258; baseline 0.019 -40"><span class='ocrx_word' id='word_1_729' title='bbox 2140 5181 2312 5231; x_wconf 84' lang='lat' dir='ltr'><strong>mum,</strong></span> <span class='ocrx_word' id='word_1_730' title='bbox 2348 5174 2775 5230; x_wconf 87' lang='lat' dir='ltr'><strong>commentarios</strong></span> <span class='ocrx_word' id='word_1_731' title='bbox 2797 5175 2850 5231; x_wconf 91' lang='lat' dir='ltr'><strong>in</strong></span> <span class='ocrx_word' id='word_1_732' title='bbox 2874 5179 3172 5247; x_wconf 87' lang='lat' dir='ltr'><strong>Danielem,</strong></span> <span class='ocrx_word' id='word_1_733' title='bbox 3209 5185 3264 5239; x_wconf 92' lang='lat' dir='ltr'><strong>in</strong></span> <span class='ocrx_word' id='word_1_734' title='bbox 3292 5187 3720 5258; x_wconf 89' lang='lat' dir='ltr'><strong>Octateuchum,</strong></span> 
     </span>
    </p>
   </div>
   <div class='ocr_carea' id='block_1_108' title="bbox 2132 5257 3722 5402">
    <p class='ocr_par' dir='ltr' id='par_1_108' title="bbox 2132 5257 3722 5402">
     <span class='ocr_line' id='line_1_108' title="bbox 2135 5257 3722 5342; baseline 0.021 -33"><span class='ocrx_word' id='word_1_735' title='bbox 2135 5257 2306 5312; x_wconf 83' lang='lat' dir='ltr'><strong>libros</strong></span> <span class='ocrx_word' id='word_1_736' title='bbox 2333 5260 2563 5329; x_wconf 84' lang='lat' dir='ltr'><strong>Regum,</strong></span> <span class='ocrx_word' id='word_1_737' title='bbox 2610 5266 3044 5338; x_wconf 84' lang='lat' dir='ltr'><strong>Paralipomena,</strong></span> <span class='ocrx_word' id='word_1_738' title='bbox 3067 5283 3120 5329; x_wconf 90' lang='lat' dir='ltr'><strong>et</strong></span> <span class='ocrx_word' id='word_1_739' title='bbox 3152 5276 3440 5334; x_wconf 89' lang='lat' dir='ltr'><strong>duodecim</strong></span> <span class='ocrx_word' id='word_1_740' title='bbox 3466 5257 3722 5342; x_wconf 89' lang='lat' dir='ltr'><strong>minores</strong></span> 
     </span>
     <span class='ocr_line' id='line_1_109' title="bbox 2132 5347 2452 5402; baseline 0 0"><span class='ocrx_word' id='word_1_741' title='bbox 2132 5347 2452 5402; x_wconf 85' lang='lat' dir='ltr'><strong>Pronhetas.</strong></span> 
     </span>
    </p>
   </div>
   <div class='ocr_carea' id='block_1_109' title="bbox 2177 5351 2452 5418">
    <p class='ocr_par' dir='ltr' id='par_1_109' title="bbox 2177 5351 2452 5418">
     <span class='ocr_line' id='line_1_110' title="bbox 2177 5351 2452 5418; baseline 0.018 -16"><span class='ocrx_word' id='word_1_742' title='bbox 2177 5351 2452 5418; x_wconf 88' lang='lat' dir='ltr'><strong>rophetas.</strong></span> 
     </span>
    </p>
   </div>
   <div class='ocr_carea' id='block_1_110' title="bbox 1789 5482 2374 5544">
    <p class='ocr_par' dir='ltr' id='par_1_110' title="bbox 1789 5482 2374 5544">
     <span class='ocr_line' id='line_1_111' title="bbox 1789 5482 2374 5544; baseline 0.012 -7"><span class='ocrx_word' id='word_1_743' title='bbox 1789 5482 2106 5540; x_wconf 83' lang='lat' dir='ltr'><strong>SCHULZII</strong></span> <span class='ocrx_word' id='word_1_744' title='bbox 2145 5485 2374 5544; x_wconf 71' lang='lat' dir='ltr'><strong>NOTAE.</strong></span> 
     </span>
    </p>
   </div>
   <div class='ocr_carea' id='block_1_111' title="bbox 517 5585 3716 5688">
    <p class='ocr_par' dir='ltr' id='par_1_111' title="bbox 517 5585 3716 5688">
     <span class='ocr_line' id='line_1_112' title="bbox 517 5585 3716 5688; baseline 0.017 -54"><span class='ocrx_word' id='word_1_745' title='bbox 517 5585 869 5688; x_wconf 43' lang='grc' dir='ltr'><strong>ἱρὲῆρξί.</strong></span> <span class='ocrx_word' id='word_1_746' title='bbox 903 5587 1916 5688; x_wconf 29' lang='lat' dir='ltr'><strong>Egbhsed&#39;adversulsom‘nes‘haereses</strong></span> <span class='ocrx_word' id='word_1_747' title='bbox 1938 5603 2308 5688; x_wconf 44' lang='lat' dir='ltr'><strong>seuealamum</strong></span> <span class='ocrx_word' id='word_1_748' title='bbox 2339 5607 2625 5688; x_wconf 71' lang='lat' dir='ltr'><strong>strinxisse</strong></span> <span class='ocrx_word' id='word_1_749' title='bbox 2686 5620 2923 5688; x_wconf 78' lang='lat' dir='ltr'><strong>testatur</strong></span> <span class='ocrx_word' id='word_1_750' title='bbox 2953 5617 3006 5670; x_wconf 93' lang='lat' dir='ltr'><strong>in</strong></span> <span class='ocrx_word' id='word_1_751' title='bbox 3039 5620 3280 5688; x_wconf 89' lang='lat' dir='ltr'><strong>Epistola</strong></span> <span class='ocrx_word' id='word_1_752' title='bbox 3314 5624 3383 5678; x_wconf 81' lang='lat' dir='ltr'><strong>ad</strong></span> <span class='ocrx_word' id='word_1_753' title='bbox 3405 5629 3716 5687; x_wconf 84' lang='lat' dir='ltr'><strong>monachos</strong></span> 
     </span>
    </p>
   </div>
   <div class='ocr_carea' id='block_1_112' title="bbox 448 5654 858 5726">
    <p class='ocr_par' dir='ltr' id='par_1_112' title="bbox 448 5654 858 5726">
     <span class='ocr_line' id='line_1_113' title="bbox 448 5654 858 5726; baseline 0 -16"><span class='ocrx_word' id='word_1_754' title='bbox 448 5654 858 5726; x_wconf 72' lang='lat' dir='ltr'><strong>Constantinop.</strong></span> 
     </span>
    </p>
   </div>
   <div class='ocr_carea' id='block_1_113' title="bbox 451 5726 1861 5803">
    <p class='ocr_par' dir='ltr' id='par_1_113' title="bbox 451 5726 1861 5803">
     <span class='ocr_line' id='line_1_114' title="bbox 451 5726 1861 5803; baseline 0.01 -24"><span class='ocrx_word' id='word_1_755' title='bbox 451 5726 569 5788; x_wconf 72' lang='lat' dir='ltr'><strong>(au.</strong></span> <span class='ocrx_word' id='word_1_756' title='bbox 615 5727 720 5782; x_wconf 85' lang='lat' dir='ltr'><strong>Sed</strong></span> <span class='ocrx_word' id='word_1_757' title='bbox 747 5727 1096 5800; x_wconf 87' lang='lat' dir='ltr'><strong>impugnatur</strong></span> <span class='ocrx_word' id='word_1_758' title='bbox 1143 5726 1245 5786; x_wconf 83' lang='lat' dir='ltr'><strong>ista</strong></span> <span class='ocrx_word' id='word_1_759' title='bbox 1289 5732 1477 5802; x_wconf 80' lang='lat' dir='ltr'><strong>Opinio</strong></span> <span class='ocrx_word' id='word_1_760' title='bbox 1526 5733 1687 5803; x_wconf 90' lang='lat' dir='ltr'><strong>infra,</strong></span> <span class='ocrx_word' id='word_1_761' title='bbox 1721 5752 1772 5791; x_wconf 91' lang='lat' dir='ltr'><strong>c.</strong></span> <span class='ocrx_word' id='word_1_762' title='bbox 1809 5739 1861 5794; x_wconf 88' lang='grc'><strong>6.</strong></span> 
     </span>
    </p>
   </div>
   <div class='ocr_carea' id='block_1_114' title="bbox 933 5657 3704 5772">
    <p class='ocr_par' dir='ltr' id='par_1_114' title="bbox 933 5657 3704 5772">
     <span class='ocr_line' id='line_1_115' title="bbox 933 5657 3704 5772; baseline 0.013 -59"><span class='ocrx_word' id='word_1_763' title='bbox 933 5657 974 5690; x_wconf 77' lang='grc'><strong>⁸⁸</strong></span> <span class='ocrx_word' id='word_1_764' title='bbox 1001 5658 1065 5713; x_wconf 86' lang='lat' dir='ltr'><strong>In</strong></span> <span class='ocrx_word' id='word_1_765' title='bbox 1095 5662 1232 5742; x_wconf 69' lang='lat' dir='ltr'><strong>sola,</strong></span> <span class='ocrx_word' id='word_1_766' title='bbox 1261 5673 1376 5744; x_wconf 49' lang='lat' dir='ltr'><strong>etc.</strong></span> <span class='ocrx_word' id='word_1_767' title='bbox 1401 5664 1589 5744; x_wconf 68' lang='lat' dir='ltr'><strong>Exstat</strong></span> <span class='ocrx_word' id='word_1_768' title='bbox 1620 5666 1786 5721; x_wconf 89' lang='lat' dir='ltr'><strong>etiam</strong></span> <span class='ocrx_word' id='word_1_769' title='bbox 1815 5671 1984 5742; x_wconf 84' lang='lat' dir='ltr'><strong>hujus</strong></span> <span class='ocrx_word' id='word_1_770' title='bbox 2003 5672 2132 5729; x_wconf 90' lang='lat' dir='ltr'><strong>libri</strong></span> <span class='ocrx_word' id='word_1_771' title='bbox 2161 5657 3280 5756; x_wconf 52' lang='lat' dir='ltr'><strong>metrici-iiii???“féééiéi&#39;ifi&#39;vf</strong></span> <span class='ocrx_word' id='word_1_772' title='bbox 3314 5657 3704 5772; x_wconf 36' lang='lat' dir='ltr'><strong>ubiExit-2:</strong></span> 
     </span>
     <span class='ocr_line' id='line_1_116' title="bbox 933 5734 1843 5772; baseline 0 0"><span class='ocrx_word' id='word_1_773' title='bbox 933 5737 1096 5772; x_wconf 72' lang='lat' dir='ltr'><strong>natur</strong></span> <span class='ocrx_word' id='word_1_774' title='bbox 1145 5739 1242 5772; x_wconf 71' lang='lat' dir='ltr'><strong>IQISI</strong></span> <span class='ocrx_word' id='word_1_775' title='bbox 1289 5747 1477 5772; x_wconf 81' lang='lat' dir='ltr'><strong>nnlnln</strong></span> <span class='ocrx_word' id='word_1_776' title='bbox 1526 5734 1664 5772; x_wconf 67' lang='lat' dir='ltr'><strong>Infra</strong></span> <span class='ocrx_word' id='word_1_777' title='bbox 1721 5752 1751 5772; x_wconf 74' lang='grc' dir='ltr'><strong>ιι</strong></span> <span class='ocrx_word' id='word_1_778' title='bbox 1809 5739 1843 5772; x_wconf 65' lang='grc' dir='ltr'><strong><em>Ω</em></strong></span> 
     </span>
    </p>
   </div>
  </div>
