3926 6216
238 243 344 308 209

318 357 382 412 ll.
424 357 589 413 Multa
606 375 720 416 non
755 363 1112 430 memorat",
1138 380 1261 435 quae
1306 366 1490 421 nullus
1533 375 1716 422 tamen
1742 383 1828 421 re-
1862 380 1906 433 Α
1934 367 2261 437 conquisitis
2310 366 2443 423 hinc
2485 365 2613 421 inde
2648 366 2824 433 libris,
2864 368 3116 423 restituta
3148 376 3233 424 est

240 457 406 503 vocat
433 452 487 504 in
513 451 749 508 dubium
776 495 791 519 ,
851 456 963 510 imo
983 472 1105 527 qua:
1136 473 1329 528 inagna
1349 477 1418 514 ex
1461 468 1617 531 parte
1647 458 1829 513 Theo-

241 543 468 598 doretus
502 560 765 614 expresse
796 549 1065 618 agnoscit,
1105 558 1360 621 tanquam
1387 568 1521 627 sua:
1557 550 1829 622 agnoscit,

240 636 486 704 inquam,
512 637 567 689 in
595 638 731 707 ipsis
761 639 928 694 etiam
947 639 1102 695 libris
1123 657 1154 696 a
1176 642 1372 701 Photio
1395 643 1832 709 memoratis,ve-

182 718 183 721 “
238 724 343 777 luti
359 727 734 794 expositiones
756 731 812 783 in
828 730 1173 797 Psalterium,
1210 733 1263 787 in
1279 733 1588 800 Cantica,in
1615 734 1829 797 Isaiam,

239 819 299 870 in
332 817 644 884 Jeremiam,
679 821 736 876 in
773 823 1139 891 Ezechielem,
1190 825 1244 880 in
1264 826 1511 897 Apostoli
1562 828 1836 899 Epistolas

236 910 893 983 quatuordecim,quibus
913 917 1053 972 adde
1085 917 1371 973 Historiam
1391 918 1834 990 religiosam,sive

238 998 599 1068 Philumena,
617 1006 927 1062 orationem
940 1007 1008 1064 de
1023 1008 1322 1074 Charitate,
1341 1026 1622 1067 sermones
1642 1012 1833 1067 decem

239 1093 318 1147 de
364 1094 744 1163 Providentia,
796 1100 969 1157 libros
1003 1103 1231 1158 totidem
1262 1103 1341 1158 De
1359 1104 1675 1162 Crcecanicis
1704 1107 1833 1177 ασε-

239 1186 501 1240 ctionibus
514 1190 791 1255 curandis,
810 1201 867 1248 et
892 1193 1152 1263 epistolas
1182 1195 1468 1266 plurimas.

323 1276 408 1331 ΙΙΙ.
461 1278 625 1335 Solus
679 1283 877 1339 tribuit
906 1285 1258 1343 Theodoreto
1291 1287 1473 1349 libros
1499 1289 1744 1360 quinque
1772 1292 1831 1345 in

245 1366 462 1420 laudem
492 1366 856 1443 σιω-νεοδιοωί
874 1391 894 1440 ;
928 1375 1078 1431 solus
1107 1376 1238 1431 item
1273 1376 1446 1434 libros
1472 1378 1667 1450 viginti
1704 1395 1833 1450 sep-

252 1465 364 1512 tem
389 1461 640 1517 adversus
695 1467 950 1533 haereses;
981 1484 1295 1539 quanquam
1344 1486 1414 1526 ex
1462 1471 1571 1527 illis
1636 1471 1833 1543 viginti

249 1558 461 1619 septem
484 1553 649 1624 longe
680 1565 808 1612 ante
846 1559 1026 1615 Photii
1066 1569 1310 1631 tempora
1342 1561 1543 1618 Marius
1565 1563 1834 1619 Mercator

250 1642 498 1710 priorum
525 1646 775 1717 quinque
800 1651 1134 1707 mentionem
1166 1652 1295 1722 fecit
1318 1670 1333 1706 :
1359 1654 1455 1709 sed
1471 1654 1635 1709 simul
1655 1654 1830 1722 dedit,

255 1731 402 1787 unde
429 1734 662 1792 Photius
702 1741 913 1795 erroris
941 1741 995 1796 in
1028 1758 1096 1798 eo
1119 1743 1494 1812 damnaretur,
1522 1746 1670 1817 quod
1699 1746 1836 1804 alios

255 1824 446 1891 libros,
469 1828 588 1883 sive
608 1830 797 1899 potius
825 1847 1108 1890 sermones
1140 1836 1334 1907 viginti
1363 1847 1420 1894 et
1444 1854 1637 1904 unum,
1657 1838 1836 1895 Theo-

256 1915 448 1972 doreto
483 1919 765 1987 tribuerit,
815 1938 944 1979 eum
984 1926 1097 1982 sint
1142 1928 1391 1995 alterius,
1439 1947 1602 2002 quem
1632 1932 1836 1988 Marius

258 2005 517 2065 Mercator
540 2011 869 2067 nominatim
902 2017 1139 2088 appellat
1164 2018 1228 2071 ".

604 2151 623 2168 '
646 2147 676 2221 δ
696 2150 784 2205 lV.
807 2151 1129 2224 Nicephorus
1161 2153 1437 2210 Callistus.

330 2255 385 2310 lu
416 2257 562 2319 libro
609 2277 697 2315 stv
744 2262 994 2320 Historia:
1022 2265 1408 2333 ecclesiasticae,
1433 2282 1554 2338 cap.
1594 2267 1684 2333 54,
1722 2268 1835 2322 haec

271 2348 422 2404 habet
450 2368 463 2404 :
511 2372 529 2402 ι
562 2353 950 2413 Theodoretus
996 2358 1219 2415 natione
1252 2359 1476 2430 quidem
1504 2359 1674 2431 Syrus
1710 2359 1833 2423 fuit,

269 2450 495 2497 sectator
527 2453 716 2500 autem
769 2449 952 2519 magni
978 2448 1376 2523 Chrysostomi,
1408 2451 1669 2530 illumque
1706 2452 1833 2514 sibi,

266 2533 411 2600 quasi
463 2535 793 2604 primarium
852 2542 1153 2617 exemplar,
1228 2543 1368 2614 style
1441 2542 1837 2597 conformando

266 2627 598 2694 propositum
647 2628 872 2697 habuit;
917 2633 1125 2688 etenim
1172 2633 1377 2691 liuidus
1438 2632 1734 2691 admodum
1773 2651 1837 2691 ac

266 2715 529 2783 copiosus,
562 2718 617 2773 in
650 2720 966 2778 elocutione
996 2722 1196 2789 facilis,
1231 2731 1287 2780 et
1318 2723 1554 2781 Atticam
1605 2725 1835 2796 gratiam

262 2805 527 2863 redolens.
553 2810 990 2870 Lucubrationes
1019 2814 1088 2869 ab
1110 2831 1177 2871 eo
1212 2818 1530 2889 composita:
1551 2818 1635 2872 hae
1663 2826 1793 2873 sunt
1818 2835 1831 2872 :

259 2898 648 2960 Enarrationes
700 2905 755 2960 in
799 2907 968 2963 Vetus
1005 2907 1438 2976 Testamentum,
1466 2911 1624 2982 cujus
1670 2910 1834 2965 etiam

256 2990 641 3051 obscuriorum
684 2998 933 3054 locorum
990 3001 1366 3071 expositiones
1398 3002 1451 3056 in
1497 3002 1834 3072 peculiarem

249 3086 527 3140 contraxit
550 3088 772 3142 librum.
797 3090 951 3160 Opus
978 3092 1126 3147 aliud
1150 3094 1205 3147 in
1234 3094 1496 3147 sexdecim
1530 3095 1830 3165 prophetas,

247 3176 401 3231 aliud
421 3177 568 3233 idem
593 3181 649 3234 in
674 3180 1018 3248 Psalterium,
1045 3183 1120 3237 De
1136 3183 1480 3240 Providentia
1506 3184 1647 3239 liber
1672 3186 1830 3250 alius,

245 3266 393 3325 alius
424 3270 479 3323 in
522 3269 852 3340 Apostolum,
878 3272 1135 3330 Aduersus
1177 3279 1396 3331 luereses
1442 3294 1622 3333 omnes
1674 3278 1833 3332 volu-

245 3361 569 3430 men,quod
599 3365 859 3420 mendacii
896 3376 946 3420 et
978 3367 1207 3423 veritatis
1232 3368 1513 3423 discrimen
1535 3369 1831 3440 inscripsit.

257 3451 455 3515 Liber,
486 3469 651 3524 quem
673 3465 865 3511 contra
899 3457 1191 3514 duodecim
1231 3459 1396 3531 259
1423 3460 1615 3533 Capita
1647 3462 1834 3536 Cyrilli

242 3544 611 3614 conscripsit.
652 3546 1183 3605 ltemEcclcsiastica
1212 3552 1456 3618 historia,
1508 3563 1564 3608 et
1617 3570 1833 3611 rursum

242 3637 584 3705 Philotimus,
624 3640 727 3696 hoc
744 3650 849 3705 est,
874 3641 972 3697 Dei
1002 3644 1298 3698 amantium
1327 3645 1570 3711 historia,
1624 3646 1676 3700 in
1728 3663 1836 3717 qua

243 3731 579 3785 institutum
647 3748 862 3799 eorum,
918 3734 1013 3804 qui
1065 3743 1226 3790 aetate
1294 3751 1392 3790 sua
1431 3736 1600 3791 vitam
1646 3745 1835 3793 sancte

242 3831 671 3892 transegerunt,
724 3825 1095 3896 persequitur.
1144 3826 1298 3881 Libri
1351 3835 1464 3882 tres
1526 3827 1603 3881 De
1647 3828 1837 3885 divinis

244 3912 595 3982 dogmatibus
627 3911 681 3966 in
727 3913 944 3985 dialogo
987 3916 1306 3987 conscripti.
1390 3917 1522 3989 Legi
1570 3927 1834 3989 praeterea

246 4016 422 4071 supra
451 4000 777 4071 quingentas
807 4004 929 4074 ejus
954 4003 1223 4076 Epistolas
1241 4005 1429 4062 (ἴε-ιεαο
1463 4021 1713 4063 sermone
1736 4023 1837 4078 op-

243 4094 384 4150 time
408 4093 765 4162 compositas.

826 4246 1267 4288 ουδειινλτιοκιιιδ.

317 4343 362 4396 Ι.
400 4340 639 4397 Vivebat
664 4344 1012 4415 Nicephorus
1054 4359 1141 4397 xlv
1187 4343 1408 4407 saeculo,
1438 4343 1585 4397 circa
1632 4359 1836 4397 annum

1420 256 1521 316 DE
1557 258 1816 318 LIBRIS
1848 255 2355 317 THEODORETI-

3282 386 3294 423 :
3343 384 3511 440 quare

1933 472 2045 511 non
2092 458 2200 512 alia
2247 472 2412 528 quam
2440 471 2565 528 qua
2590 465 2975 522 numerantur,
3030 457 3228 528 opinor
3259 467 3389 515 tunc
3414 476 3512 515 ex-

1934 550 2140 606 stitisse
2170 565 2361 621 opera,
2386 566 2510 620 qua:
2538 549 2873 606 Theodoreti
2895 550 3118 606 nomine
3146 550 3515 608 inscriberen-

1935 651 2045 705 tur,
2099 652 2198 697 aut
2239 644 2432 699 saltem
2468 643 2838 699 communiter
2864 643 3120 700 manibus
3142 654 3511 700 versarentur.

2004 734 2069 788 ll.
2104 733 2224 789 Non
2250 742 2524 799 recenset,
2571 750 2694 803 quae
2722 733 2927 788 nostris
2949 734 3115 795 etiam
3143 734 3397 790 manibus
3428 744 3509 790 te-

1935 834 2157 890 runtur,
2173 822 2563 881 Commentaria
2579 825 2634 878 in
2652 822 2893 889 Cantica,
2908 823 3078 878 libros
3090 823 3279 879 decem
3290 823 3512 879 delirat-

1933 917 2131 972 canicis
2178 915 2536 988 aﬁ'ectionibus
2577 915 2850 981 curandis,
2886 923 2942 970 et
2967 913 3271 970 Orationem
3297 916 3361 969 de
3384 917 3510 970 cha-

1935 1010 2091 1063 ritate
2119 1026 2137 1064 :
2160 1023 2475 1080 quanquam
2504 1007 2611 1063 dici
2637 1015 2817 1078 potest
2844 1008 3151 1063 orationem
3176 1008 3318 1063 hanc
3335 1007 3514 1063 Philo-

1922 1101 2041 1174 ‘thei
2061 1140 2077 1165 ,
2125 1100 2215 1156 cui
2264 1100 2619 1172 subiungitur
2655 1099 2709 1154 in
2742 1099 2932 1154 multis
2958 1099 3263 1165 codicibus,
3291 1100 3515 1155 nomine

1933 1191 2237 1259 appellasse
2260 1208 2274 1244 :
2301 1191 2396 1247 sed
2426 1201 2723 1261 utrumque
2745 1191 2903 1263 prius
2922 1206 3062 1263 opus
3106 1192 3178 1248 ab
3202 1192 3323 1263 ipso
3346 1194 3513 1248 etiam

1934 1281 2129 1336 Photio
2159 1281 2588 1352 praetermissum
2609 1291 2712 1338 est.

2003 1372 2091 1427 lll.
2132 1372 2349 1428 Omittit
2385 1373 2611 1444 pariter,
2667 1388 2789 1443 quae
2832 1371 3219 1427 Theodoretus
3248 1372 3363 1441 ipse
3395 1387 3483 1427 me

1933 1473 2132 1527 morat,
2165 1463 2428 1519 Adversus
2450 1464 2697 1531 Arianos,
2724 1463 3154 1527 Macedonianos,
3184 1461 3514 1532 Apollinari-

1931 1563 2063 1620 stas,
2099 1554 2441 1610 Marcionitas
2488 1564 2535 1610 et
2564 1554 2776 1610 Judazos
2810 1555 3014 1610 librum
3068 1554 3382 1624 mysticum,
3413 1552 3515 1607 Re-

1933 1647 2267 1717 sponsionem
2297 1646 2367 1700 ad
2392 1648 2615 1718 quaesita
2648 1663 2946 1718 magorum,
2983 1656 3038 1702 et
3068 1644 3335 1716 Theologia
3348 1662 3419 1698 m.
3459 1642 3517 1698 Id

1870 1719 1911 1773 Β
1936 1752 2066 1791 vero
2096 1737 2373 1804 mirabile,
2421 1744 2647 1809 propter
2675 1754 2905 1809 operum
2937 1738 3303 1808 praestantiam
3353 1744 3517 1807 atque

1937 1829 2263 1897 utilitatem;
2323 1845 2393 1884 an
2434 1829 2715 1900 perierant
2753 1830 2864 1901 jam
2908 1837 3041 1884 tunc
3073 1827 3518 1885 elucubrationes

1937 1928 2120 1985 tantae,
2148 1932 2243 1975 aut
2262 1920 2453 1975 haberi
2478 1920 2639 1976 facile
2659 1937 2767 1976 non
2790 1920 3122 1992 poterant“,
3146 1921 3250 1975 etsi
3270 1918 3516 1975 studiose

1934 2012 2424 2082 conquirerentur;
2485 2028 2555 2067 an
2594 2012 2717 2067 aliis
2741 2013 3059 2069 auctoribus
3088 2027 3153 2067 ea
3183 2011 3349 2066 etiam
3378 2019 3516 2066 tent—

1933 2110 2145 2172 pestate
2167 2101 2463 2172 suppositae
2488 2100 2704 2158 fuerant
2724 2101 2747 2156 τ

2004 2193 2091 2250 ιν.
2130 2193 2347 2251 Omittit
2377 2194 2618 2265 denique
2648 2193 3025 2265 Pentalogium
3057 2202 3113 2251 et
3141 2192 3516 2249 defensionem

1936 2285 2160 2343 Diodori
2194 2296 2359 2357 atque
2392 2287 2695 2354 Theodori,
2731 2303 2763 2343 a
2786 2288 2994 2358 quibus
3017 2285 3293 2357 magistris
3317 2283 3513 2340 Nesto-

1936 2375 2054 2431 rius
2086 2375 2324 2432 hmresin
2350 2392 2506 2432 suam
2533 2377 2738 2443 hausit,
2769 2378 2901 2433 licet
2928 2375 3278 2432 Theodoreto
3307 2382 3517 2430 utrum-

1934 2483 2042 2538 que
2092 2482 2231 2538 opus
2282 2468 2531 2534 tribuat,
2596 2469 2796 2540 partim
2860 2486 2893 2524 v
2936 2467 3180 2539 synodus
3220 2465 3512 2538 generalis.

1937 2559 2135 2629 partim
2178 2559 2516 2615 Theodoreti
2572 2561 2799 2631 aequalis
2840 2561 3045 2617 Marius
3076 2559 3374 2624 Mercator;
3414 2558 3512 2613 de-

1936 2650 2350 2723 fensionemque
2373 2653 3038 2724 agnoscatTheodoretus
3076 2668 3177 2725 pro
3225 2668 3345 2718 sua,
3390 2668 3514 2706 cum

1937 2742 2004 2797 ad
2028 2744 2293 2800 [renatum
2319 2745 2512 2800 scribit
2540 2746 2609 2799 ”.

2153 2858 2181 2929 ᾗ
2211 2858 2276 2913 ν.
2322 2857 2645 2913 Hebed-Jesu
2678 2860 3013 2931 metropolita
3040 2858 3302 2916 Sobensis.

2007 2948 2066 3002 ln
2093 2949 2340 3021 catalogo
2364 2940 2634 3005 librorum
2654 2950 3058 3016 Chaldzeorum,
3081 2953 3176 3021 qui
3201 2952 3384 3007 Romae
3401 2950 3518 3005 edi-

1860 3062 1902 3121 ο
1940 3046 2027 3095 tus
2052 3049 2137 3095 est
2165 3056 2310 3095 anno
2340 3042 2476 3097 1655
2510 3043 2579 3098 ab
2605 3041 2916 3098 Abrahamo
2946 3042 3516 3108 Ecchellensi,scrihit

1935 3131 2288 3187 llebed-Jesu
2305 3132 2528 3205 Syriace
2545 3133 2784 3189 delibris
2810 3134 3141 3188 Theodoreti
3178 3134 3232 3187 in
3254 3134 3370 3188 haec
3388 3149 3516 3187 ver-

1936 3225 2003 3280 ba
2031 3243 2044 3279 :
2075 3225 2485 3280 «Theodoretus
2507 3225 2633 3297 Cyri
2667 3224 2974 3294 composuit
2994 3224 3195 3279 librum
3235 3222 3513 3289 Philotimi,

1936 3322 1993 3371 et
2036 3315 2189 3370 illum
2239 3315 2333 3384 qui
2381 3324 2469 3370 est
2501 3315 2666 3387 260
2708 3314 2909 3371 Contra
2938 3314 3235 3384 Origenem,
3268 3323 3326 3370 et
3348 3312 3517 3369 alium

1936 3408 2100 3463 etiam
2133 3406 2211 3460 De
2237 3405 2447 3477 politia,
2493 3416 2552 3461 et
2574 3405 3026 3463 Commentarium
3052 3407 3107 3461 in
3132 3404 3429 3467 Daniclcm,
3461 3414 3518 3460 et

1935 3500 2338 3557 exaetissimam
2377 3499 2781 3555 ecclesiasticam
2828 3498 3156 3564 Historiam,
3205 3498 3516 3569 Apologiam

1939 3611 2036 3664 pro
2066 3592 2312 3647 Patribns
2339 3593 2552 3657 nostris,
2582 3590 2801 3646 duobus
2830 3592 3015 3652 tomis,
3039 3589 3402 3644 Resolutiones
3428 3607 3518 3643 ca-

1939 3687 2107 3755 pitum
2127 3683 2334 3756 Cyrilli,
2370 3682 2570 3742 Contra
2598 3683 2928 3756 philosophos
2949 3689 3259 3740 tractatum,
3302 3682 3517 3752 plures-

1937 3792 2044 3846 que
2070 3775 2341 3847 Epistolas
2376 3776 2566 3831 multis
2593 3774 2825 3830 refertas
2850 3771 3277 3827 eruditionibus.

2513 3898 2954 3939 OBSERVATIONES.
3310 3930 3317 3935 .

2010 3976 2133 4031 LDe
2152 3976 2493 4033 Hebed-Jesu
2513 3975 2629 4031 haec
2643 3974 2810 4031 habet
2826 3975 3202 4032 Ecchellensis
3217 3975 3517 4046 interpres:

1947 4068 2201 4123 «Genera
2244 4068 2350 4123 fuit
2389 4068 2700 4131 Chaldaeus,
2755 4067 3095 4137 professione
3137 4067 3517 4132 Nestorianus,

1940 4158 2205 4230 dignitate
2236 4157 2561 4230 episcopus;
2609 4160 2778 4214 multa
2805 4160 3029 4229 scripsit
3050 4175 3218 4230 opera
3253 4158 3321 4214 ad
3349 4159 3519 4214 stabi-

1941 4250 2178 4304 liendam
2241 4251 2783 4320 eontirmandamque
2838 4252 3214 4307 Nestorianam
3261 4252 3516 4306 haeresin.

1941 4338 2010 4393 At
2060 4339 2255 4394 divina.
2288 4341 2508 4396 tandem
2557 4342 2853 4412 aﬂ‘ulgente
2876 4343 3087 4413 gratia,
3141 4343 3209 4397 ad
3237 4344 3518 4398 meliorem

247 4432 468 4489 Christi
495 4432 654 4488 I525.
688 4435 869 4501 Quare
891 4432 1156 4489 credibile
1176 4443 1278 4497 est,
1302 4450 1410 4488 non
1435 4435 1538 4488 alia
1559 4434 1834 4488 exstitisse
1870 4415 1910 4469 θ
1940 4430 2096 4484 rediit
2137 4438 2398 4496 mentem,
2436 4432 2772 4501 Romamque
2804 4432 3083 4502 profectus
3114 4442 3196 4487 est
3227 4434 3336 4503 jam
3354 4448 3519 4487 senex

254 4535 389 4579 tunc
409 4524 703 4594 temporis,
723 4526 918 4581 saltem
945 4527 1002 4581 in
1025 4526 1359 4582 bibliotheca
1385 4526 1601 4579 Sanctae
1625 4525 1842 4594 Sophim

253 4626 311 4671 et
356 4615 510 4685 apud
561 4624 872 4681 aetnmetas,
919 4617 1251 4673 Theodoreti
1295 4633 1484 4685 opera,
1532 4631 1695 4685 quam
1723 4631 1843 4684 qum

256 4714 534 4762 recenset.
566 4706 755 4762 Tradit
775 4709 925 4763 enim
943 4710 988 4741 ”
1013 4724 1091 4774 se,
1116 4725 1237 4780 qum
1261 4707 1373 4763 illic
1416 4715 1594 4771 erant,
1615 4705 1846 4775 diligen-

260 4810 342 4852 ter
365 4798 670 4857 evolvisse:
708 4807 765 4854 et
791 4801 992 4855 rationi
1019 4815 1322 4855 consonum
1349 4807 1452 4861 est,
1478 4808 1639 4852 tanta:
1665 4798 1842 4862 urbis,

261 4899 538 4958 latumque
557 4889 805 4947 Ecclesia:
823 4891 1153 4946 litterarium
1172 4891 1491 4944 thesaurum
1517 4905 1621 4942 non
1635 4888 1845 4942 caruis-

261 4996 320 5035 se
369 4981 608 5050 vulgatis
657 4997 979 5053 magnorum
1023 4983 1270 5036 virorum
1316 4981 1495 5036 libris.
1553 4981 1667 5035 Etsi
1695 4980 1841 5033 enim

266 5083 424 5127 vetus
449 5074 539 5127 illa
582 5084 638 5130 et
672 5077 785 5147 jam
809 5075 941 5130 inde
988 5090 1018 5129 a
1043 5076 1235 5145 primis
1270 5076 1417 5130 sedis
1464 5074 1842 5144 patriarchica:

270 5166 611 5235 temporibus
639 5170 867 5224 collecta
899 5167 1232 5222 bibliotheca
1260 5168 1706 5237 conflagraverat,
1744 5182 1843 5220 cu-

271 5259 413 5314 riose
436 5266 612 5316 tamen
656 5262 725 5317 ab
763 5259 1193 5332 imperatoribus
1218 5258 1378 5313 simul
1412 5267 1469 5312 et
1495 5258 1843 5327 patriarehis,

1944 4522 2046 4575 sub
2072 4522 2219 4577 Julio
2241 4523 2330 4588 lll,
2366 4540 2580 4579 summo
2608 4524 2896 4594 pontiﬁce,
2933 4525 3026 4578 ubi
3057 4524 3395 4579 Nestoriauis
3420 4525 3518 4577 ab-

1938 4613 2135 4682 juratis
2187 4615 2494 4680 erroribus,
2552 4617 2874 4671 catholicam
2918 4617 3197 4688 professus
3218 4624 3303 4668 est
3333 4615 3517 4669 fidem.

1946 4704 2252 4774 Antequam
2291 4705 2652 4763 Nestorianus
2669 4724 2790 4764 esse
2818 4708 3115 4771 desineret,
3158 4714 3520 4761 eontexucrat

1946 4797 2265 4867 (latalogum
2309 4800 2671 4868 scriptorum,
2732 4811 2839 4855 tam
2867 4814 3167 4862 sacrorum,
3199 4814 3361 4869 quam
3392 4814 3518 4868 pro-

1946 4887 2217 4956 fanorum,
2240 4906 2476 4961 quorum
2500 4907 2665 4961 opera
2690 4893 2801 4947 suis
2820 4890 3160 4960 temporibus
3181 4891 3313 4962 Syra
3336 4891 3519 4961 lingua

1945 4979 2279 5048 legerentur.
2295 5000 2313 5030 ι

2021 5071 2083 5125 ll.
2118 5070 2291 5136 Quem
2324 5071 2523 5124 librum
2562 5071 2639 5125 ait
2670 5087 2699 5125 a
2733 5070 3083 5125 Theodoreto
3116 5079 3303 5123 contra
3327 5070 3489 5138 Orige

1945 5179 2069 5217 nem
2116 5163 2380 5231 scriptum
2402 5177 2522 5216 esse
2542 5202 2556 5225 ,
2602 5164 2747 5218 hunc
2768 5162 2963 5233 opinor
3003 5179 3111 5217 non
3141 5163 3417 5216 diversum
3450 5160 3519 5213 ab

1950 5255 2301 5325 Expositione
2322 5254 2682 5320 Geneseos";
2718 5256 3177 5325 quemadmodum
3204 5271 3302 5309 nec
3320 5254 3519 5308 librum

1590 5371 1766 5427 SCHL‘
1779 5369 1906 5424 Lle
1948 5367 2178 5422 ΝΟΤτΕ.

342 5486 385 5515 ¹¹
418 5484 528 5542 Vid.
583 5490 745 5553 infra,
778 5504 829 5544 c.
875 5488 932 5549 9,
968 5488 995 5556 §
1027 5488 1045 5541 Ι
1086 5494 1140 5540 et
1167 5487 1221 5556 2.
1299 5487 1344 5516 ²²
1369 5486 1486 5540 Vid.
1526 5500 1709 5556 supra,
1752 5500 1807 5556 [ι.
1842 5484 1911 5539 98
1956 5490 2015 5556 et
2053 5482 2172 5556 ΠΒ.
2201 5480 2623 5556 Δη²ἱΫῘίᾍΡ1ξτΙξῇ
2654 5482 2712 5556 iu
2743 5481 2837 5556 |_i_b.
2863 5498 2900 5535 ι.
2978 5480 3145 5556 ’ξΛτιῑ
3179 5482 3378 5556 haberi,
3411 5488 3516 5533 etc.

280 5556 333 5608 In
362 5556 486 5614 hanc
522 5561 859 5615 sententiam
900 5554 1130 5611 inclinat
1156 5555 1471 5610 Garnerius.
1514 5555 1636 5608 V'id.
1682 5554 1842 5617 infra,
1878 5571 1929 5622 p.
1968 5554 2093 5607 9.71.

2198 5553 2242 5580 "
2278 5552 2448 5619 Epist.
2487 5553 2565 5604 l6.
2672 5553 2716 5581 ²⁶
2740 5551 3265 5605 "tum—Cauneas.
3300 5552 3522 5604 Prmstat

281 5627 556 5696 conjectura
592 5632 752 5688 Rich.
794 5630 1016 5690 Simon,
1051 5624 1314 5696 scriptum
1370 5625 1535 5681 fuisse
1575 5628 1815 5687 ha‘rrscs,
1862 5620 2173 5692 imperitum
2200 5630 2379 5675 autem
2412 5622 2665 5683 scribam,
2708 5636 2815 5689 quo
2848 5620 3214 5674 Ecchelleusis
3258 5634 3387 5671 usus
3416 5626 3517 5679 est,

280 5696 444 5773 legisse
484 5720 683 5761 nomen
722 5696 1012 5773 Origenis.
