3926 6216
517 282 613 346 211
1647 287 2022 349 GARNERII
2057 289 2084 349 Ι

2200 290 2552 353 SERTATIO
2591 295 2672 353 II.
2841 315 2843 317 ί
3669 293 3777 357 212

516 391 585 445 de
625 391 819 446 Politia
866 389 1111 460 differre
1137 409 1166 446 a
1211 393 1557 448 sermonibus
1611 395 1678 450 de
1718 398 2089 462 Providentia,
2124 404 2166 458 A
2267 400 2658 457 Haereticarum
2681 403 2989 460 fabularum
3023 406 3147 461 libri
3171 423 3242 462 tv.

513 497 621 550 qua
675 483 820 538 Deus
867 485 1132 539 mundum
1178 486 1343 556 regit;
1408 489 1629 556 neque'
1660 489 1860 544 librant
1889 489 2089 546 Contra

515 573 844 645 philosophos
886 592 1006 632 esse
1032 577 1198 631 alium
1217 618 1231 642 ,
1290 591 1452 645 quam
1481 578 1568 631 vel
1597 593 1736 648 opus
1759 581 1838 634 De
1875 580 2071 638 Graeca-

515 667 642 720 nicis
658 669 1010 738 affectionibus
1035 669 1302 731 curandis,
1328 666 1413 721 vel
1430 666 1835 740 Responsionem
1861 675 1930 728 ad
1945 692 2089 745 quae-

514 761 618 812 sita
649 776 949 830 magorum.

587 851 674 904 ιιι.
712 852 885 917 Quam
915 863 1074 908 vocat
1102 853 1415 927 Apologiam
1447 874 1541 928 pro
1565 857 1834 923 Patribus,
1877 875 1940 914 ea
1973 861 2088 932 ipsa

512 952 598 996 est
645 941 884 1012 Defensio
935 943 1152 1000 Diodori
1180 947 1450 1002 Tarsensis
1495 957 1541 1002 et
1569 949 1820 1004 Theodori
1844 951 2087 1023 Mopsue-

511 1033 667 1096 steni,
723 1034 879 1104 cujus
924 1034 1228 1106 fragmenta
1279 1040 1599 1094 referuntur
1648 1042 1701 1094 in
1749 1044 1938 1112 quinta
1972 1044 2087 1099 col-

513 1124 716 1180 latione
762 1142 796 1180 v
831 1128 1065 1198 synodi,
1124 1132 1390 1200 cujusque
1428 1133 1676 1187 meminit
1709 1135 2089 1192 Theodoretus

511 1216 567 1269 in
594 1217 826 1285 epistola
860 1219 929 1273 ad
953 1219 1220 1275 lrenaznm
1241 1223 1306 1275 ’⁷.
1365 1223 1444 1276 Eo
1470 1224 1574 1277 loci
1609 1225 1959 1280 Theodorum
1989 1244 2086 1298 ap-

512 1309 679 1377 pellat
708 1320 919 1380 patrem
953 1331 966 1366 :
997 1330 1119 1382 qua:
1144 1331 1306 1369 causa
1331 1315 1455 1382 fuit,
1506 1333 1605 1371 cur
1637 1319 1778 1388 apud
1808 1320 2086 1374 Nestoria-

509 1415 612 1454 nos
659 1404 910 1473 apologia
953 1405 1234 1460 diceretur
1274 1407 1448 1473 edita,
1520 1427 1628 1465 non
1674 1427 1771 1480 pro
1810 1413 2084 1479 Nestorio,

511 1490 658 1560 quod
681 1492 1055 1550 Ecchellensis
1067 1505 1218 1551 ratus
1232 1507 1316 1553 est
1335 1517 1349 1565 ;
1370 1501 1464 1554 sed
1487 1517 1589 1570 pro
1610 1503 1884 1568 Patribus,
1909 1505 1962 1558 id
1983 1516 2085 1571 est,

515 1581 682 1637 totius
722 1583 948 1641 haeresis
995 1589 1315 1644 auctoribus
1338 1633 1352 1654 ,
1400 1592 1640 1646 Diodoro
1668 1604 1722 1648 et
1751 1595 2039 1651 Theodoro
2067 1613 2085 1653 :

513 1687 693 1741 neque
718 1675 866 1729 enim
903 1678 1038 1733 alios
1063 1681 1384 1736 nominatim
1415 1683 1662 1739 defendit
1685 1685 2084 1744 Theodoretus.
2118 1719 2160 1774 Β

586 1764 673 1818 IV.
712 1765 959 1822 Meminit
990 1772 1219 1839 perinde
1249 1788 1313 1826 ac
1341 1773 1588 1838 Photius,
1623 1777 1995 1846 Expositionis
2029 1781 2082 1835 in

514 1853 815 1921 Danielcm,
879 1876 987 1914 non
1040 1863 1168 1917 item
1232 1865 1286 1918 in
1323 1865 1461 1920 alios
1509 1869 1742 1936 majores
1768 1873 2081 1942 prophetas.

513 1943 780 2010 Quoniam
807 1949 1115 2008 lucubratio
1136 1955 1251 2010 hzec
1269 1957 1488 2013 videtur
1517 1960 1571 2013 in
1593 1959 1813 2016 Oriente
1838 1979 1948 2032 pra:
1965 1965 2086 2019 aliis

514 2036 682 2092 fuisse
724 2040 778 2094 in
821 2043 1033 2110 pretio,
1086 2055 1378 2116 propterea
1404 2051 1548 2119 quod
1583 2052 1845 2108 adversus
1870 2055 2087 2112 Judaeos

513 2128 853 2185 demonstrat
917 2133 1139 2204 impleta
1193 2153 1313 2193 esse
1368 2140 1435 2194 de
1485 2141 1703 2198 Christo
1767 2121 2086 2215 pr’ophetica

512 2221 753 2287 oracula,
785 2238 849 2276 ea
876 2239 961 2279 me
992 2227 1134 2281 ratio
1180 2228 1409 2298 impellit
1442 2240 1503 2285 ut
1526 2235 1744 2288 credam
1776 2251 1882 2289 non
1938 2237 2085 2292 aliud

515 2325 543 2364 a
575 2310 924 2370 ’l‘heodoreto
964 2320 1340 2389 conscriptum
1368 2337 1506 2392 Opus
1551 2323 1748 2379 Contra
1769 2327 2036 2382 Judwos”
2069 2346 2082 2382 :

515 2400 680 2471 idque
708 2403 900 2458 videor
929 2405 1062 2460 mihi
1093 2408 1351 2478 colligere
1381 2427 1444 2466 ex
1471 2413 1697 2482 epistola
1722 2415 1842 2479 145,
1873 2417 1938 2470 ad
1966 2431 2084 2471 mo-

516 2495 722 2550 nachos
735 2496 1393 2570 Constantinopolitanos,
1418 2512 1478 2558 ut
1501 2520 1601 2559 suo
1618 2506 1738 2560 loco
1759 2517 2082 2578 exponetur.

514 2607 670 2678 261
703 2607 837 2679 ἐνὶ.
862 2609 1169 2682 Prospectus
1190 2629 1406 2684 operum
1430 2615 1732 2672 Theodoreti
1755 2636 1785 2672 a
1805 2617 2084 2675 Sirmondo

1147 2685 1425 2740 editorum.

583 2792 716 2859 Qua:
760 2795 1048 2862 Baronius,
1104 2799 1307 2869 aliique
1351 2817 1609 2857 censores
1644 2819 1870 2873 operum
1900 2804 2084 2861 Theo-

515 2884 715 2951 doreti,
763 2886 1196 2955 Centuriatores,
1237 2891 1424 2947 Sixtus
1447 2892 1723 2960 Senensis,
1758 2897 2084 2965 Possevinus

513 2987 568 3030 et
610 2977 971 3036 Bellarminus
1011 2982 1352 3052 scripserint,
1399 2986 1735 3055 superﬂuum
1763 2995 1848 3042 est
1874 2989 2082 3044 descri-

2265 494 2587 548 Divinorum
2619 495 2968 552 decretorum
2997 499 3258 568 epitome.

2260 586 2336 639 De
2370 585 2720 641 Providentia
2752 588 2846 642 Dei
2881 604 3165 644 sermones
3186 607 3238 644 ι.

2259 677 2570 732 Graecarum
2595 679 2946 734 aﬂectionum
2977 682 3279 738 curationis
3313 681 3443 737 libri
3468 701 3563 739 xu.

2260 768 2568 838 Appendix.

2795 882 3019 940 CAPUT
3044 885 3132 938 Ill.

2190 990 2438 1046 Recensio
2469 1006 2708 1060 operum,
2731 1010 2862 1077 ﬂare
2895 998 3234 1077 tomo_primo
3261 996 3505 1051 editionis
3535 996 3786 1055 Sirmon-

2707 1066 2885 1119 diante
2917 1067 3274 1120 continentur.

2260 1173 2404 1228 Duas
2440 1175 2493 1228 in
2524 1186 2709 1246 partes
2743 1188 2924 1232 tomus
2947 1176 3157 1246 primus
3179 1176 3448 1232 dividitur
3473 1195 3485 1230 :
3512 1178 3568 1232 in
3585 1179 3782 1250 priore

2187 1262 2318 1316 Octa
2329 1266 2579 1330 teuchus,
2605 1266 2734 1321 libri
2759 1268 2968 1336 Regum
2986 1275 3043 1320 et
3058 1266 3474 1337 Paralipomena
3488 1269 3781 1324 elucidan—

2192 1363 2310 1420 tur;
2348 1355 2404 1410 in
2441 1359 2749 1428 posteriore
2780 1358 3106 1414 Psalterium
3135 1366 3191 1414 et
3212 1358 3502 1415 Canticum
3527 1362 3782 1416 cantico-

2189 1463 2333 1502 rum.

2259 1540 2379 1594 Non
2426 1557 2534 1596 una
2583 1552 2836 1598 servatur
2887 1542 2940 1596 in
2988 1551 3220 1614 utraque
3247 1553 3402 1614 parte
3436 1545 3580 1600 ratio
3605 1545 3783 1600 inter-

2189 1631 2443 1702 pretandi
2497 1651 2511 1687 :
2559 1649 2687 1688 nam
2719 1633 2775 1688 in
2810 1634 3014 1704 priore,
3063 1650 3162 1704 per
3193 1635 3685 1706 interrogationem
3723 1648 3783 1692 et

2191 1724 2600 1792 responsionem
2649 1725 2982 1795 quaestiones
3029 1725 3301 1796 ambiguae
3343 1727 3667 1793 solvuntur;
3724 1730 3780 1782 in

2187 1815 2493 1883 posteriore
2547 1817 2808 1870 solemnis
2853 1832 2973 1872 mos
3020 1817 3428 1872 commentandi
3473 1819 3779 1874 retinetur.

2187 1907 2343 1962 Prior
2388 1917 2475 1962 est
2503 1908 2832 1964 Theodoreti
2861 1911 3012 1966 senis
3040 1912 3194 1981 quasi
3225 1913 3635 1983 magisterium;
3675 1930 3782 1984 p0»

2187 1996 2386 2052 sterior
2411 1999 2726 2069 incipientis
2747 2001 2994 2058 scribere
3020 2004 3172 2058 velut
3193 2005 3591 2061 rudimentum.
3619 2007 3781 2061 Illam

2186 2104 2216 2143 e
2237 2089 2426 2145 Graeco
2448 2091 2503 2145 in
2521 2093 2776 2147 Latinum
2798 2103 3085 2150 verterunt
3107 2097 3346 2152 Joannes
3366 2097 3529 2152 Picus
3551 2109 3609 2153 et
3630 2098 3783 2153 Gen-

2189 2181 2367 2236 tianus
2393 2182 2689 2249 llervetus;
2747 2184 2905 2239 istam
2935 2186 3208 2241 Antonius
3231 2187 3425 2242 Caral‘a
3461 2199 3517 2243 et
3541 2189 3781 2244 Franci-

2187 2287 2314 2326 scus
2352 2273 2524 2328 Zinus
2577 2292 2589 2327 :
2639 2283 2932 2345 utramque
2954 2279 3294 2346 recognovit,
3330 2282 3426 2335 sed
3453 2281 3648 2350 paucis
3677 2282 3780 2335 ad-

2188 2365 2410 2420 modum
2435 2367 2758 2434 immutatis,
2781 2368 3126 2425 Sirmondus.

2189 2499 2215 2571 §
2238 2501 2278 2555 Ι.
2315 2500 2394 2554 De
2420 2503 2857 2576 interpretatione
2883 2502 3186 2576 Oetateuchi
3200 2545 3213 2567 ,
3269 2503 3522 2557 librorum
3545 2503 3779 2576 Regum,

2725 2581 2774 2624 et
2804 2572 3270 2644 Paralipomenon.

2258 2685 2309 2738 1.
2377 2684 2896 2753 lntcrpretationem
2953 2687 3007 2740 in
3065 2687 3463 2744 Oetateuchum
3525 2689 3784 2760 agnoscit

2187 2775 2570 2831 Theodoretus
2600 2777 2758 2848 262
2795 2787 2853 2832 ut
2881 2794 3057 2844 suam,
3091 2779 3145 2833 in
3171 2781 3487 2848 praefatione
3509 2782 3578 2834 ad
3602 2781 3784 2836 libros

2186 2867 2429 2937 Regum:
2458 2887 2475 2917 ‹
2502 2867 2775 2931 Quoniam
2807 2868 2990 2923 divina
3021 2869 3145 2924 freti
3173 2877 3186 2888 '
3212 2871 3383 2940 gratia
3424 2872 3781 2942 interpretati

2185 2976 2376 3015 sumus
2403 2960 2574 3014 libros
2597 2961 3138 3032 Mosislegislatoris,
3191 2975 3246 3018 et
3266 2965 3431 3020 Josue
3467 2966 3782 3035 prophetae,

512 3067 672 3135 bere,
729 3085 854 3125 cum
895 3050 1141 3143 ipsorum
1164 3074 1290 3128 libri
1321 3050 1570 3132 terantur
1600 3081 1874 3136 manibus.
1913 3081 2084 3148 Quam
2111 3050 2157 3111 C
2187 3059 2242 3105 et
2265 3050 2544 3148 {"f‘icum’
2567 3060 2623 3148 Ῠί
2644 3052 2831 3148 Ruth
2855 3068 2953 3148 38°
2981 3053 3338 3148 SP'BMO'CF‘.
3364 3057 3530 3127 huius
3550 3057 3700 3148 lueis
3724 3068 3784 3112 ut

512 3159 964 3219 distributionem
1008 3164 1335 3223 Sirmondus
1377 3169 1588 3237 fecerit,
1637 3188 1816 3242 opera:
1845 3174 2086 3243 pretium

512 3257 600 3306 est
619 3253 903 3318 exhibere,
927 3257 1184 3325 quoniam
1207 3273 1334 3313 eum
1357 3262 1602 3316 ordinem
1634 3266 1872 3319 secuturi
1898 3281 2088 3323 sumus

517 3341 574 3396 in
619 3345 972 3400 recensendis
1012 3349 1293 3417 operibus,
1351 3367 1515 3421 quem
1556 3353 1640 3408 vir
1681 3357 2088 3415 eruditissimus

517 3434 573 3488 in
606 3434 1026 3494 distribuendis.
1065 3439 1155 3495 Sic
1174 3457 1305 3512 ergo
1325 3443 1524 3499 habet:

516 3545 817 3603 Theodoreti
843 3565 1027 3620 Opera,
1061 3567 1180 3622 quo:
1221 3554 1278 3606 in
1313 3554 1533 3625 singulis
1561 3558 1710 3611 tomis
1733 3559 2083 3614 continentur.

1181 3659 1319 3700 TOMO
1347 3661 1384 3700 Ι.

585 3751 926 3818 ρυωεῑὶοηεε
962 3753 1016 3809 in
1049 3754 1468 3812 Oetateuchum.

583 3841 927 3907 Quaestiones
956 3842 1012 3896 in
1039 3844 1213 3900 libros
1235 3846 1466 3918 Regum.

583 3931 925 3996 Quaestiones
960 3933 1017 3988 in
1042 3934 1216 3990 libros
1239 3936 1733 4006 Paralipomenona

583 4020 970 4091 lnterpretatio
1001 4023 1055 4078 in
1084 4040 1278 4079 omnes
1304 4025 1568 4081 Psalmos.

586 4111 976 4184 lnterpretatio
1006 4115 1060 4169 in
1083 4115 1308 4172 Cantica
1332 4117 1699 4175 canticorum.

1188 4246 1326 4286 TOIO
1360 4248 1417 4285 ll.

579 4336 1060 4409 lnterpretationis
1087 4343 1142 4396 in
1167 4343 1363 4398 Isaiam
1394 4345 1656 4415 epitome.

580 4429 973 4501 interpretatio
1007 4434 1063 4488 in
1091 4435 1409 4490 Jeremiam.

585 4520 973 4592 lnterpretatio
1006 4525 1062 4578 in
1093 4525 1460 4583 Ezechielem.

591 4613 975 4684 lnterpretatio
1007 4614 1063 4669 in
1089 4615 1390 4672 Danielem.

599 4705 980 4778 lnterpretatio
1011 4707 1068 4762 in
1093 4708 1382 4765 duodecim
1409 4711 1712 4782 Prophetas
1731 4715 1993 4792 minores.

1173 4839 1314 4878 TOIIO
1348 4840 1424 4878 ΙΙΙ.

580 4930 862 5001 Expositio
892 4936 946 4989 in
972 4952 1162 4992 omnes
1183 4938 1457 5008 Epistolas
1491 4939 1637 4994 beati
1661 4938 1836 4994 Pauli.
1909 4973 1911 4976 ‹

585 5022 981 5082 Ecclesiastica:
1012 5015 1256 5086 historia:
1288 5032 1414 5086 libri
1437 5050 1488 5086 v.

587 5115 926 5182 l’hilotheus,
965 5134 1059 5174 seu
1092 5123 1342 5194 religiosa
1368 5123 1618 5178 historia.

584 5207 842 5277 Epistola:
869 5210 935 5265 ad
964 5211 1212 5268 diversos
1235 5230 1424 5271 cxevn.

1186 5341 1324 5380 T0110
1344 5341 1417 5381 IV.

583 5411 864 5470 Eranistes
895 5431 990 5470 seu
1027 5416 1440 5487 Polymorphus,
1473 5417 1672 5489 dialogi
1695 5435 1770 5473 ιιι.

2186 3141 2542 3210 accipiamus,
2571 3141 2772 3196 iterum
2797 3142 3173 3213 implorantes,
3199 3146 3537 3216 explicemus
3559 3147 3784 3219 Regno-

2187 3249 2308 3286 rum
2339 3233 2620 3295 historias,
2646 3253 2662 3278 ι
2698 3243 2803 3288 etc.

2254 3323 2320 3377 Il.
2373 3323 2635 3394 Agnoscit
2683 3326 2893 3394 pariter
2943 3327 3456 3398 interpretationem
3504 3329 3561 3383 in
3605 3329 3783 3386 libros

2186 3413 2395 3483 Regum
2425 3412 2566 3467 libro
2592 3414 2771 3484 primo
2799 3416 3263 3488 Παραλιπομένων
3316 3438 3328 3471 :
3382 3437 3399 3470 ι
3436 3419 3783 3476 Musicorum

2187 3503 2680 3560 instrumentorum
2719 3506 3086 3564 dill'erentiam
3129 3510 3369 3580 diximus
3407 3511 3461 3565 in
3487 3510 3652 3568 libris
3672 3513 3785 3568 Re—

2186 3611 2334 3666 gum.
2361 3615 2378 3646 ι

2254 3687 2344 3741 lll.
2403 3688 2480 3742 De
2537 3689 2794 3744 omnibus
2839 3691 3000 3745 simul
3049 3692 3164 3747 haec
3213 3692 3382 3748 habet
3425 3694 3663 3750 Photius
3685 3697 3779 3749 "z

2194 3777 2352 3848 «Legi
2368 3779 2612 3848 ejusdem
2631 3779 2798 3834 divini
2815 3781 2920 3836 viri
2943 3783 3276 3838 Theodoreti
3298 3785 3355 3839 in
3370 3785 3781 3842 Oetateuchum

2185 3869 2620 3938 explanationem
2640 3910 2654 3934 ,
2705 3886 2828 3940 qua:
2869 3871 3284 3942 inscriptionem
3311 3884 3469 3930 nacta
3494 3885 3581 3931 est
3614 3879 3779 3946 operi

2186 3970 2597 4030 congruentem,
2634 3961 2696 4016 In
2729 3962 2948 4016 obscura
2974 3973 3022 4016 et
3050 3965 3292 4019 abstrusa
3317 3963 3606 4036 Scriptura:
3633 3967 3779 4032 loca,

2189 4053 2242 4107 in
2274 4054 2475 4122 quibus
2501 4064 2648 4118 sunt,
2683 4064 2738 4109 et
2765 4055 2831 4109 ad
2861 4055 3031 4110 libros
3055 4057 3287 4127 Regum,
3318 4066 3374 4112 et
3398 4055 3464 4111 ad
3487 4057 3783 4128 Paralipo-

2186 4161 2376 4211 mena;
2412 4146 2761 4201 utilissimum
2790 4157 2972 4202 autem
3002 4149 3058 4202 in
3087 4149 3280 4218 primis
3310 4149 3416 4204 hoc
3439 4164 3634 4219 opus,»
3658 4160 3778 4206 etc.

2258 4237 2346 4292 ιγ.
2390 4238 2689 4292 Postremis
2717 4239 2844 4298 vita:
2871 4240 3210 4308 temporibus
3239 4240 3358 4294 hazc
3384 4240 3781 4298 Theodoretus

2187 4328 2499 4398 composuit
2540 4346 2553 4382 :
2599 4344 2724 4382 nam
2780 4329 2846 4382 de
2888 4329 3021 4398 ipsis
3055 4330 3108 4383 in
3143 4331 3297 4385 nullo
3320 4331 3430 4385 alio
3450 4346 3619 4401 opere
3650 4348 3777 4388 me-

2187 4419 2368 4484 minit,
2403 4435 2526 4472 cum
2563 4419 2618 4472 in
2655 4419 2740 4472 his
2775 4420 2879 4473 alia
2910 4420 3070 4489 plura
3101 4421 3359 4489 appellet.
3398 4422 3718 4488 Quaestione
3745 4425 3771 4478 1

2187 4510 2245 4565 in
2269 4507 2593 4572 Leviticum,
2627 4524 2748 4577 qua:
2775 4518 2860 4562 est
2891 4508 2957 4562 de
2985 4525 3169 4574 causa,
3211 4526 3308 4565 cur
3332 4511 3476 4567 Deus
3500 4513 3778 4570 sacriﬁcia

2189 4602 2293 4657 sibi
2332 4599 2520 4653 otl‘erri
2566 4601 2907 4668 przeccperit,
2962 4620 2981 4652 ι
3026 4600 3103 4654 De
3151 4601 3258 4667 his,
3290 4603 3490 4672 inquit,
3529 4603 3780 4662 diximus

2192 4691 2378 4746 multis
2405 4691 2459 4744 in
2492 4691 2647 4756 locis,
2676 4701 2790 4744 tum
2821 4692 2874 4744 in
2896 4692 3006 4758 his,
3032 4709 3154 4762 quae
3183 4703 3373 4748 contra
3394 4695 3616 4751 Graecos
3637 4699 3780 4752 scri-

2193 4786 2420 4856 psimus,
2481 4794 2538 4838 et
2592 4784 2858 4840 adversus
2905 4785 3171 4852 haereses;
3237 4797 3354 4841 tum
3407 4788 3464 4842 in
3500 4788 3610 4854 his,
3648 4806 3780 4860 qua:

2189 4879 2453 4932 adversus
2512 4893 2728 4947 magos;
2789 4887 3052 4946 praeterea
3086 4878 3141 4932 in
3167 4881 3610 4937 enarrationibus
3638 4899 3774 4953 pro-

2181 4971 2504 5040 phetarum,
2564 4977 2620 5024 et
2668 4969 2722 5022 in
2767 4970 3191 5038 apostolicarum
3219 4972 3584 5042 Epistolarum
3620 4990 3776 5030 com-

2183 5062 2485 5117 mentariis.

2260 5156 2572 5221 Quaestione
2607 5157 2674 5209 45
2724 5157 2778 5210 in
2819 5158 3019 5211 librum
3062 5158 3106 5213 ll
3157 5160 3397 5228 Regum,
3434 5175 3556 5214 enm
3581 5171 3779 5230 ageret

2193 5245 2255 5301 de
2283 5245 2599 5314 triumphali
2634 5245 2854 5315 hymno,
2890 5262 3052 5315 quem
3090 5247 3201 5300 Deo
3227 5246 3394 5300 David
3433 5254 3557 5316 post
3578 5246 3776 5301 hostes

2192 5337 2480 5406 ipsumque
2497 5334 2714 5388 Sanlem
2736 5335 3009 5389 devictum
3033 5336 3234 5390 cecinit
3259 5355 3270 5388 :
3304 5336 3617 5390 «Consonat
3641 5352 3771 5391 cum

2191 5429 2400 5499 psalmo
2439 5444 2565 5492 xvn,
2624 5426 2706 5479 vel
2756 5428 2939 5497 potius
2985 5427 3128 5482 idem
3163 5436 3277 5493 est,
3327 5428 3536 5481 habens
3563 5443 3775 5497 paucas

1875 5563 2190 5621 SCIIULZII
2231 5565 2467 5620 ΝΟΤιΕ.

510 5713 634 5769 εοιι.

581 5646 622 5729 ξτ
654 5645 774 5703 Vid.
802 5649 962 5718 epist.
998 5650 1060 5705 16
1157 5653 1200 5682 ’⁸
1230 5651 1485 5707 Ealndem
1533 5655 1856 5712 sententiam
1889 5660 2170 5729 atnplexus
2195 5668 2277 5714 est
2310 5659 2538 5712 Cavcus.
2572 5657 2731 5710 Plura
2771 5657 2883 5710 vid.
2935 5659 3091 5720 infra,
3123 5674 3239 5727 cap.
3272 5659 3322 5721 9,
3353 5657 3378 5725 §
3419 5658 3466 5712 εἰ.

3546 5659 3592 5690 ²⁹
3623 5657 3741 5714 Cod
