3926 6216
226 480 364 535 hunc
386 498 601 554 quoque
643 488 1063 562 interpretatus,
1112 480 1791 569 Supervacaneumcxisti-

225 577 357 631 mavi
387 577 684 633 secundam
712 597 1043 652 componere
1067 587 1601 660 interpretationem.
1628 619 1643 647 ο

289 667 348 720 ν.
382 667 697 724 Posteriora
719 682 849 726 sunt
879 674 1046 745 igitur
1085 678 1246 735 libris
1277 681 1352 736 De
1375 685 1689 743 ercanicis
1710 690 1791 759 af-

221 759 508 825 fectionibus
548 762 802 816 curandis
827 804 842 825 ,
898 764 1277 824 ereticarant
1323 774 1625 840 fabularum
1709 779 1791 833 Ad

221 851 426 918 qumita
458 867 758 922 magorum,
780 853 1142 925 Paulinorum,
1170 861 1573 934 Prophetarum.
1597 877 1652 924 et
1668 869 1791 941 Epi-

217 939 463 993 stolarum
488 941 730 1012 Apostoli
751 962 770 997 :
795 947 1038 1002 nondum
1055 960 1203 1007 certe
1225 958 1529 1026 composita
1548 939 1786 1027 fuerant,

218 1046 330 1085 cum
358 1031 746 1089 Theodoretus
773 1037 1076 1106 scriberet,
1126 1044 1211 1097 vel
1238 1046 1478 1103 Eusebio
1502 1050 1789 1123 Ancyrano

225 1138 359 1177 anno
388 1124 515 1188 “5,
552 1126 637 1180 vel
665 1138 857 1183 sancto
879 1130 1046 1186 Leoni
1075 1150 1220 1190 anno
1243 1139 1374 1206 M9;
1409 1141 1544 1198 alias
1566 1144 1634 1199 de
1654 1145 1788 1217 ipsis

216 1225 315 1264 non
358 1211 638 1279 siluisset,
695 1231 821 1271 cum
866 1219 934 1274 ad
974 1216 1089 1276 rem
1121 1239 1276 1282 suam
1302 1227 1546 1287 facerent
1577 1244 1639 1289 ut
1663 1251 1785 1306 qua:

276 1393 356 1445 Vl.
409 1393 573 1460 Quod
624 1407 808 1454 autem
867 1402 922 1457 in
975 1403 1172 1461 litteris
1203 1407 1274 1462 ad
1306 1409 1573 1467 Renatum
1601 1414 1696 1480 ait,
1725 1434 1784 1472 se

212 1499 403 1538 sacram
422 1485 771 1558 Scripturam
791 1492 1232 1565 interpretatum,
1250 1508 1310 1554 ut
1326 1500 1610 1560 indeﬁnite
1625 1506 1780 1572 dixit,

210 1575 274 1628 ita
293 1577 714 1650 intelligendum
741 1586 970 1654 perinde
993 1598 1157 1659 atque
1172 1600 1259 1646 est
1280 1592 1334 1647 in
1358 1594 1556 1652 litteris
1577 1598 1642 1653 ad
1661 1615 1784 1654 san-

210 1676 339 1721 ctum
363 1668 612 1726 Leonem
643 1689 751 1729 una
778 1676 979 1743 missis,
1026 1680 1103 1735 De
1140 1684 1475 1754 propheticis
1498 1691 1736 1747 oraculis
1764 1712 1776 1747 :

209 1771 303 1823 quo
326 1758 555 1814 nomine
589 1760 968 1832 signiﬁcantur
998 1767 1065 1823 de
1092 1785 1243 1825 more
1272 1774 1492 1841 Psalmi,
1528 1777 1772 1847 Cantica,
1815 1769 1851 1820 Β

207 1858 252 1901 et
273 1845 586 1918 Propheta,
622 1851 737 1907 sive
762 1856 856 1923 qui
887 1859 1141 1929 majores,
1168 1862 1282 1917 sive
1309 1866 1402 1936 qui
1430 1870 1685 1925 minores.

267 1937 371 1993 VII.
430 1938 756 2012 Composita
803 1962 925 2002 esse
969 1958 1093 2019 post
1133 1954 1427 2011 concilium
1470 1958 1770 2017 Chalcedo-

205 2045 377 2097 neuse,
405 2032 525 2088 imo
550 2046 675 2105 post
698 2054 903 2093 annum
924 2041 1050 2106 ‘55,
1074 2053 1223 2101 certa
1252 2048 1390 2104 ratio
1410 2049 1767 2111 demonstrat.

206 2121 324 2176 Sunt
360 2125 519 2179 enim
575 2129 857 2185 elaborata
900 2142 1022 2202 post
1048 2135 1220 2192 libros
1243 2141 1484 2212 quinque
1505 2143 1581 2199 De
1600 2144 1771 2201 hane-

204 2211 364 2277 sibus.
432 2216 531 2285 qui
587 2218 716 2273 libri
778 2234 900 2290 post
958 2226 1256 2282 concilium
1319 2211 1767 2293 Chalcedonense

203 2319 325 2359 atina
345 2307 456 2362 553
481 2310 617 2364 editi
642 2314 852 2377 sunt",
878 2324 936 2369 ut
956 2326 1149 2389 aperto
1172 2333 1493 2393 argumento
1515 2328 1767 2385 conﬁcic-

202 2404 276 2449 tur
306 2400 476 2467 paulo
502 2412 650 2469 post.

258 2489 411 2561 263
454 2492 593 2549 Vill.
629 2495 866 2553 Necesse
899 2508 984 2554 est
1018 2501 1185 2572 igitur
1230 2520 1547 2576 supremum
1594 2510 1763 2569 fuisse

200 2577 520 2636 Theodoreti
562 2584 833 2641 laborem.
900 2590 969 2645 Et
1008 2609 1143 2648 vero
1189 2611 1314 2651 cum
1346 2598 1414 2652 ad
1436 2599 1615 2671 ipsum
1639 2619 1762 2660 sus-

199 2672 499 2742 cipiendum
532 2677 913 2747 impelleretur
934 2682 1003 2738 ab
1026 2684 1279 2757 Hypatio,
1323 2689 1539 2747 inﬁrma
1554 2695 1763 2751 valetu-

199 2762 305 2819 dine
351 2766 622 2823 utebatur
677 2787 690 2823 :
734 2787 898 2841 quam
947 2791 1049 2847 ego
1097 2777 1516 2849 inﬁrmitatem,
1568 2801 1764 2858 magna

198 2854 368 2911 saltem
417 2874 492 2912 ex
537 2871 715 2929 parte,
771 2863 1108 2936 interpretor
1147 2882 1511 2942 senectutem,
1547 2854 1758 2934 tum'ex

197 2946 556 3017 epistolall5,
609 2953 702 3007 ubi
753 2956 947 3013 eadem
1003 2959 1117 3016 lere
1162 2964 1330 3021 verba
1379 2979 1757 3039 usurpantur:

198 3044 293 3093 tum
329 3057 401 3095 ex
450 3058 521 3098 eo
570 3046 717 3114 quod
767 3046 1057 3119 Hypatium
1091 3070 1202 3109 non
1241 3057 1355 3127 jam
1376 3061 1756 3135 presbyterum

198 3126 469 3198 duntaxat,
521 3143 579 3191 et
618 3136 1095 3212 chorepiscopum,
1148 3126 1395 3222 sedCyri
1421 3126 1760 3225 episcopum,

198 3221 379 3276 παίδων
431 3225 693 3289 φίλτατον
744 3237 801 3285 et
846 3233 1260 3303 ἐρασμιώτατον
1294 3221 1563 3311 appellat;
1598 3221 1760 3317 quam

196 3310 438 3382 loquendi
472 3316 704 3373 formam
738 3321 852 3376 sola
879 3325 1028 3379 senis
1051 3326 1353 3395 hominem,
1377 3348 1537 3401 quem
1562 3337 1763 3391 educa-

196 3405 330 3471 verit,
366 3409 708 3480 alloquentis
736 3424 869 3471 aetas
896 3430 1123 3475 excusat
1162 3439 1175 3474 :
1212 3431 1326 3478 tum
1359 3426 1594 3498 denique
1620 3448 1760 3501 quo-

197 3496 317 3552 niam
350 3501 408 3554 in
440 3503 764 3571 praefatione
798 3509 867 3563 ad
895 3511 1069 3568 libros
1105 3515 1311 3587 Regum
1342 3496 1559 3586 scribit,
1599 3496 1656 3579 se
1690 3526 1757 3580 ad

196 3585 313 3645 hanc
340 3593 514 3649 etiam
542 3605 757 3666 partem
786 3602 1169 3670 perﬁciendam
1192 3585 1478 3676 accedere,
1530 3632 1593 3669 ne
1622 3621 1756 3687 peti-

195 3681 364 3739 tionem
393 3685 616 3758 Hypatii
644 3688 1006 3762 imperfectam
1027 3696 1313 3770 relinquat,
1342 3712 1518 3759 morte
1548 3681 1757 3765 scilicet

193 3787 502 3841 pmentus.

248 3864 331 3922 IX.
368 3868 583 3939 Opinor
612 3873 780 3945 igitur
830 3881 984 3949 operi
1019 3890 1170 3940 tanto
1202 3898 1485 3946 auctorem
1522 3910 1631 3948 non
1657 3897 1750 3950 diu

193 3963 530 4030 superstitem
559 3964 766 4024 fuisse:
794 3986 972 4042 neque
995 3975 1143 4031 enim
1171 3979 1379 4037 absolvi
1401 3987 1575 4053 potuit
1596 3987 1750 4044 brevi

192 4058 415 4124 tempore
437 4096 454 4121 ,
499 4056 599 4112 sed
626 4058 884 4117 diuturna
909 4064 1293 4136 meditatione;
1339 4074 1611 4145 siquidem
1640 4095 1752 4135 me-

192 4140 411 4211 dullam,
465 4157 529 4203 ut
574 4150 647 4205 ita
672 4152 896 4223 loquar,
947 4157 1317 4231 intelligentiae
1341 4140 1748 4239 scripturarum

191 4235 449 4293 contineat
476 4257 489 4292 :
514 4241 584 4296 ad
618 4257 756 4312 opus
780 4252 964 4301 autem
994 4252 1224 4307 accessit
1247 4264 1373 4323 post
1397 4235 1599 4314 annum
1624 4263 1746 4327 455,

192 4323 361 4380 obiit"
393 4346 545 4386 anno
566 4333 690 4400 457,
721 4345 818 4390 aut
842 4337 964 4392 458.

1376 302 1474 362 DE
1514 307 1769 371 LIBRIS
1802 314 2311 383 THEODORETI-

1894 531 2058 591 atque
2094 525 2465 597 incorporeas,
2517 532 2613 587 sed
2645 542 2826 589 tamen
2865 536 3322 611 circumscriptae;
3357 546 3471 599 sin-

1892 611 2033 678 gulis
2053 612 2388 681 hominibus,
2413 618 2522 675 imo
2541 631 2597 675 et
2616 623 2890 692 gentibus,
2911 642 3071 682 suum
3091 645 3213 685 esse
3230 634 3472 704 assigna-

1895 707 2007 752 tum
2057 705 2373 773 custodem;
2432 710 2487 764 in
2530 712 2650 766 loco
2681 729 2822 780 esse,
2869 718 2998 786 quia
3036 722 3468 794 circumscripti;

1893 786 1944 841 in
1981 797 2255 860 tempore,
2294 796 2421 865 quia
2452 802 2653 868 creati;
2691 819 2816 858 cum
2845 808 2983 861 cmlo
3012 817 3067 863 et
3096 819 3240 865 terra
3270 812 3462 880 factos,

1890 896 2201 951 quanquam
2259 902 2369 941 non
2416 891 2486 944 sit
2532 905 2723 949 contra
2755 897 2983 953 verbum
3009 901 3248 970 pietatis,
3286 904 3471 961 dicere

1890 982 2015 1029 ante
2038 977 2238 1032 coelum
2274 990 2329 1034 et
2354 990 2554 1039 terram
2587 1005 2709 1044 esse
2732 993 3003 1048 conditos.

1962 1063 2072 1120 ΧΠ.
2111 1068 2423 1134 Quaestione
2448 1076 2542 1138 l9,
2580 1095 2704 1133 cum
2731 1081 3188 1154 interpretaretur
3208 1089 3322 1145 haec
3345 1108 3466 1146 ver-

1887 1152 1955 1208 ba
2005 1173 2017 1209 :
2052 1156 2331 1215 Faciamus
2354 1165 2617 1221 hominem
2648 1171 2718 1224 ad
2740 1172 3077 1242 imaginent',
3101 1186 3234 1243 etc.,
3267 1181 3462 1236 catho-

1886 1244 2047 1300 licam
2100 1248 2169 1304 de
2221 1251 2598 1313 incarnatione
2637 1260 2944 1318 doctrinam
2979 1269 3243 1334 ostendit,
3300 1274 3459 1341 quasi

1887 1345 2218 1395 testamento
2245 1342 2405 1398 ﬁdem
2432 1363 2586 1401 suam
2614 1352 2963 1422 consignatis.
2996 1356 3130 1411 Cum
3160 1360 3305 1414 enim
3333 1379 3460 1431 pro—

1885 1429 2094 1485 miscue
2142 1434 2432 1504 πρόσωπον
2473 1448 2529 1493 et
2567 1442 2862 1496 ὑπόστασιν
2895 1460 3211 1517 usurpasset
3242 1452 3310 1508 de
3336 1454 3459 1508 Tri-

1885 1520 2057 1575 nitate
2080 1523 2394 1594 disserens,
2448 1538 2615 1600 atque
2643 1534 2782 1590 adeo
2806 1539 3139 1596 ostendisset
3177 1558 3236 1597 se
3262 1560 3459 1601 nomen

1890 1612 2177 1681 πρησώπου
2208 1633 2372 1674 sensu
2394 1623 2619 1693 physico
2636 1627 2910 1697 accipere,
2932 1631 3045 1685 haec
3063 1632 3259 1688 habet:
3282 1654 3300 1686 ‹
3320 1636 3464 1692 Deus

1883 1703 1975 1771 qui
2017 1710 2311 1774 praenoscit
2345 1713 2549 1771 omnia.
2580 1732 2703 1784 quas
2729 1720 2972 1775 nonduin
3002 1722 3141 1778 facta
3167 1734 3314 1789 sunt,
3340 1735 3460 1781 tan-

1881 1811 2045 1865 quam
2082 1798 2194 1869 jam
2226 1800 2399 1866 facta,
2448 1814 2504 1860 et
2536 1808 2629 1875 qui
2660 1810 2999 1877 praevidebat
3026 1814 3458 1873 incarnationem

1880 1895 1935 1940 et
1963 1886 2473 1949 inhumanatiunem
2504 1897 2781 1969 Unigeniti
2806 1942 2820 1965 ,
2856 1905 3117 1975 quodque
3145 1923 3213 1961 ex
3236 1908 3458 1980 Virgine

1879 1980 2128 2035 eamdem
2166 1991 2420 2039 naturam
2456 1998 2779 2060 sumpturus
2808 2004 2956 2048 esset
2979 2038 2992 2058 .
3036 2013 3198 2065 quam
3224 2000 3328 2054 sibi
3358 2017 3456 2056 co-

1876 2078 2088 2137 optaret
2137 2082 2195 2126 ct
2237 2074 2423 2131 uuiret
2462 2080 2476 2096 '
2516 2079 2615 2145 sic,
2657 2090 2717 2135 ut
2746 2098 2849 2136 una
2877 2100 3105 2153 persona
3145 2087 3238 2141 Dei
3269 2098 3325 2143 et
3352 2090 3454 2146 ho-

1877 2160 2038 2215 minis
2068 2162 2426 2235 intelligatur,
2466 2177 2524 2224 et
2551 2187 2657 2225 una
2680 2173 2978 2244 eademque
3002 2177 3075 2231 illi
3104 2178 3352 2235 adoratio
3384 2181 3453 2236 ab

1875 2245 2136 2309 universa
2158 2268 2411 2314 creatura
2442 2260 2778 2327 deferatur,»
2808 2273 2916 2320 etc.

1943 2343 2071 2398 Inde
2112 2343 2172 2398 ﬁt
2206 2347 2432 2404 evidens
2479 2352 2746 2407 adversus
2786 2354 3204 2414 Severianorum
3240 2362 3451 2417 calum-

1873 2434 2039 2498 niam,
2069 2452 2232 2505 quam
2252 2440 2466 2496 sincera
2488 2442 2655 2498 fuerit
2680 2445 3011 2503 Theodoreti
3035 2451 3302 2519 professio
3323 2454 3449 2509 ﬁdei

1871 2525 2008 2579 facta
2028 2526 2397 2597 Chalcedone,
2441 2551 2717 2606 quamque
2737 2537 2900 2610 264
2917 2555 2984 2594 ex
3004 2541 3187 2597 animo
3211 2544 3449 2600 Nestorii

1870 2614 2218 2684 dogmatibus
2244 2622 2530 2677 anathema
2557 2625 2776 2682 dixerit.
3366 2620 3381 2637 ’

1939 2704 2251 2771 Qu;cstione
2277 2711 2367 2776 20,
2423 2729 2545 2783 qum
2580 2727 2664 2771 est
2711 2718 2779 2774 de
2819 2721 3181 2778 similitudine
3210 2724 3448 2779 hominis

1868 2814 1992 2850 cum
2024 2799 2158 2863 Deo,
2186 2802 2495 2860 ati‘eruutur
2525 2807 2767 2875 Diodori,
2796 2812 3071 2868 Theodori
3097 2824 3151 2870 et
3194 2816 3449 2887 Origenis

1868 2890 2204 2956 testimonia,
2260 2911 2382 2964 qua:
2434 2901 2753 2969 nonnemini
2784 2905 2898 2959 visa
2925 2915 3054 2961 sunt
3080 2922 3239 2962 nona
3263 2908 3445 2963 Theo-

1867 2980 2059 3037 doreto
2099 2984 2382 3052 inserta",
2437 2989 2532 3044 sed
2560 2992 2628 3047 ab
2655 2993 2785 3058 alio,
2818 3006 3106 3066 propterea
3140 2999 3286 3068 quod
3322 3012 3446 3070 post

1867 3077 2174 3143 argumenti
2216 3080 2595 3136 tractationem
2636 3094 2694 3138 et
2728 3087 3051 3155 opinionum
3096 3090 3214 3144 sine
3251 3102 3443 3146 aucto-

1867 3183 1985 3219 rum
2009 3170 2229 3223 nomine
2262 3171 2606 3237 relationem,
2644 3192 2750 3229 non
2781 3179 3076 3235 admodum
3109 3183 3266 3236 utilia
3292 3194 3437 3239 sunt.

1867 3257 2065 3311 Verum
2116 3275 2241 3313 cum
2284 3260 2451 3314 iidem
2500 3263 2831 3335 interpretes
2883 3269 3178 3327 laudentur
3215 3274 3268 3328 in
3304 3291 3439 3331 con-

1861 3350 2224 3418 sequentibus
2268 3354 2748 3422 quaestionibus“,
2808 3362 3067 3418 existimo
3120 3365 3439 3424 Theodore-

1864 3445 1976 3492 tum
2024 3439 2286 3496 habuisse
2335 3443 2389 3497 in
2428 3445 2632 3507 animo,
2683 3448 2750 3501 ad
2780 3450 3109 3520 insigniores
3130 3454 3283 3510 locos
3307 3474 3437 3525 pro-

1860 3528 2006 3585 t‘erre
2055 3541 2330 3590 tantorum
2374 3536 2620 3591 virorum
2671 3544 3019 3611 sententias;
3080 3546 3176 3600 sed
3229 3548 3437 3603 laboris

1859 3623 2259 3692 magnitudine,
2291 3628 2439 3683 unde
2465 3640 2740 3686 cresceret
2765 3648 2927 3703 opus,
2954 3638 3104 3706 quod
3129 3638 3296 3695 breve
3315 3657 3437 3697 esse

1858 3715 2127 3781 voluerat,
2159 3716 2489 3773 deterritum
2515 3721 2871 3779 abstinuisse.

1925 3804 2065 3860 Xlll.
2100 3806 2413 3873 Quaestione
2442 3810 2511 3864 58
2546 3811 2601 3865 in
2633 3813 3143 3882 Deuteronomium,
3192 3834 3316 3872 cum
3346 3818 3430 3873 in-

1858 3906 2258 3968 terpretaretur
2284 3901 2483 3971 capitis
2502 3919 2625 3958 xxix
2650 3914 2709 3960 et
2728 3923 2832 3960 xxx
2861 3907 3279 3964 maledictiones
3309 3925 3434 3979 peo-

1855 3988 2110 4044 cantibus
2142 3989 2465 4057 intentatas,
2500 4002 2558 4047 et
2586 3994 3007 4055 benedictiones
3032 3999 3432 4068 ptenilentibus

1855 4078 2050 4144 factas,
2103 4080 2348 4134 ostendit
2399 4082 2622 4148 Judaeis,
2676 4100 2819 4154 saepe
2864 4085 2995 4141 olim
3047 4095 3169 4157 post
3210 4096 3431 4156 peccata

1852 4170 2109 4225 contritis
2161 4171 2345 4226 datam
2383 4188 2504 4228 esse
2537 4174 2777 4240 veniam,
2813 4191 2924 4240 non
2947 4176 3116 4232 fuisse
3139 4194 3272 4233 vero
3306 4189 3431 4249 post

1851 4261 2094 4316 occisum
2112 4261 2413 4317 Christum.
2448 4282 2465 4314 ι
2485 4264 2543 4318 Id
2561 4266 2862 4334 saepissime
2882 4267 3085 4322 factum
3103 4279 3205 4331 est,
3228 4270 3425 4339 inquit.

1853 4361 1912 4409 ut
1952 4353 2255 4410 clarissime
2302 4364 2455 4425 patet
2509 4372 2575 4410 ex
2613 4356 2758 4411 libro
2791 4358 3069 4425 Judicum,
3112 4369 3168 4415 ct
3198 4360 3426 4415 historia

250 4417 311 4473 Χ.
348 4422 569 4479 Dictum
609 4425 900 4497 haetenus,
953 4450 1064 4504 quo
1096 4444 1361 4507 tempore,
1406 4457 1517 4511 quo
1544 4443 1744 4515 impul-
1778 4467 1821 4521 υ
1852 4444 2165 4516 Regnorum
2207 4456 2264 4503 et
2294 4448 2770 4518 Paralipomenon.
2826 4450 3019 4507 Postea
3042 4468 3173 4508 vero
3204 4452 3297 4521 qui
3327 4453 3424 4506 de-

195 4519 315 4574 sere,
350 4521 405 4567 et
429 4530 537 4583 qua
568 4515 637 4571 de
675 4533 839 4574 causa
874 4537 1012 4592 opus
1039 4524 1183 4580 istud
1211 4540 1524 4599 susceptum
1557 4533 1629 4588 sit
1660 4544 1733 4589 at:

191 4612 280 4665 que
317 4604 480 4659 etiam
532 4607 843 4664 absolutum
902 4630 914 4665 :
966 4631 1115 4670 nunc
1157 4632 1257 4671 cur
1282 4620 1387 4673 alia
1417 4624 1743 4691 explanandi

191 4684 360 4756 forma,
392 4711 557 4764 quam
588 4714 696 4767 qua
731 4699 783 4753 in
805 4701 946 4766 aliis,
981 4720 1113 4760 usus
1137 4706 1226 4771 sit,
1262 4710 1529 4766 rationem
1558 4714 1740 4777 aliert,

191 4783 314 4846 quod
343 4786 410 4840 sit
444 4788 653 4850 utilior,
691 4792 838 4860 quod
878 4795 950 4847 sit
981 4798 1232 4867 exemplo
1257 4799 1458 4855 Christi
1489 4804 1739 4867 similior,

191 4872 314 4935 quod
364 4875 569 4932 tastidii
607 4881 793 4937 minus
836 4884 1089 4955 uediique
1129 4888 1357 4953 habeat;
1417 4893 1615 4949 addere
1644 4913 1741 4964 po-

194 4966 348 5026 terat,
403 4969 449 5023 si
491 4972 760 5028 modestia
788 4975 1028 5043 sivisset,
1075 4981 1224 5049 quod
1253 4985 1532 5039 eruditum
1555 5003 1741 5042 senem

193 5056 342 5122 magis
366 5058 574 5115 deceat.

249 5142 329 5200 Xl.
379 5150 688 5216 Quaestione
721 5156 775 5221 2,
810 5157 844 5210 5
884 5167 937 5212 et
974 5161 1005 5214 4
1042 5161 1096 5215 in
1138 5162 1741 5228 Gcnesin,.scrmoncm

253 5312 273 5339 ³
301 5301 426 5358 Cen.
458 5308 606 5365 1.26.

1852 4536 2103 4590 hacchati
2134 4537 2352 4595 fuerant
2381 4540 2436 4594 in
2469 4540 2832 4607 Salvatorcm,
2885 4543 2940 4597 in
2970 4543 3282 4597 universam
3313 4555 3423 4597 ter-

1849 4642 1961 4679 ram
2010 4636 2065 4682 et
2111 4644 2259 4685 mare
2292 4631 2527 4701 dispersi
2575 4641 2726 4697 sunt,
2780 4642 2836 4688 et
2884 4650 3007 4687 cum
3038 4632 3419 4703 quadringenti

1845 4721 1972 4773 anui
2001 4721 2337 4785 eﬂluxerint,
2365 4740 2474 4777 non
2501 4734 2630 4780 sunt
2656 4724 3060 4779 revocationem
3084 4726 3417 4779 consecuti.»

1844 4813 2285 4885 Quadringentos
2334 4831 2509 4872 annos
2554 4818 2739 4887 posuit
2787 4832 3020 4871 numero
3049 4816 3281 4887 integro,
3318 4817 3420 4871 etsi

1842 4904 2101 4960 deessent
2122 4905 2250 4959 anni
2278 4906 2363 4969 l7,
2392 4917 2683 4977 propterea
2704 4909 2851 4978 quod
2876 4915 3064 4964 exacta
3085 4910 3423 4979 computatio

1846 4994 1980 5046 nihil
2011 4994 2217 5049 faceret
2248 4996 2313 5050 ad
2346 5014 2459 5050 rem
2489 5039 2501 5060 ,
2551 4998 2823 5067 siquidem
2852 5009 3135 5069 comparat
3166 5000 3422 5069 pristinas

1846 5083 2031 5152 popu‘i
2067 5084 2279 5139 .ludaici
2322 5088 2619 5143 servitutes
2649 5106 2773 5143 cum
2808 5098 3100 5159 postrema,
3131 5107 3251 5161 qmc
3278 5107 3417 5159 qua-

1847 5176 2105 5231 rumlibet
2148 5177 2376 5231 aliarum
2425 5179 2774 5236 dnrationcm
2822 5199 3084 5252 superare
3139 5186 3273 5238 satis
3320 5182 3417 5234 dc-

1480 5442 1786 5496 Stdll‘llll
1832 5446 2058 5501 NUTJ‘I.

260 5620 382 5701 ’jlta
405 5627 515 5701 fere
551 5648 742 5701 supra,
776 5649 828 5700 ι).
868 5637 1041 5693 ~200m
1071 5642 1189 5696 ἓὸι.

1251 5644 1287 5674 ³¹
1321 5645 1435 5698 Vid.
1465 5666 1646 5715 supra,
1672 5668 1723 5718 p.
1762 5654 1882 5705 ΞΜ.

1967 5656 2006 5684 ³²
2042 5656 2159 5708 Vid.
2187 5656 2461 5707 ()udinnm
2497 5656 2566 5737 llr
2594 5658 2774 5737 script;
2809 5658 2911 5737 hyali
2944 5667 3071 5737 sul.
3101 5657 3138 5718 l,
3168 5673 3219 5727 ιι.
3251 5658 3402 5721 ΗΘΒ»,

733 5685 741 5693 ,
776 5685 790 5700 ι
875 5685 928 5689 --
959 5685 964 5688 .
996 5685 1037 5693 μ.
1074 5685 1189 5696 ,.υ..
1334 5685 1435 5698 νυ..
1465 5685 1521 5701 ,νυ
1553 5685 1646 5711 nu.
1686 5685 1723 5705 νν.
1766 5685 1882 5705 ,ιι-ι.
2053 5685 2159 5708 VIII.
2187 5685 2461 5707 υυῖιιιιιιιιι
2497 5685 2557 5730 ,ξι
2594 5685 2772 5731 Mill”.
2809 5685 2906 5737 τρι
2944 5685 3042 5711 «‘u'

198 5685 239 5719 ”
264 5689 377 5748 Cum
398 5699 570 5766 iidem,
604 5685 715 5756 etc.
746 5703 806 5756 ln
834 5708 1022 5773 primis
1046 5711 1366 5769 Theodorus
1409 5726 1459 5771 ct
1492 5685 1775 5775 illiodnll‘us.
1817 5723 1933 5775 Vid.
1968 5725 2001 5777 l.
2042 5743 2087 5777 (ι.
2127 5735 2315 5794 quzt'st.
2356 5728 2441 5779 ‘ll.
2477 5727 2561 5781 χά,
2596 5726 2680 5786 2:3,
2719 5726 2795 5785 .8,
2836 5731 2921 5787 δτι,
2970 5732 3042 5779 ευ,
