3926 6216
531 331 637 396 215

1627 339 2004 401 GARNERII
2043 339 2538 401 DISSERTATIO
2577 341 2658 400 Il.

3672 329 3766 392 216

533 443 985 513 prehenderetur.
1032 446 1135 502 etsi
1182 447 1257 502 de.
1296 447 1709 518 quadringentis
1735 449 1893 504 annis
1921 450 2106 519 plures
2135 458 2176 509 Α
2208 451 2386 520 gratia
2435 450 2630 504 factam
2693 445 2908 502 assidue
2966 440 3335 502 versantibus,
3369 438 3586 508 plurimi
3638 441 3768 494 asti-

533 549 698 601 quam
732 535 1125 603 septemdecim
1154 537 1599 592 detraherentur.

531 625 559 696 §
581 625 646 680 il.
672 625 1040 697 Interpretatio
1064 630 1117 682 in
1144 627 1381 682 Psalmos
1405 636 1610 682 centum
1632 638 1681 682 et
1701 630 2103 700 quinquaginta.

604 717 643 771 Ι.
707 718 1091 772 Theodoretus
1151 718 1623 789 interpretationis
1682 719 1738 773 in
1784 719 2108 774 Psalterium

532 808 782 862 meminit
804 823 1058 877 expresse
1090 808 1142 862 in
1166 809 1408 879 Epistola
1441 811 1510 864 ad
1537 809 1834 865 Eusebium
1861 809 1925 875 ³⁸,
1945 822 2108 879 atque

529 897 696 951 etiam
713 899 1015 967 quastione
1037 900 1106 954 45
1139 902 1194 953 in
1223 899 1424 953 librum
1447 901 1490 954 ll
1522 901 1755 971 Regum.

600 987 664 1042 ll.
699 987 952 1057 Suscepit
974 989 1143 1058 igitur
1167 989 1222 1044 id
1247 991 1430 1059 operis
1453 998 1576 1045 ante
1599 1007 1802 1045 annum
1822 991 1953 1057 4'55;
1982 1006 2110 1045 nam

530 1094 654 1133 cum
678 1079 948 1134 scriberet
967 1096 1112 1134 anno
1133 1081 1236 1135 445
1262 1081 1328 1136 ad
1351 1083 1674 1148 Eusebium,
1708 1083 1872 1138 tradit
1896 1098 1953 1136 se
1982 1090 2108 1137 ante

530 1171 820 1225 duodecim
845 1187 1019 1227 annos
1045 1171 1345 1227 confecisse
1393 1172 1566 1228 libros
1612 1189 1751 1244 quos
1790 1182 2105 1240 enumerat;

525 1271 816 1318 enumerat
837 1279 970 1318 vero
999 1263 1243 1319 secundo
1266 1265 1386 1319 loco
1410 1265 1661 1320 Psalterii
1688 1267 2104 1335 expositionem.

527 1351 789 1418 Quamvis
838 1353 944 1408 hoc
986 1363 1370 1424 argumentum
1417 1355 1701 1425 probabile
1745 1356 1817 1409 sit
1866 1370 2109 1424 veroque

528 1442 730 1503 simile,
785 1441 952 1498 debet
988 1451 1170 1497 tamen
1223 1443 1429 1498 dictum
1474 1443 1807 1499 Theodoreti
1854 1443 2111 1514 restringi

528 1532 596 1586 ad
620 1533 836 1602 priores
861 1533 1055 1599 libros,
1104 1549 1243 1604 quos
1267 1543 1519 1590 recenset
1560 1553 1574 1588 :
1615 1551 1741 1590 nam
1765 1534 2107 1598 Philotbeus,

527 1624 622 1693 qui
653 1633 963 1694 postremus
986 1627 1322 1692 nominatur,
1353 1628 1444 1681 vix
1468 1637 1595 1683 ante
1619 1643 1822 1682 annum
1844 1627 1950 1682 445
1978 1627 2111 1681 scri-

527 1725 656 1786 ptus
681 1715 788 1771 dici
816 1726 1012 1786 potest,
1044 1725 1106 1772 ut
1134 1733 1235 1773 suo
1257 1719 1377 1773 loco
1407 1719 1894 1773 demonstrabitur.

2213 551 2354 596 mata
2395 543 2463 596 sit
2485 542 2550 596 ".

2282 633 2392 688 γη.
2420 631 2673 688 Ostendit
2703 631 2890 693 etiam,
2925 641 3087 698 quam
3113 625 3381 679 rationem
3423 622 3477 676 in
3503 637 3766 691 exponen-

2210 724 2295 778 dis
2324 724 2556 778 Psalmis
2579 729 2784 784 teneat,
2813 727 2869 774 ct
2901 733 3067 789 quam
3097 716 3167 770 ob
3206 729 3448 769 causam.
3489 732 3506 764 ς
3551 710 3680 766 Cum
3719 712 3766 767 in

2210 812 2391 867 varios
2429 810 2747 864 incidissem
2777 805 3222 867 commentarios,
3252 801 3346 873 qui
3385 801 3587 872 partim
3618 801 3668 855 in
3696 801 3766 854 al-

2210 904 2470 974 legoriam
2508 907 2524 923 '
2566 917 2692 958 cum
2743 901 2916 954 multa
2967 898 3216 952 satietate
3275 894 3530 958 abibant;
3583 892 3764 962 partim

2211 1009 2342 1048 vero
2386 993 2729 1064 prephetiam
2775 988 3103 1061 quibusdam
3143 985 3392 1042 historiis
3433 985 3512 1039 sic
3556 982 3764 1050 adapta-

2209 1085 2361 1151 bant,
2395 1093 2455 1139 ut
2482 1084 2685 1140 Judais
2730 1083 2914 1153 potius
2957 1078 3337 1150 interpretatio
3366 1075 3764 1145 sulfragarctur,

2209 1192 2372 1247 quam
2400 1175 2525 1229 ﬁdei
2561 1173 2824 1228 alumnis:
2857 1170 3075 1226 solertis
3097 1184 3217 1224 esse
3264 1166 3473 1238 putavi,
3498 1173 3556 1220 et
3584 1164 3765 1220 horum

2209 1277 2267 1323 et
2302 1268 2520 1321 illorum
2561 1263 3010 1319 immodicitatem
3044 1261 3253 1330 fugere.
3290 1257 3638 1326 Quaecunque
3661 1255 3768 1324 qui-

2210 1360 2334 1415 dem
2359 1359 2554 1429 priscis
2600 1355 2848 1411 historiis
2880 1353 3254 1416 coharebant,
3283 1350 3372 1405 his
3412 1349 3528 1403 hac
3571 1361 3768 1401 accom-

2211 1450 2436 1507 modare
2457 1451 2792 1511 etiamnunc,
2823 1444 3205 1516 pradictiones
3237 1451 3420 1496 autem
3456 1439 3525 1494 de
3554 1439 3767 1492 Domino

2209 1543 2450 1607 Christo,
2480 1550 2536 1597 et
2557 1541 2625 1595 de
2655 1539 2897 1594 Ecclesia
2927 1554 2994 1592 ex
3026 1536 3282 1608 gentibus
3314 1530 3620 1594 conflanda,
3650 1544 3766 1584 nec—

2210 1651 2322 1690 non
2353 1634 2422 1689 de
2443 1633 2755 1704 evangelica
2780 1630 3080 1701 republica,
3105 1628 3283 1697 deque
3307 1623 3618 1696 apostolicis
3644 1637 3770 1692 pra-

2212 1723 2600 1789 dicationibus,
2627 1737 2737 1776 non
2780 1721 2903 1774 aliis
2940 1717 3266 1789 quibusdam
3317 1714 3614 1780 ascribere,
3635 1713 3765 1784 quod

598 1807 686 1861 lll.
726 1807 880 1874 Quod
933 1809 980 1862 si
1023 1817 1205 1863 autem
1258 1825 1348 1866 res
1394 1811 1469 1865 ita
1511 1825 1570 1864 se
1608 1810 1792 1874 habet,
1843 1810 1898 1864 id
1927 1809 2103 1878 operis

2211 1817 2382 1876 Judaei
2425 1816 2603 1872 facere
2655 1813 2855 1878 solent,
2898 1812 2992 1882 qui
3025 1809 3244 1864 malitia
3281 1807 3487 1862 assueti
3534 1813 3675 1869 sunt,
3719 1813 3768 1858 et

526 1900 889 1969 compositum
912 1915 1033 1961 esse
1061 1910 1274 1971 oportet
1303 1910 1426 1970 post
1457 1902 1724 1973 synodum
1754 1901 2107 1970 Ephesinam,

526 2005 652 2046 cum
703 2007 791 2046 res
847 1992 1183 2049 Nestoriaua
1243 1994 1424 2049 adhuc
1477 1993 1775 2048 admodum
1806 1993 2107 2058 ferverent,

523 2098 736 2153 paxque
781 2083 922 2138 inter
966 2084 1274 2151 Ecclesias,
1330 2086 1502 2139 invito
1541 2084 1908 2148 Theodoreto,
1964 2090 2111 2138 esset

525 2173 680 2228 inita.
727 2172 954 2243 Op0rtet
976 2181 1033 2228 et
1055 2175 1332 2243 pertinere
1361 2175 1428 2230 ad
1465 2176 1656 2239 libros,
1685 2175 1778 2244 qui
1821 2174 1876 2228 in
1908 2174 2110 2230 litteris

523 2263 592 2318 ad
613 2273 860 2319 sanctum
877 2265 1114 2321 Leonem
1146 2281 1289 2321 anno
1307 2267 1412 2321 449
1433 2266 1594 2331 datis,
1642 2274 1768 2321 ante
1791 2265 2108 2336 quindecim

524 2369 695 2409 annos
729 2354 919 2425 scripti
942 2355 1219 2410 dicuntur.

595 2444 755 2516 265
797 2445 883 2501 IV.
922 2445 1054 2500 Inde
1093 2444 1151 2500 fit
1175 2454 1254 2510 ut,
1281 2446 1539 2516 quoniam
1572 2461 1717 2516 ager
1755 2447 1976 2501 animus
2015 2446 2107 2501 vix

531 2537 818 2592 continere
847 2537 986 2592 solet
1022 2547 1343 2608 conceptam
1384 2539 1858 2609 perturbationem
1877 2580 1892 2604 ,
1918 2554 2106 2593 erum-

525 2638 619 2700 pat
643 2630 786 2684 inter
807 2630 1282 2700 interpretandum
1310 2631 1544 2686 subinde
1569 2631 1822 2685 nonnihil
1873 2639 1969 2685 aut
2000 2631 2108 2686 ira-

525 2720 759 2785 cundia,
791 2729 886 2776 aut
914 2723 1286 2791 querelarum,
1312 2731 1407 2776 aut
1441 2722 1816 2793 agritudinis:
1844 2722 1991 2794 quod
2019 2733 2104 2777 at-

529 2820 709 2868 tentus
732 2814 906 2868 lector
929 2829 1042 2868 non
1066 2815 1233 2869 semel
1268 2815 1603 2870 observabit.

599 2905 665 2961 V.
701 2905 1084 2960 Theodoretus
1109 2905 1283 2961 videri
1310 2913 1490 2976 potest
1517 2907 1760 2972 tradere,
1796 2923 1906 2962 non
1931 2906 2107 2962 conti-

525 3011 697 3051 nuum
742 2996 914 3052 fuisse
969 2997 1140 3052 totius
1181 2996 1366 3068 operis
1411 2997 1774 3053 elucubrandi
1835 2999 2101 3063 laborem,

526 3089 620 3145 sed
666 3089 902 3144 aliorum
940 3089 1242 3159 scriptione
1286 3088 1677 3160 interruptum.
1703 3089 1796 3146 Ait
1841 3091 1990 3146 enim
2010 3091 2054 3123 ³⁵
2086 3108 2098 3144 :

533 3201 552 3232 α
581 3181 694 3236 Hoc
718 3190 968 3236 nostrum
993 3181 1325 3237 desiderium
1349 3183 1699 3255 (explanandi
1729 3183 2101 3253 Psalterium),

527 3288 638 3326 non
671 3274 921 3328 siverunt
944 3273 1011 3327 ad
1049 3272 1210 3328 finem
1236 3275 1528 3343 pervenire
1555 3273 1613 3338 ii,
1641 3275 1737 3344 qui
1770 3290 1800 3328 a
1823 3275 1984 3328 nobis
2012 3289 2102 3328 sa-

527 3379 748 3419 crorum
795 3365 1028 3418 aliorum
1061 3365 1402 3418 voluminum
1442 3367 1853 3436 explanationes
1894 3366 2104 3437 efﬂagi-

531 3464 736 3510 tarunt.
777 3474 795 3507 »
825 3454 1009 3510 Malim
1035 3470 1136 3525 ego
1173 3464 1356 3510 tamen
1380 3457 1635 3512 assentiri
1662 3457 1956 3512 Sirmondo
1985 3457 2102 3511 exi—

528 3546 770 3602 stimanti
799 3545 1074 3616 integrum
1108 3562 1247 3615 opus
1271 3557 1394 3617 post
1423 3556 1753 3602 memoratos
1787 3547 1961 3602 libros
1983 3563 2102 3603 esse

527 3634 911 3705 compositum.
938 3633 992 3688 id
1016 3635 1164 3690 enim
1191 3635 1425 3690 suadent
1463 3636 1630 3690 verba
1651 3636 1833 3690 allatis
1866 3636 2050 3705 priora
2085 3653 2099 3689 :

533 3746 549 3779 ‹
584 3727 882 3798 Propterea
908 3727 1051 3782 hanc
1077 3727 1310 3797 primam
1338 3728 1682 3798 pmphetiam
1714 3729 1965 3783 volebam
2005 3744 2101 3784 ex-

529 3830 757 3888 ponere,
795 3826 958 3888 atque
1004 3818 1301 3889 ingeniosis
1351 3820 1780 3884 mercatoribus,
1816 3835 1936 3876 eam
1981 3837 2102 3892 qua

526 3911 582 3964 in
621 3909 892 3980 profundo
917 3919 1021 3974 est,
1047 3911 1344 3967 utilitatem
1370 3927 1698 3982 proponere,
1740 3920 1800 3967 ut
1843 3921 2102 3967 canentes

524 4000 709 4063 simul,
747 4009 806 4055 et
845 4015 1038 4055 eorum
1075 4017 1197 4071 qua
1236 4009 1510 4056 canuntur
1555 4002 1885 4058 sententiam
1924 4003 2103 4072 perci-

523 4091 758 4160 pientes,
781 4090 1120 4160 duplicatum
1155 4090 1395 4147 fructum
1420 4093 1747 4163 percipiant.
1798 4111 1815 4144 ι
1859 4091 2102 4148 Suadent

521 4181 690 4236 etiam
741 4182 1020 4252 sequentia
1075 4199 1090 4236 :
1154 4203 1172 4235 ι
1211 4185 1505 4254 Postquam
1547 4185 1714 4256 igitur
1740 4183 1893 4240 dedit
1939 4185 2102 4241 nobis

523 4273 686 4337 Deus,
732 4279 794 4327 ut
833 4274 1264 4329 commentarios
1303 4274 1358 4328 in
1402 4274 1519 4329 hac
1559 4275 1734 4344 ipsius
1763 4275 1985 4345 eloquia
2031 4275 2101 4330 ad

523 4363 686 4418 finem
735 4363 1321 4436 perduceremus;age
1370 4365 1536 4436 hujus
1581 4366 1749 4421 etiam
1795 4367 2101 4438 prophetia

519 4455 918 4525 expositionem
946 4457 1091 4512 bono
1117 4455 1300 4512 animo
1324 4456 1728 4528 aggrediamur.
1758 4477 1777 4510 ι

592 4547 678 4602 Vl.
702 4546 823 4615 Quo
847 4547 1079 4604 consilio
1107 4549 1404 4604 accesserit
1433 4549 1498 4602 ad
1526 4549 1676 4604 hunc
1706 4550 1978 4614 laborem,
2003 4565 2096 4604 ex-

519 4638 679 4708 ponit
699 4638 940 4694 dilucide
971 4657 984 4693 :
1037 4657 1056 4691 (
1089 4639 1220 4694 Mihi
1253 4639 1475 4709 quidem
1517 4655 1629 4708 pra
1657 4640 1872 4694 cateris
1895 4640 2097 4696 divinis

519 4730 756 4786 oraculis
794 4730 1036 4802 optabile
1089 4729 1212 4796 fuit,
1259 4731 1440 4802 magni
1479 4730 1700 4785 Davidis
1751 4731 2094 4801 prophetiam

520 4818 903 4889 interpretari;
934 4822 1380 4893 quandoquidem
1416 4822 1696 4893 religionis
1725 4823 1953 4888 alumni,
1980 4831 2096 4877 tum

519 4911 614 4979 qui
646 4911 832 4978 urbes,
855 4921 968 4968 tum
1003 4913 1274 4985 quiagros
1299 4914 1568 4978 incolunt,
1594 4913 1927 4985 pracipuam
1957 4929 2095 4984 ope-

520 5018 635 5057 ram
684 5004 816 5059 huic
852 5007 994 5075 parti
1033 5017 1234 5063 navant
1255 5023 1480 5076 omnes;
1505 5008 1562 5063 in
1601 5007 1794 5079 primis
1827 5024 1961 5063 vero
2003 5009 2097 5078 qui

520 5095 878 5150 monasticam
920 5098 1086 5152 vitam
1122 5110 1308 5170 agunt,
1331 5100 1449 5155 dies
1472 5108 1774 5170 noctesque
1804 5099 2099 5155 Davidicos

518 5186 784 5241 versusin
808 5201 904 5242 ore
926 5187 1150 5250 habent,
1183 5208 1201 5240 ι
1237 5199 1346 5244 etc.
1389 5189 1520 5244 Inde
1543 5206 1600 5244 se
1629 5191 1816 5260 prodit
1837 5190 2098 5244 nonnulla

515 5292 701 5343 causa,
735 5293 836 5333 cur
875 5295 906 5333 a
948 5279 1232 5334 monachis
1271 5280 1780 5350 interpretationem
1823 5282 1966 5337 hanc
2014 5281 2098 5336 sui

585 5438 613 5477 ιι
646 5436 787 5492 Psal.
814 5453 863 5503 L,
889 5438 942 5491 7.

2213 1926 2324 1965 sua
2347 1907 2750 1963 incredulitatis
2773 1903 3182 1960 excusationem
3217 1909 3428 1956 texunt.
3457 1897 3600 1953 Satis
3632 1895 3764 1952 enim

2210 2011 2294 2058 est
2332 2018 2518 2056 rerum
2565 2001 2806 2070 ipsarum
2847 1995 3246 2057 testimonium,
3286 2004 3348 2046 ut
3380 1991 3448 2045 ad
3495 1989 3764 2044 veritatem

2213 2091 2681 2164 interpretationis
2713 2089 2950 2145 deducat
2978 2102 3093 2151 eos,
3115 2085 3209 2154 qui
3245 2083 3392 2137 illam
3419 2079 3656 2156 reperire
3679 2077 3765 2132 de.
3857 2139 3860 2144 _

2210 2183 2453 2239 siderant
2487 2201 2499 2236 :
2531 2181 2676 2236 unde
2713 2196 2824 2234 non
2855 2177 3150 2234 admodum
3191 2173 3465 2229 laboriosa
3498 2171 3602 2226 erit
3622 2169 3766 2224 nobis

2209 2276 2584 2348 praedictionis
2619 2274 2928 2345 expositio,
2972 2269 3244 2340 siquidem
3291 2267 3434 2322 hanc
3487 2262 3762 2320 dilucidam

2207 2367 2338 2422 facit
2360 2366 2523 2437 266
2545 2381 2729 2420 rerum
2763 2361 3172 2431 contemplatio.
3199 2356 3558 2413 Studebimus
3578 2363 3762 2414 autem,

2207 2459 2353 2529 quod
2391 2458 2445 2512 in
2479 2457 2638 2511 nobis
2663 2456 2788 2520 erit,
2815 2453 3080 2509 orationis
3114 2449 3483 2521 prolixitatem
3516 2447 3697 2507 vitare.
3718 2452 3766 2497 et

2207 2547 2652 2619 compendiosam
2694 2544 3008 2600 volentibus
3051 2542 3344 2596 utilitatem
3391 2551 3758 2609 proponere.»

2206 2636 2354 2704 Quos
2375 2638 2578 2710 arguit,
2611 2644 2706 2691 aut
2752 2635 3047 2690 fastidiosa
3081 2631 3372 2701 allegoria,
3407 2637 3506 2683 aut
3532 2625 3677 2682 nimii
3716 2624 3764 2678 in

2203 2729 2423 2785 Judaos
2446 2728 2670 2791 favoris,
2697 2734 2792 2781 aut
2813 2725 3047 2780 tadiosa
3077 2721 3406 2794 prolixitatis
3421 2719 3762 2790 expositores,

2207 2821 2242 2875 ii
2279 2827 2408 2875 sunt
2447 2819 2840 2888 Apollinarius,
2877 2816 3201 2871 Theodorus
3237 2813 3652 2882 Mopsuestenus
3674 2850 3687 2874 ,
3717 2816 3765 2863 et

2203 2913 2630 2984 Chrysostomus
2688 2931 2701 2966 :
2762 2910 3040 2982 allegoriis
3093 2909 3324 2965 indulsit
3389 2906 3762 2976 Apollinarius,

2203 3002 2446 3058 Judaicis
2484 3000 2918 3071 expositionibus
2960 2999 3304 3063 Theodorus,
3343 2997 3754 3069 Chrysostomus

2205 3093 2528 3163 prolixitati.
2566 3091 2846 3146 Abstinuit
2867 3107 2999 3146 vero
3037 3091 3215 3144 abhis
3254 3089 3577 3144 auctoribus
3605 3085 3762 3141 nomi-

2205 3183 2374 3237 natim
2409 3182 2750 3253 appellandis
2781 3191 3006 3253 propter
3034 3180 3400 3235 reverentiam
3427 3197 3440 3232 :
3471 3195 3594 3233 nam
3619 3177 3764 3248 Apol-

2204 3275 2385 3330 linarii
2424 3275 2623 3330 famam
2663 3275 3034 3346 suspiciebat,
3074 3273 3320 3342 reliquos
3356 3271 3500 3327 duos
3527 3279 3585 3326 ut
3608 3268 3764 3339 magi-

2204 3377 2350 3424 stros
2381 3368 2616 3423 colebat.

2273 3458 2410 3514 Vlll.
2455 3456 2903 3528 Chrysostomum
2957 3463 3138 3510 tamen
3187 3454 3260 3509 ita
3299 3459 3527 3509 secutus
3557 3458 3637 3505 est
3670 3449 3765 3501 hac

2205 3550 2260 3604 in
2310 3561 2495 3618 parte,
2550 3557 2608 3603 ut
2655 3547 2804 3601 aliud
2851 3547 2987 3601 nihil
3032 3547 3144 3601 fere
3204 3555 3468 3615 praestare
3514 3543 3763 3603 videatur,

2204 3655 2366 3709 quam
2423 3641 2570 3710 quod
2631 3639 2858 3694 effusam
2914 3639 3062 3693 illius
3118 3638 3422 3692 orationem
3470 3633 3760 3690 contrahat.

2207 3730 2516 3788 Sententias
2541 3742 2688 3788 certe
2717 3732 2986 3801 expressit
3025 3747 3166 3800 sape
3205 3749 3216 3782 :
3251 3729 3416 3783 Verba
3458 3739 3637 3783 autem
3677 3726 3766 3780 ali-

2204 3822 2422 3891 quando
2450 3822 2757 3891 exscripsit.
2786 3821 2843 3875 ld
2878 3837 3000 3876 cum
3033 3820 3287 3890 pluribus
3313 3819 3579 3890 exemplis
3608 3813 3763 3870 mani—

2203 3916 2403 3972 festum
2433 3914 2553 3980 ﬁat,
2581 3925 2695 3968 tum
2728 3913 3033 3968 clarissime
3063 3921 3244 3982 patet,
3284 3912 3330 3966 si
3371 3911 3655 3980 utriusque
3685 3906 3760 3960 in-

2203 4005 2460 4078 terpretis
2483 4014 2538 4059 et
2564 4006 2778 4074 legatur
2814 4011 2870 4058 et
2911 4002 3228 4057 conferatur
3266 3999 3688 4057 commentarius
3716 3997 3762 4049 in

2201 4097 2470 4168 psalmum
2505 4111 2534 4149 L
2558 4094 2625 4149 ad
2651 4093 2766 4149 hac
2787 4093 2987 4149 verba:
3021 4092 3155 4146 Ecce
3176 4094 3231 4146 in
3269 4090 3636 4162 iniquitatibus
3654 4103 3762 4140 con-

2202 4200 2379 4260 ceptus
2407 4205 2524 4242 sum
2564 4188 2612 4252 ι»,
2642 4193 2748 4241 etc.

2274 4279 2364 4335 IX.
2393 4278 2508 4334 Etsi
2536 4276 2832 4347 aliquando
2857 4281 3079 4330 secutus
3123 4273 3194 4328 sit
3226 4271 3598 4335 Theodorum,
3628 4270 3760 4323 hunc

2202 4371 2406 4428 deserit
2425 4379 2604 4424 tamen
2627 4377 2689 4422 ut
2709 4367 3028 4438 plurimum,
3047 4365 3214 4435 idque
3232 4365 3395 4434 justis
3416 4363 3484 4417 de
3503 4362 3676 4417 causis
3691 4359 3756 4409 ’7:

2126 4475 2172 4535 D
2198 4480 2326 4519 nam
2355 4461 2680 4517 Theodorus
2716 4459 2895 4530 primo
2919 4459 3088 4512 multa
3117 4457 3171 4510 in
3199 4455 3424 4511 Psalmis
3455 4455 3524 4510 de
3557 4451 3760 4508 Christo

2201 4556 2368 4618 dicta,
2408 4554 2699 4622 detorquet
2725 4551 2862 4616 alio;
2897 4549 3094 4604 deinde
3123 4549 3442 4602 adolescens
3469 4541 3758 4600 octodecim

2201 4659 2471 4701 annorum
2498 4642 2757 4697 Davidem
2787 4641 3180 4709 interpretatus
3218 4645 3320 4700 est,
3361 4651 3485 4689 cum
3519 4634 3640 4704 plus
3677 4630 3761 4682 ha-

2202 4737 2359 4792 beret
2397 4734 2639 4788 audacia
2673 4747 2837 4801 quam
2856 4729 3227 4802 .eruditionis.
3267 4728 3461 4782 Postea
3503 4718 3756 4795 ejusmodi

2203 4824 2543 4896 expositione
2568 4822 2829 4877 invidiam
2861 4820 3158 4874 multorum
3179 4817 3281 4872 sibi
3312 4814 3588 4876 conflavit,
3615 4806 3756 4880 quasi

2203 4919 2406 4974 Judais
2440 4916 2644 4971 faveret
2676 4931 2688 4968 :
2722 4913 2958 4982 denique
3000 4911 3115 4981 ipse
3161 4925 3319 4965 suum
3354 4905 3596 4979 juvenile
3633 4913 3759 4971 opus

2200 5027 2310 5066 non
2344 5009 2636 5064 admodum
2685 5005 2970 5074 probabat,
3003 5012 3064 5056 ut
3102 5001 3364 5056 infectum
3389 4999 3555 5053 etiam
3586 4995 3756 5048 vellet.

2201 5103 2438 5173 ingenue
2478 5109 2656 5154 tamen
2707 5095 3009 5158 fatendum,
3043 5093 3188 5163 quod
3231 5108 3318 5146 res
3361 5100 3480 5154 est;
3529 5104 3590 5142 ea
3635 5098 3759 5139 non-

2200 5203 2480 5258 nunquam
2526 5189 2579 5242 in
2607 5185 2830 5242 Catenis
2872 5184 2977 5254 legi
3009 5199 3076 5238 ex
3101 5182 3393 5237 Theodoro
3428 5180 3481 5233 in
3504 5178 3754 5234 Psalmos.

2200 5295 2324 5350 qua
2351 5282 2660 5342 ostendant,
2697 5276 2767 5331 ab
2811 5276 2930 5345 ipso
2958 5273 3251 5329 litteralem
3279 5286 3499 5327 sensum
3537 5267 3758 5324 feliciter

1845 5555 2160 5612 SCHULZII
2200 5553 2435 5610 NOTAE.

583 5688 631 5762 ξι
655 5689 777 5762 Vid.
798 5691 978 5762 _epist.
1000 5691 1117 5762 782.
1146 5693 1222 5762 g"
1253 5692 1307 5746 In
1332 5693 1488 5747 Praf.
1515 5694 1739 5759 hujusce
1769 5694 1980 5762 Operis.
2061 5697 2104 5728 ³⁸
2133 5694 2282 5748 Plur.
2303 5693 2592 5746 mstim.sit.
2616 5691 2739 5747 Hac
2766 5691 2981 5760 supplet
3010 5687 3280 5752 Oudinus,
3314 5684 3386 5739 De
3403 5684 3583 5752 script.
3605 5675 3745 5738 ραι..

515 5767 556 5814 ι.
593 5758 636 5825 Ι,
675 5775 729 5829 p.
760 5759 914 5814 l070.
993 5760 1037 5793 ³⁷
1063 5760 1182 5816 Vid.
1217 5762 1448 5818 Fabricii
1478 5758 1721 5817 Biblioth.
1761 5758 1877 5828 Gri,
1910 5765 2016 5819 vol.
2056 5764 2148 5832 lx,
2177 5781 2228 5835 p.
2265 5763 2360 5818 160
2390 5777 2505 5831 seq.
