3926 6216
290 278 392 347 ΞΠ

293 494 495 541 tantam
530 482 841 555 Scriptura
870 483 1288 555 intelligentiam
1309 484 1574 539 exsistere
1594 483 1859 553 potuisse.

493 574 522 647 ς
549 575 644 629 111.
680 574 1054 647 Interpretatio
1077 575 1282 632 Cantici
1306 577 1649 630 canticorum.

356 668 399 721 I.
426 667 863 737 Interpretatum
884 682 943 724 se
960 665 1250 723 Canticum
1270 667 1608 723 canticorum
1634 674 1858 722 testatm

287 756 691 823 Theodoretus,
737 757 907 813 semel
956 757 1204 828 quidem,
1231 757 1328 814 sed
1361 764 1580 828 aperte,
1621 758 1679 812 in
1711 757 1860 814 Prte.

286 847 487 902 latione
528 846 905 918 Expositionis
955 848 1012 903 in
1066 848 1310 904 Psalmos
1355 865 1368 901 :
1409 866 1428 899 ι
1474 848 1865 917 lmposuerunt

284 940 444 995 nobis
471 940 751 1004 nonnulli.
788 948 851 996 ut
873 939 1159 996 Canticum
1191 940 1533 995 canticorum
1561 954 1863 1009 exponere-

285 1046 436 1096 mus;
458 1030 633 1101 aliqui
651 1046 787 1086 vero
801 1031 905 1086 viri
929 1030 1332 1086 desideriorum
1350 1030 1395 1064 ⁸⁸
1408 1031 1864 1087 desideraverunt

283 1123 635 1194 prophetiam
658 1138 1026 1195 cognoscere;
1055 1122 1147 1178 alii
1189 1123 1361 1179 divini
1404 1122 1733 1203 Ezechielis,
1763 1121 1860 1177 alii

281 1214 576 1269 duodecim
624 1214 1023 1285 prophetarum
1082 1214 1471 1286 praedictiones
1525 1214 1860 1270 obscuritate

281 1305 559 1359 involutas
606 1304 889 1359 enucleari
928 1304 1033 1359 sibi
1076 1319 1141 1359 ac
1179 1303 1449 1359 declarari
1489 1303 1856 1374 postularunt.

282 1394 579 1465 Postquam
613 1394 786 1465 igitur
824 1394 980 1450 dedit
1023 1394 1183 1450 nobis
1220 1395 1396 1459 Deus,
1419 1403 1480 1449 ut
1524 1402 1862 1450 commenta-

280 1486 395 1541 rios
424 1486 483 1541 in
519 1486 641 1542 hac
671 1486 850 1556 ipsius
880 1487 1098 1556 eloquia
1124 1485 1191 1541 ad
1215 1486 1377 1541 ﬁnem
1401 1485 1855 1556 perduceremus,

277 1594 377 1651 age
410 1579 583 1650 hujus
625 1580 795 1636 etiam
828 1579 1137 1649 prophetiae
1176 1578 1577 1649 expositionem
1624 1578 1858 1634 ﬁdenter

276 1671 686 1742 aggrediamur.
715 1690 735 1724 ι

1456 283 1554 343 DE
1591 284 1848 344 LIBRIS
1877 238 2386 350 miscuerint.

290 393 595 465 expositum
637 391 841 458 fuisse,
886 400 949 447 ut
987 393 1242 448 mirabile
1286 392 1358 448 sit
1402 392 1458 448 in
1515 394 1864 449 adolescente
1898 398 1940 453 Δ
1966 406 2130 460 sunt,
2176 413 2355 469 neque
2408 400 2640 454 minoris
2680 399 2940 455 momenti
2979 401 3024 433 “

3436 293 3544 359 218

3088 418 3102 455 :
3150 416 3277 457 nam
3327 412 3541 470 auctor,

1967 486 2220 557 quisquis
2254 498 2359 554 est,
2393 491 2623 560 perinde
2648 505 2705 546 se
2735 492 2897 562 gerit,
2928 507 2991 547 ac
3021 492 3069 547 si
3095 493 3259 549 vell'et
3288 494 3456 549 alium
3481 510 3542 551 se

1967 593 1996 631 a
2024 579 2372 636 Theodoreto
2403 581 2674 653 probare;
2699 582 2971 654 siquidem
2997 583 3165 640 refert
3182 584 3364 654 primo
3387 586 3453 651 “,
3483 586 3539 642 id

1965 684 2024 725 se
2042 670 2225 739 operis
2246 687 2588 742 aggressum,
2615 674 2869 744 quamvis
2903 674 3403 732 innumerabilibus
3421 686 3541 733 tum

1965 762 2209 826 urbanis,
2236 772 2350 818 tum
2382 766 2701 828 rusticanis,
2733 777 2848 822 tum
2879 767 3232 833 militaribus,
3263 777 3378 823 tum
3402 769 3540 824 civi-

1963 850 2130 917 libus,
2189 861 2304 906 tum
2360 853 2429 908 ad
2478 854 2798 920 Ecclesiam,
2845 863 2961 910 tum
3016 855 3086 910 ad
3144 857 3538 928 rempublicam

1963 942 2370 1012 pertinentibus
2415 944 2873 1014 occupationibus
2910 946 3206 1003 distractus
3238 959 3402 1004 esset.
3432 948 3538 1017 Qui

1964 1049 2094 1090 vero
2115 1034 2517 1101 Theodoretus,
2552 1050 2677 1090 cum
2718 1037 2774 1091 in
2805 1040 3140 1094 monasterio
3160 1040 3541 1110 episcopatum

1962 1140 2139 1195 usque
2165 1126 2385 1192 vixerit,
2425 1136 2481 1182 et
2501 1136 2790 1198 postquam
2847 1129 3223 1201 episeOpatum
3269 1134 3535 1204 suscepit,

1961 1211 2163 1268 divinis
2186 1214 2351 1270 rebus
2380 1216 2680 1271 tractandis
2710 1225 2856 1272 totus
2878 1218 3211 1286 incubuerit,
3239 1230 3334 1275 aut
3366 1223 3536 1277 rusti-

1962 1305 2134 1370 canis,
2174 1315 2271 1361 aut
2316 1306 2650 1364 militaribus
2685 1308 2917 1380 aliisque
2952 1310 3194 1380 praefatis
3236 1313 3382 1367 curis
3418 1312 3534 1368 dis-

1962 1397 2323 1452 trahebatur?

2030 1488 2093 1541 V.
2139 1487 2325 1542 Innuit
2356 1487 2575 1554 deinde,
2605 1504 2663 1544 se
2703 1489 2920 1543 vivente
2951 1490 3118 1560 268
3147 1488 3535 1561 Chrysostomo

1958 1576 2200 1631 scribere
2231 1576 2298 1632 ".
2342 1597 2361 1629 ι
2406 1577 2587 1633 Fortis
2616 1577 2706 1633 ille
2733 1578 2954 1649 pietatis
2992 1589 3365 1651 propugnator
3395 1580 3527 1635 Dio-

1960 1667 2151 1733 dorus,
2188 1675 2245 1722 et
2266 1667 2526 1735 Joannes,
2560 1669 2655 1739 qui
2699 1669 2768 1724 ad
2820 1670 2969 1727 hunc
3020 1688 3198 1743 usque
3252 1673 3396 1728 diem
3435 1673 3536 1730 do—

344 1761 411 1819 II.
442 1762 523 1820 De
543 1760 1006 1833 interpretatione
1022 1773 1213 1831 porro,
1238 1774 1405 1831 quam
1443 1758 1631 1815 Graece
1650 1758 1856 1829 pariter
1891 1758 1932 1784 "
1960 1761 2154 1815 ctrinte
2196 1759 2418 1815 ﬂuentis
2451 1760 2646 1832 irrigat
2672 1763 2990 1817 universum
3014 1764 3205 1819 orbem
3239 1774 3533 1832 terrarum,

274 1872 340 1911 ac
360 1856 555 1911 Latine
578 1871 647 1911 ex
667 1854 789 1909 Zini
808 1854 1065 1915 versione
1084 1852 1600 1909 ediditSirmondus
1618 1851 1855 1917 ",dubi-

277 1949 472 2003 taverit
488 1947 635 2003 forte
655 1946 952 2017 quispiam,
969 1945 1112 2000 sitne
1137 1945 1490 2009 Theodoreti,
1509 1960 1578 1998 an
1607 1944 1853 2000 alterius.

345 2041 431 2097 Ill.
460 2040 816 2099 Theodoreto
857 2039 1052 2093 tribuit
1074 2037 1405 2094 Sirmondus
1422 2079 1436 2103 ,
1471 2054 1573 2110 pro
1599 2053 1710 2109 quo
1734 2053 1857 2109 gra-

275 2134 494 2188 vissima
534 2132 700 2204 26³1
740 2147 837 2188 sex
866 2133 911 2166 ‘°
958 2141 1281 2203 argumenta
1307 2131 1535 2186 faciunt.
1583 2130 1849 2196 Primum,

278 2223 563 2294 ipsiusmet
596 2222 878 2279 Sirmondi
906 2222 1499 2293 viri.perspicacissimi
1530 2231 1693 2293 atque
1720 2238 1852 2277 eru-

276 2314 530 2371 ditissimi
573 2315 867 2387 judicium.
904 2314 1177 2379 Alterum,
1209 2314 1346 2370 ﬁdes
1401 2314 1604 2385 gemini
1653 2331 1851 2370 manu-

279 2406 466 2476 scripti
508 2405 743 2469 codicis,
774 2405 894 2460 Itali
924 2421 1123 2475 nempe
1143 2445 1158 2469 ,
1187 2420 1300 2475 quo
1329 2404 1654 2461 Franciscus
1686 2406 1856 2462 Zinus

278 2511 408 2552 usus
438 2504 544 2559 est,
592 2504 650 2549 et
704 2495 901 2561 nostri,
932 2511 1044 2566 quo
1095 2493 1440 2550 Sirmondus.
1493 2495 1741 2552 Tertium
1780 2499 1847 2563 “,

278 2587 564 2657 ipsiusmet
598 2585 933 2641 Theodoreti
978 2579 1388 2653 testimonium,
1423 2588 1744 2658 exposuisse
1791 2605 1853 2645 se

276 2679 495 2735 Cantica
524 2680 872 2735 canticorum
898 2679 1211 2734 scribentis.
1239 2677 1529 2745 Quartum,
1556 2680 1854 2737 auctoritas

278 2770 472 2840 Pelagii
494 2770 542 2824 II
574 2767 874 2840 pontiﬁcis,
899 2780 994 2825 aut
1031 2768 1282 2840 Gregorii
1310 2769 1489 2840 Magni
1520 2770 1704 2840 potius
1732 2771 1851 2841 epi-

276 2862 465 2933 stolam
509 2860 717 2932 Pelagii
760 2860 983 2920 nomine
1021 2860 1088 2915 ad
1136 2860 1311 2916 Eliam
1350 2860 1758 2931 Aquileiensem
1795 2872 1854 2920 et

274 2954 558 3023 episcopos
589 2952 765 3008 Istria:
798 2951 1111 3008 scribentis.
1144 2970 1163 3003 ι
1200 2949 1340 3008 Cum
1390 2952 1739 3020 Theodorus,
1768 2955 1853 3010 in-

1958 1851 2161 1906 librum
2191 1851 2341 1906 hunc
2371 1851 2711 1923 spiritualem
2763 1868 2885 1907 esse
2926 1864 3280 1911 censuerunt.
3311 1876 3328 1908 ι
3362 1858 3529 1928 Atqui

1958 1944 2340 2000 Theodoretus
2389 1944 2614 2015 scripsit
2661 1945 2718 1999 in
2753 1943 3013 2012 Cantica,
3061 1963 3186 2002 cum
3239 1949 3535 2022 episcopus

1951 2038 2062 2109 jam
2090 2045 2257 2103 esset,
2277 2044 2335 2091 et
2360 2037 2453 2091 vix
2482 2036 2807 2092 vicesimum
2839 2038 3066 2093 tertium
3103 2040 3281 2095 aetatis
3328 2057 3533 2097 annum

1957 2129 2233 2199 attigerat,
2295 2143 2420 2183 cum
2471 2126 2898 2201 Chrysostomus
2933 2130 3122 2187 vivere
3169 2130 3370 2187 desiit:
3400 2132 3531 2188 fun-

1956 2228 2078 2277 ctus
2093 2220 2241 2275 enim
2272 2228 2357 2274 est
2381 2218 2492 2273 fato
2525 2235 2670 2274 anno
2702 2220 2828 2274 407.

2029 2314 2117 2369 VI.
2170 2312 2381 2378 Tertio,
2425 2312 2481 2366 in
2513 2312 2869 2368 Theodorum
2908 2306 3355 2385 Mopsuestenum
3398 2332 3528 2390 gra-

1954 2408 2098 2463 viter
2156 2408 2458 2472 invehitur,
2503 2407 2671 2461 tacito
2712 2406 2935 2478 quidem
2979 2408 3228 2473 nomine,
3270 2409 3367 2464 sed
3415 2411 3531 2465 suis

1954 2499 2087 2555 satis
2130 2499 2545 2555 characteribus
2595 2498 2833 2555 indicata
2879 2516 3132 2571 persona.
3186 2500 3327 2567 Quid
3376 2502 3525 2558 enim

1954 2592 2176 2662 gravius
2204 2591 2313 2647 dici
2346 2601 2513 2662 queat
2532 2592 2588 2645 in
2611 2591 2793 2646 virum
2822 2608 2884 2647 ea
2913 2599 3237 2662 tempestate
3279 2593 3529 2649 celeber-

1954 2685 2177 2749 rimum,
2200 2700 2364 2754 quam
2411 2682 2594 2754 «quod
2625 2693 2813 2739 narret
2864 2683 3099 2748 fabulas,
3130 2699 3198 2738 ne
3245 2683 3531 2739 deliranti-

1951 2777 2057 2833 bus
2086 2777 2309 2847 quidem
2336 2776 2571 2831 aniculis
2616 2775 2844 2847 dignas;
2881 2774 3048 2831 falsas
3094 2783 3150 2831 et
3194 2776 3530 2847 perniciosas

1951 2870 2245 2941 opiniones
2301 2869 2556 2936 inducat;
2605 2869 2895 2924 maledicta
2940 2876 2998 2923 et
3050 2867 3415 2922 contumelias
3467 2868 3526 2922 in

1953 2964 2219 3034 Spiritum
2245 2973 2497 3018 sanctum
2540 2962 2832 3034 conjiciat;
2886 2960 3143 3015 Patribus
3185 2959 3346 3030 longe
3390 2959 3527 3014 infe-

275 3046 408 3116 quit.
443 3045 735 3102 Canticum
776 3045 1118 3101 canticorum
1151 3045 1316 3101 vellet
1359 3062 1664 3117 exponere.
1695 3047 1849 3103 Salo-
1877 3076 1923 3136 α
1954 3058 2071 3112 rior
2111 3056 2183 3112 sit
2214 3054 2486 3126 sapientia
2519 3062 2578 3110 et
2622 3054 2822 3124 Spiritu
2847 3052 2917 3117 “,
2938 3072 2956 3104 ι
3006 3061 3113 3107 etc.
3170 3051 3529 3107 Theodorum

276 3155 485 3194 monem
532 3155 634 3209 per
658 3138 810 3194 hunc
835 3138 1039 3193 librum
1078 3136 1427 3210 EthiOpissze
1457 3141 1656 3211 regina:
1688 3141 1848 3196 blan-

276 3231 442 3285 ditum
488 3245 617 3286 esse
651 3229 933 3301 professus
959 3239 1044 3285 est
1090 3229 1280 3301 :quod
1331 3231 1715 3287 Theodoretus
1762 3248 1850 3287 re-

275 3322 643 3392 prehendens,
675 3336 879 3377 nomen
924 3321 1147 3392 quidem
1196 3320 1471 3378 Theodori
1518 3324 1845 3393 suppressit,

275 3414 364 3469 sed
408 3424 595 3469 tamen
637 3414 920 3469 vesaniam
975 3413 1266 3484 patefecit;
1318 3413 1565 3485 ejusdem
1612 3430 1849 3485 namque

274 3507 392 3562 libri
426 3514 743 3562 commenta
764 3506 1103 3571 describens,
1131 3506 1247 3560 ait:
1286 3506 1460 3562 Audio
1493 3505 1670 3578 plures
1703 3504 1849 3562 Can-

276 3600 427 3652 ticum
455 3598 788 3652 canticorum
826 3598 1192 3661 detrahentes,
1231 3604 1281 3650 et
1311 3613 1415 3652 non
1446 3598 1712 3651 credentes
1744 3599 1850 3668 spi-

276 3688 514 3744 ritualem
551 3705 662 3744 esse
706 3688 921 3755 librum,
958 3686 1169 3759 fabulas
1206 3697 1387 3742 autem
1424 3689 1686 3758 quasdam
1726 3690 1846 3742 ani-

275 3781 471 3837 culares
516 3796 613 3852 per
660 3781 935 3835 vesaniam
979 3788 1211 3834 terentes
1248 3795 1577 3851 componere,
1618 3789 1668 3833 et
1711 3795 1849 3851 prte-

273 3889 467 3928 sumere
505 3873 773 3937 dicentes,
809 3871 947 3943 quod
981 3873 1190 3942 sapiens
1224 3868 1478 3927 Salomon
1512 3872 1581 3925 ad
1616 3872 1848 3942 seipsum

275 3977 318 4021 et
346 3966 519 4036 filiam
551 3965 851 4020 Pharaonis
885 3964 1022 4019 hunc
1055 3963 1245 4018 librum
1273 3964 1682 4034 conscripsisset.
1716 3961 1848 4029 Qua:

273 4058 431 4114 verba
467 4065 688 4113 exstant
718 4056 762 4089 ἰ’
807 4056 865 4110 in
907 4054 1225 4126 praefatione
1255 4054 1444 4125 operis
1482 4069 1513 4108 a
1552 4052 1846 4108 Sirmondo

273 4149 416 4205 editi.
446 4149 735 4217 Quintum,
772 4147 1018 4217 prolixus
1044 4146 1265 4218 quidam
1314 4146 1617 4201 Ezechielis
1668 4146 1841 4211 locus,

273 4241 550 4296 continens
574 4239 744 4295 verba
761 4239 859 4292 Dei
883 4238 951 4292 ad
970 4237 1418 4308 Hierosolymam,
1459 4237 1548 4293 cui
1584 4237 1727 4292 velut
1761 4237 1846 4290 in-

275 4347 416 4387 sana:
445 4331 748 4395 meretrici,
774 4329 1083 4399 allegoricis
1108 4329 1363 4395 vocibus,
1395 4328 1679 4383 infandum
1726 4329 1845 4383 ido-

1954 3158 2135 3203 tamen
2164 3144 2571 3208 Theodoretus,
2596 3152 2653 3198 et
2672 3142 2846 3198 coluit
2884 3141 3080 3213 junior
3110 3148 3172 3194 ut
3211 3148 3427 3211 patrem
3457 3154 3524 3193 ac

1950 3238 2294 3311 magistrum,
2332 3246 2387 3292 et
2424 3246 2643 3291 matura
2695 3236 2804 3305 jam
2845 3240 3027 3297 aetate,
3073 3232 3297 3302 scriptis
3341 3232 3522 3296 libris,

1950 3339 2140 3387 contra
2174 3328 2458 3401 Cyrillum,
2490 3328 2644 3383 velut
2662 3326 2909 3382 divinum
2934 3325 3157 3397 pietatis
3208 3340 3525 3396 propugna-

1951 3435 2124 3476 torem
2148 3420 2429 3486 defendit;
2471 3428 2527 3474 et
2573 3417 2738 3489 paulo
2772 3428 2898 3472 ante
2934 3417 3167 3481 obitum,
3221 3423 3354 3470 tunc
3400 3432 3527 3470 cum

1949 3512 2239 3567 Historiam
2255 3509 2664 3565 ecclesiasticam
2693 3508 2980 3574 scriberet,
3009 3507 3293 3563 immensis
3344 3506 3526 3562 laudi-

1950 3604 2053 3659 bus
2082 3603 2322 3667 ornavit,
2353 3602 2557 3673 «quasi
2608 3601 2775 3679 fuerit
2822 3602 2992 3656 totius
3042 3600 3300 3655 Ecclesiae
3350 3599 3524 3670 magi-

1949 3704 2082 3759 ster,
2100 3695 2590 3764 haereticarumque
2603 3694 2849 3748 omnium
2870 3692 3180 3748 cohortium
3199 3690 3523 3755 debellator,

1948 3803 2012 3844 ac
2059 3787 2321 3858 optimam
2355 3786 2561 3841 divinis
2602 3784 2802 3840 ovibus
2856 3783 3087 3839 herbam
3143 3780 3526 3853 suppeditave-

1948 3880 2021 3934 rit
2040 3878 2107 3931 ⁸⁷.
2127 3898 2145 3928 ι

2017 3969 2129 4025 VII.
2153 3968 2380 4036 Quarto,
2416 3967 2582 4022 tradit
2618 3967 2665 4001 ⁸⁸
2725 3982 2882 4023 sacra
2930 3966 3213 4021 volumina
3263 3963 3463 4035 partim
3492 3977 3523 4018 a

1947 4062 2215 4125 Manasse,
2250 4059 2344 4131 qui
2365 4074 2559 4114 omnes
2592 4059 2707 4114 sive
2734 4058 2972 4128 priores,
3015 4056 3131 4112 sive
3162 4053 3519 4127 posteriores,

1948 4169 2107 4226 reges
2134 4154 2344 4208 scelere
2372 4163 2429 4207 et
2473 4152 2758 4223 impietate
2813 4151 2970 4215 vicit,
3028 4150 3313 4205 combusta
3363 4164 3519 4213 esse;

1944 4246 2144 4317 partim
2168 4245 2504 4316 captivitatis
2540 4252 2814 4313 tempore.
2864 4244 3069 4313 templo
3126 4259 3157 4297 a
3206 4240 3523 4314 Babyloniis

1946 4339 2195 4402 incenso,
2231 4337 2454 4406 penitus
2497 4335 2795 4391 interiisse.
2841 4335 2972 4390 Tale
2996 4334 3134 4389 nihil
3173 4334 3242 4389 de
3274 4334 3519 4388 Manasse

277 4423 489 4479 lolatrim
533 4424 745 4479 crimen
786 4422 1083 4491 exprobrat
1117 4420 1349 4475 :eodem
1386 4420 1475 4475 hic
1511 4429 1566 4474 et
1599 4419 1654 4473 in
1681 4436 1833 4474 com—
1867 4432 1911 4486 ι)
1940 4428 2341 4489 Theodoretus,
2376 4442 2555 4496 neque
2617 4426 2761 4481 libro
2809 4435 3007 4496 quarto
3056 4427 3291 4497 Regum,
3340 4439 3519 4493 neque

276 4514 550 4568 mentariis
579 4512 648 4568 ad
678 4511 1005 4583 pr0phetam
1049 4526 1213 4565 sensu
1246 4525 1311 4563 ac
1350 4524 1486 4578 pene
1515 4508 1700 4563 verbis
1745 4525 1839 4563 ex-

279 4604 515 4671 plicatur.
552 4608 569 4625 ‘
616 4603 875 4668 Sextum,
919 4601 1278 4683 consonantia
1314 4615 1535 4664 eorum,
1579 4616 1700 4683 quae
1748 4600 1839 4655 hic

277 4695 588 4762 afferuntur,
615 4712 742 4752 eum
772 4674 1003 4750 aliorum
1030 4708 1258 4763 cperum
1281 4703 1336 4746 et
1360 4674 1662 4762 prmsertim
1684 4691 1838 4747 Com-

279 4790 660 4845 mentariorum
715 4788 771 4842 in
839 4787 1085 4842 Psalmos
1137 4784 1275 4839 locis
1320 4799 1459 4853 pene
1506 4784 1832 4840 innumeris.

279 4880 633 4945 Postremum,
674 4894 983 4936 consensus
1028 4876 1376 4933 eruditorum
1420 4875 1686 4939 virorum,
1717 4876 1833 4933 sive

278 4973 359 5042 qui
379 4972 728 5029 Sirmondum
762 4977 1200 5033 antecesserunt,
1220 4970 1335 5023 sive
1363 4968 1455 5037 qui
1482 4968 1655 5023 secuti
1681 4978 1829 5024 sunt.

336 5066 415 5121 IV.
444 5067 576 5136 Quae
600 5066 655 5121 in
685 5065 1029 5121 contrarium
1058 5069 1323 5134 pugnant,
1364 5076 1541 5129 neque
1574 5064 1832 5131 pauciora

1945 4519 2190 4574 secundo
2214 4518 2671 4588 Paralipomenon
2703 4518 2920 4582 scribit,
2961 4533 3087 4572 cum
3132 4525 3315 4570 tamen
3348 4514 3522 4584 ipsius

1943 4610 2129 4665 omnia
2157 4611 2363 4665 scelera
2387 4610 2663 4666 curiosius
2689 4618 2999 4665 recenseat.

2020 4700 2158 4755 VIII.
2182 4699 2409 4767 Quinto,
2440 4700 2772 4770 prolixiores
2796 4698 2875 4751 illi
2893 4695 3270 4752 commentarii
3296 4710 3405 4749 non
3430 4709 3521 4748 sa-

1944 4792 2105 4862 piunt
2147 4791 2667 4861 breviloquentiam,
2705 4804 2870 4859 quam
2910 4788 2969 4842 in
3021 4786 3146 4841 aliis
3171 4786 3402 4840 aliorum
3445 4784 3515 4839 li-

1942 4885 2169 4939 brorum
2196 4883 2649 4954 Expositionibus
2669 4880 3053 4936 Theodoretus
3079 4879 3354 4934 observat.

2014 4974 2103 5029 IX.
2134 4973 2400 5043 Denique,
2427 4973 2471 5027 si
2495 4990 2636 5044 opus
2674 4989 2705 5028 a
2728 4973 2865 5026 Zino
2914 4987 3137 5027 versum
3179 4968 3513 5026 Theodoreti

1942 5067 2035 5132 sit,
2092 5065 2296 5119 mirum
2349 5064 2598 5133 profecto
2659 5080 2759 5120 cur
2829 5062 3247 5129 Theodoretus,
3309 5059 3514 5117 erroris

1596 5223 1909 5280 SCHULZII
1942 5226 2177 5282 NOTE.

334 5367 373 5400 ⁸³
394 5366 500 5422 Viri
526 5368 698 5424 desid.
735 5366 979 5422 Danielis
1000 5365 1277 5419 nimirum.

1381 5366 1424 5398 ³³
1458 5365 1579 5419 Vid.
1605 5382 1791 5435 supra,
1822 5383 1878 5436 p.
1914 5368 2030 5422 149.

2134 5369 2177 5399 ⁵⁸
2212 5364 2332 5420 Sea.
2363 5365 2664 5435 Septimum
2696 5365 2918 5419 additur
2949 5362 3301 5435 exeunte
3341 5361 3409 5435 ξ’-
3451 5362 3510 5416 In

278 5434 406 5493 Pref.
441 5439 494 5493 in
528 5439 803 5495 Psalmos.
878 5435 925 5467 "
951 5436 1178 5490 Exstant
1211 5436 1278 5488 ab
1314 5435 1470 5490 initio
1515 5444 1555 5488 t.
1593 5436 1635 5489 11
1672 5431 1838 5490 ’θόὶῑξ
1878 5446 2101 5493 nostrzc.
2154 5434 2288 5492 Vide
2336 5431 2500 5490 etiam
2533 5437 2744 5491 Fabric.
2776 5436 2811 5489 1.
2842 5451 2894 5490 c.
2924 5450 2979 5503 p.
3009 5434 3129 5487 161.
3206 5432 3253 5465 ⁸³
3276 5431 3355 5485 Ad
3397 5432 3513 5503 haec

274 5519 562 5590 argumenta
615 5506 1012 5589 respondimus
1050 5506 1116 5590 _in
1161 5504 1294 5590 diss.
1327 5505 1393 5590 de
1422 5505 1633 5590 Vitanet
1669 5507 1891 5590 scriptis
1919 5506 2271 5587 Theodoreti,
2300 5522 2422 5574 qua:
2444 5508 2733 5590 _pr3emissa
2765 5514 2849 5590 est
2904 5499 3051 5590 torno
3083 5499 3511 5590 I‘.‘Argumentis

248 5572 828 5639 ‘ibi'eommemoratis,
852 5591 974 5645 quae
1000 5576 1067 5629 ad
1105 5574 1436 5643 probandam
1479 5575 1762 5627 αὐθεντίαν
1783 5572 2204 5639 commentarii,
2236 5572 2400 5644 quem
2444 5572 2727 5645 habemus,
2760 5575 3002 5645 valeant,
3037 5572 3289 5645 addepda
3320 5578 3401 5645 est
3429 5572 3508 5623 si-

265 5651 492 5708 militudo
545 5663 780 5711 eorum,
810 5639 934 5716 qua:
979 5645 1046 5699 ad
1095 5639 1364 5716 Psalmum
1392 5661 1522 5716 _I._x.\l
1544 5646 1729 5716 etde
1753 5646 1995 5716 ejusdem
2030 5645 2227 5716 Psalmi
2255 5639 2903 5716 'argumentoadCant.
2953 5659 3028 5716 tu,
3074 5644 3140 5716 7,_
3173 5641 3225 5716 ξ,
3256 5639 3503 5709 legimus.

261 5722 297 5751 “
322 5721 444 5779 Vide
480 5721 701 5795 przefat.
739 5708 1001 5772 ad'Cant.
1032 5724 1177 5770 cant.
1254 5712 1298 5744 ⁵⁵
1328 5713 1462 5767 Ibid.
1541 5713 1585 5744 ’σε
1620 5713 1757 5769 Ibid.
1784 5708 1797 5716 ⁷
1834 5717 1872 5747 ’⁷
1903 5715 2037 5769 Hist.
2072 5715 2220 5780 eccl.,
2254 5716 2289 5769 Ι.
2322 5708 2372 5778 ἦν’,
2400 5731 2447 5769 c.
2476 5714 2565 5769 59.
2604 5714 2647 5746 ⁸⁸
2672 5712 2792 5766 Vid.
2824 5711 3042 5767 Prmfat.
3077 5711 3140 5764 ad
3172 5708 3327 5763 Cant.
3357 5717 3503 5764 cant.
