  <div class='ocr_page' id='page_1' title='image "/cluster/home/n/w/nwhite01/storage/ocr_20150623/84 pt.5/mdp.39015010572884/117.png"; bbox 0 0 3926 6216; ppageno 0'>
   <div class='ocr_carea' id='block_1_1' title="bbox 359 279 464 343">
    <p class='ocr_par' dir='ltr' id='par_1_1' title="bbox 359 279 464 343">
     <span class='ocr_line' id='line_1_1' title="bbox 359 279 464 343; baseline 0.029 -3"><span class='ocrx_word' id='word_1_1' title='bbox 359 279 464 343; x_wconf 75' lang='grc'><strong>219</strong></span> 
     </span>
    </p>
   </div>
   <div class='ocr_carea' id='block_1_2' title="bbox 1456 278 2482 348">
    <p class='ocr_par' dir='ltr' id='par_1_2' title="bbox 1456 278 2482 348">
     <span class='ocr_line' id='line_1_2' title="bbox 1456 278 2482 348; baseline 0.005 -6"><span class='ocrx_word' id='word_1_2' title='bbox 1456 281 1837 342; x_wconf 82' lang='lat' dir='ltr'><strong>GARNERII</strong></span> <span class='ocrx_word' id='word_1_3' title='bbox 1874 278 2370 346; x_wconf 67' lang='lat' dir='ltr'><strong>DISSER&#39;Z‘ATIO</strong></span> <span class='ocrx_word' id='word_1_4' title='bbox 2410 285 2482 348; x_wconf 89' lang='grc' dir='ltr'><strong>ΙΙ.</strong></span> 
     </span>
    </p>
   </div>
   <div class='ocr_carea' id='block_1_3' title="bbox 3516 271 3629 337">
    <p class='ocr_par' dir='ltr' id='par_1_3' title="bbox 3516 271 3629 337">
     <span class='ocr_line' id='line_1_3' title="bbox 3516 271 3629 337; baseline 0 0"><span class='ocrx_word' id='word_1_5' title='bbox 3516 271 3629 337; x_wconf 79' lang='lat'><strong>220</strong></span> 
     </span>
    </p>
   </div>
   <div class='ocr_carea' id='block_1_4' title="bbox 360 389 3623 465">
    <p class='ocr_par' dir='ltr' id='par_1_4' title="bbox 360 389 3623 465">
     <span class='ocr_line' id='line_1_4' title="bbox 360 389 3623 465; baseline 0 -19"><span class='ocrx_word' id='word_1_6' title='bbox 360 389 585 446; x_wconf 84' lang='lat' dir='ltr'><strong>nomine</strong></span> <span class='ocrx_word' id='word_1_7' title='bbox 607 399 917 461; x_wconf 85' lang='lat' dir='ltr'><strong>suspectus,</strong></span> <span class='ocrx_word' id='word_1_8' title='bbox 946 391 1013 446; x_wconf 88' lang='lat' dir='ltr'><strong>ad</strong></span> <span class='ocrx_word' id='word_1_9' title='bbox 1043 391 1179 447; x_wconf 86' lang='lat' dir='ltr'><strong>illud</strong></span> <span class='ocrx_word' id='word_1_10' title='bbox 1206 408 1316 448; x_wconf 90' lang='lat' dir='ltr'><strong>non</strong></span> <span class='ocrx_word' id='word_1_11' title='bbox 1356 392 1589 464; x_wconf 82' lang='lat' dir='ltr'><strong>perinde</strong></span> <span class='ocrx_word' id='word_1_12' title='bbox 1650 401 1815 464; x_wconf 90' lang='lat' dir='ltr'><strong>atque</strong></span> <span class='ocrx_word' id='word_1_13' title='bbox 1862 392 1931 447; x_wconf 87' lang='lat' dir='ltr'><strong>ad</strong></span> <span class='ocrx_word' id='word_1_14' title='bbox 1961 400 2008 455; x_wconf 75' lang='grc' dir='ltr'>Α</span> <span class='ocrx_word' id='word_1_15' title='bbox 2037 397 2230 452; x_wconf 70' lang='lat' dir='ltr'><strong>liorem</strong></span> <span class='ocrx_word' id='word_1_16' title='bbox 2262 399 2598 453; x_wconf 83' lang='lat' dir='ltr'><strong>solutionem</strong></span> <span class='ocrx_word' id='word_1_17' title='bbox 2630 394 2968 450; x_wconf 84' lang='lat' dir='ltr'><strong>videbuntur</strong></span> <span class='ocrx_word' id='word_1_18' title='bbox 2991 392 3106 465; x_wconf 88' lang='lat' dir='ltr'><strong>pati</strong></span> <span class='ocrx_word' id='word_1_19' title='bbox 3131 410 3144 447; x_wconf 90' lang='lat'><strong>:</strong></span> <span class='ocrx_word' id='word_1_20' title='bbox 3176 406 3301 448; x_wconf 81' lang='lat' dir='ltr'><strong>nam</strong></span> <span class='ocrx_word' id='word_1_21' title='bbox 3326 403 3389 447; x_wconf 91' lang='lat' dir='ltr'><strong>ut</strong></span> <span class='ocrx_word' id='word_1_22' title='bbox 3420 392 3623 447; x_wconf 81' lang='lat' dir='ltr'><strong>ordine</strong></span> 
     </span>
    </p>
   </div>
   <div class='ocr_carea' id='block_1_5' title="bbox 361 482 1937 555">
    <p class='ocr_par' dir='ltr' id='par_1_5' title="bbox 361 482 1937 555">
     <span class='ocr_line' id='line_1_5' title="bbox 361 482 1937 555; baseline 0.001 -17"><span class='ocrx_word' id='word_1_23' title='bbox 361 484 504 539; x_wconf 85' lang='lat' dir='ltr'><strong>alios</strong></span> <span class='ocrx_word' id='word_1_24' title='bbox 523 482 700 537; x_wconf 87' lang='lat' dir='ltr'><strong>libros</strong></span> <span class='ocrx_word' id='word_1_25' title='bbox 752 484 1155 552; x_wconf 79' lang='lat' dir='ltr'><strong>provocaverit,</strong></span> <span class='ocrx_word' id='word_1_26' title='bbox 1196 500 1308 555; x_wconf 93' lang='lat' dir='ltr'><strong>quo</strong></span> <span class='ocrx_word' id='word_1_27' title='bbox 1350 485 1515 540; x_wconf 87' lang='lat' dir='ltr'><strong>fidem</strong></span> <span class='ocrx_word' id='word_1_28' title='bbox 1563 500 1720 541; x_wconf 85' lang='lat' dir='ltr'><strong>suam</strong></span> <span class='ocrx_word' id='word_1_29' title='bbox 1749 484 1818 541; x_wconf 89' lang='lat' dir='ltr'><strong>de</strong></span> <span class='ocrx_word' id='word_1_30' title='bbox 1847 485 1937 539; x_wconf 84' lang='lat' dir='ltr'><strong>in-</strong></span> 
     </span>
    </p>
   </div>
   <div class='ocr_carea' id='block_1_6' title="bbox 360 574 1937 650">
    <p class='ocr_par' dir='ltr' id='par_1_6' title="bbox 360 574 1937 650">
     <span class='ocr_line' id='line_1_6' title="bbox 360 574 1937 650; baseline 0.004 -22"><span class='ocrx_word' id='word_1_31' title='bbox 360 574 679 635; x_wconf 76' lang='lat' dir='ltr'><strong>carnatione</strong></span> <span class='ocrx_word' id='word_1_32' title='bbox 708 583 917 630; x_wconf 87' lang='lat' dir='ltr'><strong>rectam</strong></span> <span class='ocrx_word' id='word_1_33' title='bbox 955 590 1081 632; x_wconf 86' lang='lat' dir='ltr'><strong>esse</strong></span> <span class='ocrx_word' id='word_1_34' title='bbox 1138 578 1420 647; x_wconf 78' lang='lat' dir='ltr'><strong>probaret.</strong></span> <span class='ocrx_word' id='word_1_35' title='bbox 1472 579 1759 650; x_wconf 84' lang='lat' dir='ltr'><strong>Nusquam</strong></span> <span class='ocrx_word' id='word_1_36' title='bbox 1788 579 1937 634; x_wconf 72' lang='lat' dir='ltr'><strong>enim</strong></span> 
     </span>
    </p>
   </div>
   <div class='ocr_carea' id='block_1_7' title="bbox 360 662 1939 728">
    <p class='ocr_par' dir='ltr' id='par_1_7' title="bbox 360 662 1939 728">
     <span class='ocr_line' id='line_1_7' title="bbox 360 662 1939 728; baseline 0.004 -9"><span class='ocrx_word' id='word_1_37' title='bbox 360 671 458 719; x_wconf 79' lang='lat' dir='ltr'><strong>aut</strong></span> <span class='ocrx_word' id='word_1_38' title='bbox 479 662 706 728; x_wconf 88' lang='lat' dir='ltr'><strong>clarius,</strong></span> <span class='ocrx_word' id='word_1_39' title='bbox 744 674 841 720; x_wconf 88' lang='lat' dir='ltr'><strong>aut</strong></span> <span class='ocrx_word' id='word_1_40' title='bbox 893 664 1154 724; x_wconf 71' lang='lat' dir='ltr'><strong>Ecclesiae</strong></span> <span class='ocrx_word' id='word_1_41' title='bbox 1205 666 1492 723; x_wconf 73' lang='lat' dir='ltr'><strong>catholicae</strong></span> <span class='ocrx_word' id='word_1_42' title='bbox 1542 682 1939 726; x_wconf 65' lang='lat' dir='ltr'><strong>consonanuus</strong></span> 
     </span>
    </p>
   </div>
   <div class='ocr_carea' id='block_1_8' title="bbox 360 753 1280 826">
    <p class='ocr_par' dir='ltr' id='par_1_8' title="bbox 360 753 1280 826">
     <span class='ocr_line' id='line_1_8' title="bbox 360 753 1280 826; baseline 0.003 -18"><span class='ocrx_word' id='word_1_43' title='bbox 360 753 663 825; x_wconf 83' lang='lat' dir='ltr'><strong>quidquam</strong></span> <span class='ocrx_word' id='word_1_44' title='bbox 690 754 761 810; x_wconf 89' lang='lat' dir='ltr'><strong>de</strong></span> <span class='ocrx_word' id='word_1_45' title='bbox 784 754 1008 811; x_wconf 89' lang='lat' dir='ltr'><strong>Christo</strong></span> <span class='ocrx_word' id='word_1_46' title='bbox 1028 756 1280 826; x_wconf 83' lang='lat' dir='ltr'><strong>protulit.</strong></span> 
     </span>
    </p>
   </div>
   <div class='ocr_carea' id='block_1_9' title="bbox 429 866 1937 939">
    <p class='ocr_par' dir='ltr' id='par_1_9' title="bbox 429 866 1937 939">
     <span class='ocr_line' id='line_1_9' title="bbox 429 866 1937 939; baseline 0.005 -16"><span class='ocrx_word' id='word_1_47' title='bbox 429 866 495 923; x_wconf 75' lang='grc' dir='ltr'><strong>Χ.</strong></span> <span class='ocrx_word' id='word_1_48' title='bbox 523 867 677 923; x_wconf 80' lang='lat' dir='ltr'><strong>Adde</strong></span> <span class='ocrx_word' id='word_1_49' title='bbox 700 868 847 939; x_wconf 90' lang='lat' dir='ltr'><strong>quod</strong></span> <span class='ocrx_word' id='word_1_50' title='bbox 870 870 927 924; x_wconf 90' lang='lat' dir='ltr'><strong>in</strong></span> <span class='ocrx_word' id='word_1_51' title='bbox 948 868 1171 926; x_wconf 78' lang='lat' dir='ltr'><strong>Catenis</strong></span> <span class='ocrx_word' id='word_1_52' title='bbox 1193 871 1260 926; x_wconf 93' lang='lat' dir='ltr'><strong>ad</strong></span> <span class='ocrx_word' id='word_1_53' title='bbox 1283 871 1572 928; x_wconf 85' lang='lat' dir='ltr'><strong>Canticum</strong></span> <span class='ocrx_word' id='word_1_54' title='bbox 1594 875 1937 931; x_wconf 87' lang='lat' dir='ltr'><strong>canticorum</strong></span> 
     </span>
    </p>
   </div>
   <div class='ocr_carea' id='block_1_10' title="bbox 359 955 1940 1038">
    <p class='ocr_par' dir='ltr' id='par_1_10' title="bbox 359 955 1940 1038">
     <span class='ocr_line' id='line_1_10' title="bbox 359 955 1940 1038; baseline 0.006 -23"><span class='ocrx_word' id='word_1_55' title='bbox 359 976 391 1015; x_wconf 91' lang='lat' dir='ltr'><strong>a</strong></span> <span class='ocrx_word' id='word_1_56' title='bbox 409 962 629 1018; x_wconf 84' lang='lat' dir='ltr'><strong>nemine</strong></span> <span class='ocrx_word' id='word_1_57' title='bbox 645 955 954 1029; x_wconf 82' lang='lat' dir='ltr'><strong>adducitur,</strong></span> <span class='ocrx_word' id='word_1_58' title='bbox 969 977 1093 1017; x_wconf 92' lang='lat' dir='ltr'><strong>cum</strong></span> <span class='ocrx_word' id='word_1_59' title='bbox 1113 972 1292 1019; x_wconf 89' lang='lat' dir='ltr'><strong>tamen</strong></span> <span class='ocrx_word' id='word_1_60' title='bbox 1307 967 1500 1033; x_wconf 83' lang='lat' dir='ltr'><strong>soleat,</strong></span> <span class='ocrx_word' id='word_1_61' title='bbox 1517 975 1573 1022; x_wconf 90' lang='lat' dir='ltr'><strong>et</strong></span> <span class='ocrx_word' id='word_1_62' title='bbox 1589 969 1810 1038; x_wconf 89' lang='lat' dir='ltr'><strong>quidem</strong></span> <span class='ocrx_word' id='word_1_63' title='bbox 1829 969 1940 1025; x_wconf 81' lang='lat' dir='ltr'><strong>fre-</strong></span> 
     </span>
    </p>
   </div>
   <div class='ocr_carea' id='block_1_11' title="bbox 361 1055 1940 1130">
    <p class='ocr_par' dir='ltr' id='par_1_11' title="bbox 361 1055 1940 1130">
     <span class='ocr_line' id='line_1_11' title="bbox 361 1055 1940 1130; baseline 0.006 -21"><span class='ocrx_word' id='word_1_64' title='bbox 361 1064 597 1125; x_wconf 91' lang='lat' dir='ltr'><strong>quenter</strong></span> <span class='ocrx_word' id='word_1_65' title='bbox 612 1056 680 1111; x_wconf 89' lang='lat' dir='ltr'><strong>ad</strong></span> <span class='ocrx_word' id='word_1_66' title='bbox 700 1056 837 1111; x_wconf 91' lang='lat' dir='ltr'><strong>alios</strong></span> <span class='ocrx_word' id='word_1_67' title='bbox 849 1055 1070 1128; x_wconf 90' lang='lat' dir='ltr'><strong>Scriptu</strong></span> <span class='ocrx_word' id='word_1_68' title='bbox 1078 1073 1151 1113; x_wconf 66' lang='lat' dir='ltr'><strong>rae</strong></span> <span class='ocrx_word' id='word_1_69' title='bbox 1163 1057 1354 1125; x_wconf 91' lang='lat' dir='ltr'><strong>libros,</strong></span> <span class='ocrx_word' id='word_1_70' title='bbox 1372 1076 1515 1130; x_wconf 92' lang='lat' dir='ltr'><strong>quos</strong></span> <span class='ocrx_word' id='word_1_71' title='bbox 1526 1063 1940 1119; x_wconf 90' lang='lat' dir='ltr'><strong>commentariis</strong></span> 
     </span>
    </p>
   </div>
   <div class='ocr_carea' id='block_1_12' title="bbox 358 1146 1944 1221">
    <p class='ocr_par' dir='ltr' id='par_1_12' title="bbox 358 1146 1944 1221">
     <span class='ocr_line' id='line_1_12' title="bbox 358 1146 1944 1221; baseline 0.006 -19"><span class='ocrx_word' id='word_1_72' title='bbox 358 1146 643 1217; x_wconf 74' lang='lat' dir='ltr'><strong>exposuit;</strong></span> <span class='ocrx_word' id='word_1_73' title='bbox 686 1147 797 1202; x_wconf 92' lang='lat' dir='ltr'><strong>imo</strong></span> <span class='ocrx_word' id='word_1_74' title='bbox 826 1147 919 1202; x_wconf 92' lang='lat' dir='ltr'><strong>ubi</strong></span> <span class='ocrx_word' id='word_1_75' title='bbox 953 1150 1146 1216; x_wconf 90' lang='lat' dir='ltr'><strong>semel,</strong></span> <span class='ocrx_word' id='word_1_76' title='bbox 1204 1150 1351 1221; x_wconf 89' lang='lat' dir='ltr'><strong>quod</strong></span> <span class='ocrx_word' id='word_1_77' title='bbox 1394 1151 1621 1221; x_wconf 86' lang='lat' dir='ltr'><strong>quidem</strong></span> <span class='ocrx_word' id='word_1_78' title='bbox 1672 1154 1944 1212; x_wconf 86' lang='lat' dir='ltr'><strong>memine-</strong></span> 
     </span>
    </p>
   </div>
   <div class='ocr_carea' id='block_1_13' title="bbox 362 1236 1940 1314">
    <p class='ocr_par' dir='ltr' id='par_1_13' title="bbox 362 1236 1940 1314">
     <span class='ocr_line' id='line_1_13' title="bbox 362 1236 1940 1314; baseline 0.005 -24"><span class='ocrx_word' id='word_1_79' title='bbox 362 1237 487 1303; x_wconf 90' lang='lat' dir='ltr'><strong>rim,</strong></span> <span class='ocrx_word' id='word_1_80' title='bbox 515 1252 544 1291; x_wconf 92' lang='lat' dir='ltr'><strong>a</strong></span> <span class='ocrx_word' id='word_1_81' title='bbox 570 1236 860 1309; x_wconf 88' lang='lat' dir='ltr'><strong>Neophyto</strong></span> <span class='ocrx_word' id='word_1_82' title='bbox 891 1239 1166 1294; x_wconf 87' lang='lat' dir='ltr'><strong>monacho</strong></span> <span class='ocrx_word' id='word_1_83' title='bbox 1217 1240 1477 1295; x_wconf 83' lang='lat' dir='ltr'><strong>laudatur</strong></span> <span class='ocrx_word' id='word_1_84' title='bbox 1499 1281 1513 1307; x_wconf 92' lang='lat'><strong>,</strong></span> <span class='ocrx_word' id='word_1_85' title='bbox 1567 1242 1940 1314; x_wconf 76' lang='lat' dir='ltr'><strong>fragmentum</strong></span> 
     </span>
    </p>
   </div>
   <div class='ocr_carea' id='block_1_14' title="bbox 357 1328 1936 1402">
    <p class='ocr_par' dir='ltr' id='par_1_14' title="bbox 357 1328 1936 1402">
     <span class='ocr_line' id='line_1_14' title="bbox 357 1328 1936 1402; baseline 0.001 -18"><span class='ocrx_word' id='word_1_86' title='bbox 357 1328 428 1384; x_wconf 86' lang='lat' dir='ltr'><strong>ad</strong></span> <span class='ocrx_word' id='word_1_87' title='bbox 444 1329 609 1385; x_wconf 84' lang='lat' dir='ltr'><strong>verba</strong></span> <span class='ocrx_word' id='word_1_88' title='bbox 638 1346 719 1396; x_wconf 85' lang='grc' dir='ltr'><strong>ιιι,</strong></span> <span class='ocrx_word' id='word_1_89' title='bbox 756 1332 812 1396; x_wconf 89' lang='lat'><strong>9,</strong></span> <span class='ocrx_word' id='word_1_90' title='bbox 846 1331 1066 1402; x_wconf 71' lang='grc' dir='ltr'><strong>Φορεῖον</strong></span> <span class='ocrx_word' id='word_1_91' title='bbox 1096 1329 1350 1400; x_wconf 78' lang='grc' dir='ltr'><strong>ἐποίησεν</strong></span> <span class='ocrx_word' id='word_1_92' title='bbox 1380 1330 1558 1402; x_wconf 78' lang='grc' dir='ltr'><strong>ἑαυτῷ</strong></span> <span class='ocrx_word' id='word_1_93' title='bbox 1594 1334 1623 1384; x_wconf 82' lang='grc' dir='ltr'>ὁ</span> <span class='ocrx_word' id='word_1_94' title='bbox 1659 1330 1936 1402; x_wconf 83' lang='grc' dir='ltr'><strong>βασιλεύς,</strong></span> 
     </span>
    </p>
   </div>
   <div class='ocr_carea' id='block_1_15' title="bbox 357 1410 1939 1492">
    <p class='ocr_par' dir='ltr' id='par_1_15' title="bbox 357 1410 1939 1492">
     <span class='ocr_line' id='line_1_15' title="bbox 357 1410 1939 1492; baseline 0.003 -18"><span class='ocrx_word' id='word_1_95' title='bbox 357 1427 493 1484; x_wconf 90' lang='lat' dir='ltr'><strong>etc.,</strong></span> <span class='ocrx_word' id='word_1_96' title='bbox 530 1420 782 1486; x_wconf 73' lang='lat' dir='ltr'><strong>affertur,</strong></span> <span class='ocrx_word' id='word_1_97' title='bbox 809 1419 957 1491; x_wconf 89' lang='lat' dir='ltr'><strong>quod</strong></span> <span class='ocrx_word' id='word_1_98' title='bbox 1004 1421 1209 1475; x_wconf 79' lang='lat' dir='ltr'><strong>frustra</strong></span> <span class='ocrx_word' id='word_1_99' title='bbox 1251 1420 1308 1476; x_wconf 91' lang='lat' dir='ltr'><strong>in</strong></span> <span class='ocrx_word' id='word_1_100' title='bbox 1333 1435 1503 1492; x_wconf 83' lang='lat' dir='ltr'><strong>Opere</strong></span> <span class='ocrx_word' id='word_1_101' title='bbox 1533 1410 1939 1478; x_wconf 73' lang='lat' dir='ltr'><strong>Sirmondianze</strong></span> 
     </span>
    </p>
   </div>
   <div class='ocr_carea' id='block_1_16' title="bbox 358 1511 883 1581">
    <p class='ocr_par' dir='ltr' id='par_1_16' title="bbox 358 1511 883 1581">
     <span class='ocr_line' id='line_1_16' title="bbox 358 1511 883 1581; baseline -0.006 -14"><span class='ocrx_word' id='word_1_102' title='bbox 358 1511 625 1567; x_wconf 88' lang='lat' dir='ltr'><strong>editionis</strong></span> <span class='ocrx_word' id='word_1_103' title='bbox 649 1526 883 1581; x_wconf 62' lang='lat' dir='ltr'><strong>quaeras.</strong></span> 
     </span>
    </p>
   </div>
   <div class='ocr_carea' id='block_1_17' title="bbox 432 1603 1938 1674">
    <p class='ocr_par' dir='ltr' id='par_1_17' title="bbox 432 1603 1938 1674">
     <span class='ocr_line' id='line_1_17' title="bbox 432 1603 1938 1674; baseline 0.001 -16"><span class='ocrx_word' id='word_1_104' title='bbox 432 1603 493 1658; x_wconf 85' lang='lat' dir='ltr'><strong>in</strong></span> <span class='ocrx_word' id='word_1_105' title='bbox 532 1603 638 1660; x_wconf 89' lang='lat' dir='ltr'><strong>hac</strong></span> <span class='ocrx_word' id='word_1_106' title='bbox 695 1603 1021 1674; x_wconf 64' lang='lat' dir='ltr'><strong>qumstione,</strong></span> <span class='ocrx_word' id='word_1_107' title='bbox 1071 1603 1274 1671; x_wconf 89' lang='lat' dir='ltr'><strong>fateor,</strong></span> <span class='ocrx_word' id='word_1_108' title='bbox 1320 1604 1454 1659; x_wconf 68' lang='lat' dir='ltr'><strong>btesi</strong></span> <span class='ocrx_word' id='word_1_109' title='bbox 1509 1604 1638 1672; x_wconf 93' lang='lat' dir='ltr'><strong>diu,</strong></span> <span class='ocrx_word' id='word_1_110' title='bbox 1691 1608 1938 1661; x_wconf 87' lang='lat' dir='ltr'><strong>incertus</strong></span> 
     </span>
    </p>
   </div>
   <div class='ocr_carea' id='block_1_18' title="bbox 359 1695 1938 1767">
    <p class='ocr_par' dir='ltr' id='par_1_18' title="bbox 359 1695 1938 1767">
     <span class='ocr_line' id='line_1_18' title="bbox 359 1695 1938 1767; baseline 0.001 -18"><span class='ocrx_word' id='word_1_111' title='bbox 359 1709 470 1765; x_wconf 91' lang='lat' dir='ltr'><strong>quo</strong></span> <span class='ocrx_word' id='word_1_112' title='bbox 492 1710 580 1750; x_wconf 89' lang='lat' dir='ltr'><strong>me</strong></span> <span class='ocrx_word' id='word_1_113' title='bbox 608 1704 912 1751; x_wconf 85' lang='lat' dir='ltr'><strong>verterem:</strong></span> <span class='ocrx_word' id='word_1_114' title='bbox 944 1711 1071 1751; x_wconf 91' lang='lat' dir='ltr'><strong>nam</strong></span> <span class='ocrx_word' id='word_1_115' title='bbox 1107 1697 1396 1766; x_wconf 88' lang='lat' dir='ltr'><strong>utriusque</strong></span> <span class='ocrx_word' id='word_1_116' title='bbox 1420 1695 1595 1766; x_wconf 90' lang='lat' dir='ltr'><strong>partis</strong></span> <span class='ocrx_word' id='word_1_117' title='bbox 1617 1704 1938 1767; x_wconf 89' lang='lat' dir='ltr'><strong>argumenta</strong></span> 
     </span>
    </p>
   </div>
   <div class='ocr_carea' id='block_1_19' title="bbox 361 1787 1931 1862">
    <p class='ocr_par' dir='ltr' id='par_1_19' title="bbox 361 1787 1931 1862">
     <span class='ocr_line' id='line_1_19' title="bbox 361 1787 1931 1862; baseline 0 -19"><span class='ocrx_word' id='word_1_118' title='bbox 361 1788 528 1858; x_wconf 74' lang='lat'><strong>269</strong></span> <span class='ocrx_word' id='word_1_119' title='bbox 563 1787 911 1856; x_wconf 81' lang='lat' dir='ltr'><strong>videbantur,</strong></span> <span class='ocrx_word' id='word_1_120' title='bbox 966 1790 1144 1860; x_wconf 89' lang='lat' dir='ltr'><strong>prima</strong></span> <span class='ocrx_word' id='word_1_121' title='bbox 1183 1789 1406 1862; x_wconf 88' lang='lat' dir='ltr'><strong>quidem</strong></span> <span class='ocrx_word' id='word_1_122' title='bbox 1455 1790 1638 1859; x_wconf 89' lang='lat' dir='ltr'><strong>specie</strong></span> <span class='ocrx_word' id='word_1_123' title='bbox 1672 1788 1931 1857; x_wconf 88' lang='lat' dir='ltr'><strong>intuenti,</strong></span> 
     </span>
    </p>
   </div>
   <div class='ocr_carea' id='block_1_20' title="bbox 361 1878 1933 1952">
    <p class='ocr_par' dir='ltr' id='par_1_20' title="bbox 361 1878 1933 1952">
     <span class='ocr_line' id='line_1_20' title="bbox 361 1878 1933 1952; baseline 0.001 -19"><span class='ocrx_word' id='word_1_124' title='bbox 361 1879 595 1944; x_wconf 87' lang='lat' dir='ltr'><strong>invicta;</strong></span> <span class='ocrx_word' id='word_1_125' title='bbox 637 1879 735 1935; x_wconf 90' lang='lat' dir='ltr'><strong>sed</strong></span> <span class='ocrx_word' id='word_1_126' title='bbox 778 1878 1083 1936; x_wconf 87' lang='lat' dir='ltr'><strong>reﬂectenti</strong></span> <span class='ocrx_word' id='word_1_127' title='bbox 1126 1882 1409 1947; x_wconf 91' lang='lat' dir='ltr'><strong>animum,</strong></span> <span class='ocrx_word' id='word_1_128' title='bbox 1445 1880 1800 1952; x_wconf 84' lang='lat' dir='ltr'><strong>aliquatenus</strong></span> <span class='ocrx_word' id='word_1_129' title='bbox 1846 1882 1933 1936; x_wconf 81' lang='lat' dir='ltr'><strong>in-</strong></span> 
     </span>
    </p>
   </div>
   <div class='ocr_carea' id='block_1_21' title="bbox 357 1970 877 2042">
    <p class='ocr_par' dir='ltr' id='par_1_21' title="bbox 357 1970 877 2042">
     <span class='ocr_line' id='line_1_21' title="bbox 357 1970 877 2042; baseline 0.006 -16"><span class='ocrx_word' id='word_1_130' title='bbox 357 1970 567 2026; x_wconf 85' lang='lat' dir='ltr'><strong>flrmari</strong></span> <span class='ocrx_word' id='word_1_131' title='bbox 615 1987 778 2042; x_wconf 85' lang='lat' dir='ltr'><strong>posse</strong></span> <span class='ocrx_word' id='word_1_132' title='bbox 810 1972 877 2028; x_wconf 62' lang='grc' dir='ltr'><strong>δ’.</strong></span> 
     </span>
    </p>
   </div>
   <div class='ocr_carea' id='block_1_22' title="bbox 427 2062 1936 2138">
    <p class='ocr_par' dir='ltr' id='par_1_22' title="bbox 427 2062 1936 2138">
     <span class='ocr_line' id='line_1_22' title="bbox 427 2062 1936 2138; baseline 0.003 -20"><span class='ocrx_word' id='word_1_133' title='bbox 427 2062 565 2118; x_wconf 78' lang='lat' dir='ltr'><strong>Nam</strong></span> <span class='ocrx_word' id='word_1_134' title='bbox 594 2064 776 2134; x_wconf 90' lang='lat' dir='ltr'><strong>primo</strong></span> <span class='ocrx_word' id='word_1_135' title='bbox 799 2064 855 2119; x_wconf 94' lang='lat' dir='ltr'><strong>id</strong></span> <span class='ocrx_word' id='word_1_136' title='bbox 881 2066 1028 2136; x_wconf 90' lang='lat' dir='ltr'><strong>quod</strong></span> <span class='ocrx_word' id='word_1_137' title='bbox 1054 2082 1157 2137; x_wconf 91' lang='lat' dir='ltr'><strong>pro</strong></span> <span class='ocrx_word' id='word_1_138' title='bbox 1184 2066 1369 2138; x_wconf 88' lang='lat' dir='ltr'><strong>priore</strong></span> <span class='ocrx_word' id='word_1_139' title='bbox 1419 2074 1578 2138; x_wconf 87' lang='lat' dir='ltr'><strong>parte</strong></span> <span class='ocrx_word' id='word_1_140' title='bbox 1626 2066 1936 2122; x_wconf 81' lang='lat' dir='ltr'><strong>ducebatur</strong></span> 
     </span>
    </p>
   </div>
   <div class='ocr_carea' id='block_1_23' title="bbox 356 2156 1939 2231">
    <p class='ocr_par' dir='ltr' id='par_1_23' title="bbox 356 2156 1939 2231">
     <span class='ocr_line' id='line_1_23' title="bbox 356 2156 1939 2231; baseline 0.003 -20"><span class='ocrx_word' id='word_1_141' title='bbox 356 2156 428 2212; x_wconf 92' lang='lat' dir='ltr'><strong>ab</strong></span> <span class='ocrx_word' id='word_1_142' title='bbox 453 2156 780 2213; x_wconf 85' lang='lat' dir='ltr'><strong>auctoritate</strong></span> <span class='ocrx_word' id='word_1_143' title='bbox 834 2158 1147 2227; x_wconf 89' lang='lat' dir='ltr'><strong>doctorum,</strong></span> <span class='ocrx_word' id='word_1_144' title='bbox 1194 2160 1397 2215; x_wconf 84' lang='lat' dir='ltr'><strong>elevari</strong></span> <span class='ocrx_word' id='word_1_145' title='bbox 1458 2168 1641 2231; x_wconf 89' lang='lat' dir='ltr'><strong>potest</strong></span> <span class='ocrx_word' id='word_1_146' title='bbox 1688 2160 1809 2215; x_wconf 90' lang='lat' dir='ltr'><strong>sine</strong></span> <span class='ocrx_word' id='word_1_147' title='bbox 1841 2159 1939 2215; x_wconf 91' lang='lat' dir='ltr'><strong>de-</strong></span> 
     </span>
    </p>
   </div>
   <div class='ocr_carea' id='block_1_24' title="bbox 358 2249 1934 2321">
    <p class='ocr_par' dir='ltr' id='par_1_24' title="bbox 358 2249 1934 2321">
     <span class='ocr_line' id='line_1_24' title="bbox 358 2249 1934 2321; baseline 0.002 -19"><span class='ocrx_word' id='word_1_148' title='bbox 358 2249 621 2305; x_wconf 90' lang='lat' dir='ltr'><strong>trimento</strong></span> <span class='ocrx_word' id='word_1_149' title='bbox 666 2249 898 2307; x_wconf 90' lang='lat' dir='ltr'><strong>honoris</strong></span> <span class='ocrx_word' id='word_1_150' title='bbox 972 2251 1141 2307; x_wconf 88' lang='lat' dir='ltr'><strong>tantis</strong></span> <span class='ocrx_word' id='word_1_151' title='bbox 1193 2251 1514 2308; x_wconf 89' lang='lat' dir='ltr'><strong>nominibus</strong></span> <span class='ocrx_word' id='word_1_152' title='bbox 1569 2251 1786 2307; x_wconf 86' lang='lat' dir='ltr'><strong>debiti:</strong></span> <span class='ocrx_word' id='word_1_153' title='bbox 1837 2252 1934 2321; x_wconf 90' lang='lat' dir='ltr'><strong>qui</strong></span> 
     </span>
    </p>
   </div>
   <div class='ocr_carea' id='block_1_25' title="bbox 358 2341 1937 2415">
    <p class='ocr_par' dir='ltr' id='par_1_25' title="bbox 358 2341 1937 2415">
     <span class='ocr_line' id='line_1_25' title="bbox 358 2341 1937 2415; baseline 0.001 -19"><span class='ocrx_word' id='word_1_154' title='bbox 358 2341 507 2397; x_wconf 91' lang='lat' dir='ltr'><strong>enim</strong></span> <span class='ocrx_word' id='word_1_155' title='bbox 538 2342 896 2399; x_wconf 88' lang='lat' dir='ltr'><strong>Sirmondum</strong></span> <span class='ocrx_word' id='word_1_156' title='bbox 927 2344 1103 2401; x_wconf 89' lang='lat' dir='ltr'><strong>secuti</strong></span> <span class='ocrx_word' id='word_1_157' title='bbox 1138 2353 1290 2411; x_wconf 90' lang='lat' dir='ltr'><strong>sunt,</strong></span> <span class='ocrx_word' id='word_1_158' title='bbox 1338 2343 1636 2400; x_wconf 89' lang='lat' dir='ltr'><strong>Sirmondo</strong></span> <span class='ocrx_word' id='word_1_159' title='bbox 1681 2344 1937 2415; x_wconf 83' lang='lat' dir='ltr'><strong>religiose</strong></span> 
     </span>
    </p>
   </div>
   <div class='ocr_carea' id='block_1_26' title="bbox 358 2432 1937 2503">
    <p class='ocr_par' dir='ltr' id='par_1_26' title="bbox 358 2432 1937 2503">
     <span class='ocr_line' id='line_1_26' title="bbox 358 2432 1937 2503; baseline 0.001 -16"><span class='ocrx_word' id='word_1_160' title='bbox 358 2432 747 2501; x_wconf 87' lang='lat' dir='ltr'><strong>crediderunt;</strong></span> <span class='ocrx_word' id='word_1_161' title='bbox 775 2432 1102 2491; x_wconf 89' lang='lat' dir='ltr'><strong>Sirmondus</strong></span> <span class='ocrx_word' id='word_1_162' title='bbox 1122 2435 1280 2503; x_wconf 90' lang='lat' dir='ltr'><strong>Zino,</strong></span> <span class='ocrx_word' id='word_1_163' title='bbox 1315 2436 1485 2492; x_wconf 85' lang='lat' dir='ltr'><strong>Zinus</strong></span> <span class='ocrx_word' id='word_1_164' title='bbox 1518 2437 1734 2492; x_wconf 90' lang='lat' dir='ltr'><strong>codicis</strong></span> <span class='ocrx_word' id='word_1_165' title='bbox 1761 2435 1937 2492; x_wconf 72' lang='lat' dir='ltr'><strong>Graeci</strong></span> 
     </span>
    </p>
   </div>
   <div class='ocr_carea' id='block_1_27' title="bbox 358 2523 1933 2601">
    <p class='ocr_par' dir='ltr' id='par_1_27' title="bbox 358 2523 1933 2601">
     <span class='ocr_line' id='line_1_27' title="bbox 358 2523 1933 2601; baseline 0.001 -19"><span class='ocrx_word' id='word_1_166' title='bbox 358 2523 708 2596; x_wconf 85' lang='lat' dir='ltr'><strong>exscriptori.</strong></span> <span class='ocrx_word' id='word_1_167' title='bbox 734 2526 921 2582; x_wconf 89' lang='lat' dir='ltr'><strong>Potuit</strong></span> <span class='ocrx_word' id='word_1_168' title='bbox 943 2534 1126 2583; x_wconf 89' lang='lat' dir='ltr'><strong>tamen</strong></span> <span class='ocrx_word' id='word_1_169' title='bbox 1149 2529 1458 2601; x_wconf 85' lang='lat' dir='ltr'><strong>exscriptor</strong></span> <span class='ocrx_word' id='word_1_170' title='bbox 1493 2529 1549 2584; x_wconf 93' lang='lat' dir='ltr'><strong>in</strong></span> <span class='ocrx_word' id='word_1_171' title='bbox 1575 2544 1821 2584; x_wconf 89' lang='lat' dir='ltr'><strong>errorem</strong></span> <span class='ocrx_word' id='word_1_172' title='bbox 1845 2528 1933 2583; x_wconf 83' lang='lat' dir='ltr'><strong>in-</strong></span> 
     </span>
    </p>
   </div>
   <div class='ocr_carea' id='block_1_28' title="bbox 358 2614 1933 2686">
    <p class='ocr_par' dir='ltr' id='par_1_28' title="bbox 358 2614 1933 2686">
     <span class='ocr_line' id='line_1_28' title="bbox 358 2614 1933 2686; baseline 0.002 -16"><span class='ocrx_word' id='word_1_173' title='bbox 358 2614 486 2670; x_wconf 89' lang='lat' dir='ltr'><strong>duci</strong></span> <span class='ocrx_word' id='word_1_174' title='bbox 512 2631 542 2671; x_wconf 91' lang='lat' dir='ltr'><strong>a</strong></span> <span class='ocrx_word' id='word_1_175' title='bbox 563 2616 844 2686; x_wconf 89' lang='lat' dir='ltr'><strong>prioribus</strong></span> <span class='ocrx_word' id='word_1_176' title='bbox 867 2617 1021 2674; x_wconf 87' lang='lat' dir='ltr'><strong>aliis:</strong></span> <span class='ocrx_word' id='word_1_177' title='bbox 1048 2634 1152 2674; x_wconf 89' lang='lat' dir='ltr'><strong>nec</strong></span> <span class='ocrx_word' id='word_1_178' title='bbox 1174 2620 1229 2675; x_wconf 89' lang='lat' dir='ltr'><strong>id</strong></span> <span class='ocrx_word' id='word_1_179' title='bbox 1280 2620 1483 2675; x_wconf 90' lang='lat' dir='ltr'><strong>mirum</strong></span> <span class='ocrx_word' id='word_1_180' title='bbox 1531 2619 1710 2676; x_wconf 88' lang='lat' dir='ltr'><strong>videri</strong></span> <span class='ocrx_word' id='word_1_181' title='bbox 1747 2620 1933 2686; x_wconf 88' lang='lat' dir='ltr'><strong>debet,</strong></span> 
     </span>
    </p>
   </div>
   <div class='ocr_carea' id='block_1_29' title="bbox 359 2709 1936 2783">
    <p class='ocr_par' dir='ltr' id='par_1_29' title="bbox 359 2709 1936 2783">
     <span class='ocr_line' id='line_1_29' title="bbox 359 2709 1936 2783; baseline 0.001 -19"><span class='ocrx_word' id='word_1_182' title='bbox 359 2724 487 2764; x_wconf 91' lang='lat' dir='ltr'><strong>cum</strong></span> <span class='ocrx_word' id='word_1_183' title='bbox 512 2709 626 2781; x_wconf 90' lang='lat' dir='ltr'><strong>jam</strong></span> <span class='ocrx_word' id='word_1_184' title='bbox 667 2710 799 2767; x_wconf 85' lang='lat' dir='ltr'><strong>inde</strong></span> <span class='ocrx_word' id='word_1_185' title='bbox 830 2726 862 2766; x_wconf 94' lang='lat' dir='ltr'><strong>a</strong></span> <span class='ocrx_word' id='word_1_186' title='bbox 907 2710 1015 2767; x_wconf 88' lang='lat' dir='ltr'><strong>line</strong></span> <span class='ocrx_word' id='word_1_187' title='bbox 1061 2713 1201 2768; x_wconf 83' lang='lat' dir='ltr'><strong>sexti</strong></span> <span class='ocrx_word' id='word_1_188' title='bbox 1253 2712 1463 2779; x_wconf 82' lang='lat' dir='ltr'><strong>saeculi,</strong></span> <span class='ocrx_word' id='word_1_189' title='bbox 1521 2728 1633 2783; x_wconf 91' lang='lat' dir='ltr'><strong>quo</strong></span> <span class='ocrx_word' id='word_1_190' title='bbox 1683 2721 1936 2781; x_wconf 91' lang='lat' dir='ltr'><strong>tempore</strong></span> 
     </span>
    </p>
   </div>
   <div class='ocr_carea' id='block_1_30' title="bbox 358 2797 1935 2876">
    <p class='ocr_par' dir='ltr' id='par_1_30' title="bbox 358 2797 1935 2876">
     <span class='ocr_line' id='line_1_30' title="bbox 358 2797 1935 2876; baseline 0.001 -19"><span class='ocrx_word' id='word_1_191' title='bbox 358 2797 660 2872; x_wconf 80' lang='lat' dir='ltr'><strong>Gregorius</strong></span> <span class='ocrx_word' id='word_1_192' title='bbox 691 2802 920 2876; x_wconf 82' lang='lat' dir='ltr'><strong>Magnus</strong></span> <span class='ocrx_word' id='word_1_193' title='bbox 969 2805 1175 2876; x_wconf 82' lang='lat' dir='ltr'><strong>Pelagii</strong></span> <span class='ocrx_word' id='word_1_194' title='bbox 1233 2806 1459 2860; x_wconf 90' lang='lat' dir='ltr'><strong>nomine</strong></span> <span class='ocrx_word' id='word_1_195' title='bbox 1489 2805 1791 2871; x_wconf 89' lang='lat' dir='ltr'><strong>scribebat,</strong></span> <span class='ocrx_word' id='word_1_196' title='bbox 1825 2811 1935 2860; x_wconf 88' lang='lat' dir='ltr'><strong>tam</strong></span> 
     </span>
    </p>
   </div>
   <div class='ocr_carea' id='block_1_31' title="bbox 359 2890 1936 2967">
    <p class='ocr_par' dir='ltr' id='par_1_31' title="bbox 359 2890 1936 2967">
     <span class='ocr_line' id='line_1_31' title="bbox 359 2890 1936 2967; baseline 0.003 -21"><span class='ocrx_word' id='word_1_197' title='bbox 359 2890 524 2950; x_wconf 80' lang='lat' dir='ltr'><strong>facile</strong></span> <span class='ocrx_word' id='word_1_198' title='bbox 554 2894 803 2966; x_wconf 88' lang='lat' dir='ltr'><strong>potuerit</strong></span> <span class='ocrx_word' id='word_1_199' title='bbox 843 2896 1272 2952; x_wconf 86' lang='lat' dir='ltr'><strong>commentarius</strong></span> <span class='ocrx_word' id='word_1_200' title='bbox 1315 2896 1518 2967; x_wconf 87' lang='lat' dir='ltr'><strong>aliquis</strong></span> <span class='ocrx_word' id='word_1_201' title='bbox 1556 2896 1612 2951; x_wconf 92' lang='lat' dir='ltr'><strong>in</strong></span> <span class='ocrx_word' id='word_1_202' title='bbox 1646 2895 1936 2952; x_wconf 78' lang='lat' dir='ltr'><strong>Canticum</strong></span> 
     </span>
    </p>
   </div>
   <div class='ocr_carea' id='block_1_32' title="bbox 358 2983 1938 3061">
    <p class='ocr_par' dir='ltr' id='par_1_32' title="bbox 358 2983 1938 3061">
     <span class='ocr_line' id='line_1_32' title="bbox 358 2983 1938 3061; baseline 0.004 -21"><span class='ocrx_word' id='word_1_203' title='bbox 358 2983 708 3042; x_wconf 83' lang='lat' dir='ltr'><strong>Theodoreto</strong></span> <span class='ocrx_word' id='word_1_204' title='bbox 738 2989 1001 3059; x_wconf 87' lang='lat' dir='ltr'><strong>supponi,</strong></span> <span class='ocrx_word' id='word_1_205' title='bbox 1036 3004 1203 3059; x_wconf 88' lang='lat' dir='ltr'><strong>quam</strong></span> <span class='ocrx_word' id='word_1_206' title='bbox 1253 2989 1433 3060; x_wconf 91' lang='lat' dir='ltr'><strong>reipsa</strong></span> <span class='ocrx_word' id='word_1_207' title='bbox 1461 2989 1581 3061; x_wconf 91' lang='lat' dir='ltr'><strong>ipso</strong></span> <span class='ocrx_word' id='word_1_208' title='bbox 1618 2990 1815 3060; x_wconf 90' lang='lat' dir='ltr'><strong>quinto</strong></span> <span class='ocrx_word' id='word_1_209' title='bbox 1836 3004 1938 3046; x_wconf 69' lang='lat' dir='ltr'><strong>sae-</strong></span> 
     </span>
    </p>
   </div>
   <div class='ocr_carea' id='block_1_33' title="bbox 1967 1738 2014 1798">
    <p class='ocr_par' dir='ltr' id='par_1_33' title="bbox 1967 1738 2014 1798">
     <span class='ocr_line' id='line_1_33' title="bbox 1967 1738 2014 1798; baseline 0 0"><span class='ocrx_word' id='word_1_210' title='bbox 1967 1738 2014 1798; x_wconf 86' lang='grc' dir='ltr'><strong>Β</strong></span> 
     </span>
    </p>
   </div>
   <div class='ocr_carea' id='block_1_34' title="bbox 2041 483 3626 560">
    <p class='ocr_par' dir='ltr' id='par_1_34' title="bbox 2041 483 3626 560">
     <span class='ocr_line' id='line_1_34' title="bbox 2041 483 3626 560; baseline -0.002 -17"><span class='ocrx_word' id='word_1_211' title='bbox 2041 491 2363 560; x_wconf 88' lang='lat' dir='ltr'><strong>retrogrado</strong></span> <span class='ocrx_word' id='word_1_212' title='bbox 2392 505 2422 543; x_wconf 94' lang='lat' dir='ltr'><strong>a</strong></span> <span class='ocrx_word' id='word_1_213' title='bbox 2452 499 2729 559; x_wconf 87' lang='lat' dir='ltr'><strong>postrema</strong></span> <span class='ocrx_word' id='word_1_214' title='bbox 2756 484 3037 558; x_wconf 75' lang='lat' dir='ltr'><strong>incipiam,</strong></span> <span class='ocrx_word' id='word_1_215' title='bbox 3079 501 3201 556; x_wconf 68' lang='lat' dir='ltr'><strong>qua:</strong></span> <span class='ocrx_word' id='word_1_216' title='bbox 3230 485 3420 555; x_wconf 85' lang='lat' dir='ltr'><strong>procul</strong></span> <span class='ocrx_word' id='word_1_217' title='bbox 3447 483 3626 540; x_wconf 84' lang='lat' dir='ltr'><strong>dubio</strong></span> 
     </span>
    </p>
   </div>
   <div class='ocr_carea' id='block_1_35' title="bbox 2042 575 3625 649">
    <p class='ocr_par' dir='ltr' id='par_1_35' title="bbox 2042 575 3625 649">
     <span class='ocr_line' id='line_1_35' title="bbox 2042 575 3625 649; baseline -0.001 -17"><span class='ocrx_word' id='word_1_218' title='bbox 2042 579 2277 633; x_wconf 89' lang='lat' dir='ltr'><strong>multum</strong></span> <span class='ocrx_word' id='word_1_219' title='bbox 2344 578 2513 633; x_wconf 87' lang='lat' dir='ltr'><strong>habet</strong></span> <span class='ocrx_word' id='word_1_220' title='bbox 2569 576 2869 649; x_wconf 89' lang='lat' dir='ltr'><strong>ponderis,</strong></span> <span class='ocrx_word' id='word_1_221' title='bbox 2936 575 3303 632; x_wconf 87' lang='lat' dir='ltr'><strong>nihilominus</strong></span> <span class='ocrx_word' id='word_1_222' title='bbox 3354 575 3625 632; x_wconf 87' lang='lat' dir='ltr'><strong>adversus</strong></span> 
     </span>
    </p>
   </div>
   <div class='ocr_carea' id='block_1_36' title="bbox 2040 666 3622 738">
    <p class='ocr_par' dir='ltr' id='par_1_36' title="bbox 2040 666 3622 738">
     <span class='ocr_line' id='line_1_36' title="bbox 2040 666 3622 738; baseline -0.001 -15"><span class='ocrx_word' id='word_1_223' title='bbox 2040 684 2161 724; x_wconf 89' lang='lat' dir='ltr'><strong>eam</strong></span> <span class='ocrx_word' id='word_1_224' title='bbox 2192 685 2303 723; x_wconf 91' lang='lat' dir='ltr'><strong>non</strong></span> <span class='ocrx_word' id='word_1_225' title='bbox 2342 668 2778 738; x_wconf 87' lang='lat' dir='ltr'><strong>improbabiliter</strong></span> <span class='ocrx_word' id='word_1_226' title='bbox 2804 667 2914 723; x_wconf 91' lang='lat' dir='ltr'><strong>dici</strong></span> <span class='ocrx_word' id='word_1_227' title='bbox 2952 676 3152 738; x_wconf 88' lang='lat' dir='ltr'><strong>potest,</strong></span> <span class='ocrx_word' id='word_1_228' title='bbox 3172 666 3415 723; x_wconf 88' lang='lat' dir='ltr'><strong>noluisse</strong></span> <span class='ocrx_word' id='word_1_229' title='bbox 3434 667 3622 722; x_wconf 88' lang='lat' dir='ltr'><strong>Theo-</strong></span> 
     </span>
    </p>
   </div>
   <div class='ocr_carea' id='block_1_37' title="bbox 2042 760 3625 834">
    <p class='ocr_par' dir='ltr' id='par_1_37' title="bbox 2042 760 3625 834">
     <span class='ocr_line' id='line_1_37' title="bbox 2042 760 3625 834; baseline 0.001 -18"><span class='ocrx_word' id='word_1_230' title='bbox 2042 761 2320 829; x_wconf 91' lang='lat' dir='ltr'><strong>doretum,</strong></span> <span class='ocrx_word' id='word_1_231' title='bbox 2362 777 2488 817; x_wconf 91' lang='lat' dir='ltr'><strong>cum</strong></span> <span class='ocrx_word' id='word_1_232' title='bbox 2518 762 2929 833; x_wconf 86' lang='lat' dir='ltr'><strong>periclitaretur</strong></span> <span class='ocrx_word' id='word_1_233' title='bbox 2970 761 3040 818; x_wconf 90' lang='lat' dir='ltr'><strong>de</strong></span> <span class='ocrx_word' id='word_1_234' title='bbox 3095 760 3222 828; x_wconf 83' lang='lat' dir='ltr'><strong>fide,</strong></span> <span class='ocrx_word' id='word_1_235' title='bbox 3256 762 3504 818; x_wconf 78' lang='lat' dir='ltr'><strong>exerceri</strong></span> <span class='ocrx_word' id='word_1_236' title='bbox 3530 763 3625 834; x_wconf 65' lang='lat' dir='ltr'><strong>juo</strong></span> 
     </span>
    </p>
   </div>
   <div class='ocr_carea' id='block_1_38' title="bbox 2040 852 3624 926">
    <p class='ocr_par' dir='ltr' id='par_1_38' title="bbox 2040 852 3624 926">
     <span class='ocr_line' id='line_1_38' title="bbox 2040 852 3624 926; baseline -0.001 -16"><span class='ocrx_word' id='word_1_237' title='bbox 2040 855 2248 911; x_wconf 90' lang='lat' dir='ltr'><strong>dicium</strong></span> <span class='ocrx_word' id='word_1_238' title='bbox 2279 870 2349 910; x_wconf 91' lang='lat' dir='ltr'><strong>ex</strong></span> <span class='ocrx_word' id='word_1_239' title='bbox 2380 855 2542 922; x_wconf 90' lang='lat' dir='ltr'><strong>libro,</strong></span> <span class='ocrx_word' id='word_1_240' title='bbox 2574 870 2685 926; x_wconf 89' lang='lat' dir='ltr'><strong>quo</strong></span> <span class='ocrx_word' id='word_1_241' title='bbox 2715 853 3071 909; x_wconf 89' lang='lat' dir='ltr'><strong>Theodorum</strong></span> <span class='ocrx_word' id='word_1_242' title='bbox 3104 852 3453 925; x_wconf 71' lang='lat' dir='ltr'><strong>Mopsuestiae</strong></span> <span class='ocrx_word' id='word_1_243' title='bbox 3500 869 3624 908; x_wconf 76' lang='lat' dir='ltr'><strong>ma-</strong></span> 
     </span>
    </p>
   </div>
   <div class='ocr_carea' id='block_1_39' title="bbox 2038 945 3627 1020">
    <p class='ocr_par' dir='ltr' id='par_1_39' title="bbox 2038 945 3627 1020">
     <span class='ocr_line' id='line_1_39' title="bbox 2038 945 3627 1020; baseline -0.001 -19"><span class='ocrx_word' id='word_1_244' title='bbox 2038 947 2268 1020; x_wconf 82' lang='lat' dir='ltr'><strong>gistrum</strong></span> <span class='ocrx_word' id='word_1_245' title='bbox 2295 963 2458 1002; x_wconf 91' lang='lat' dir='ltr'><strong>suum</strong></span> <span class='ocrx_word' id='word_1_246' title='bbox 2515 947 2800 1017; x_wconf 75' lang='lat' dir='ltr'><strong>arguebat,</strong></span> <span class='ocrx_word' id='word_1_247' title='bbox 2866 962 2936 1002; x_wconf 88' lang='lat' dir='ltr'><strong>ne</strong></span> <span class='ocrx_word' id='word_1_248' title='bbox 2994 946 3284 1002; x_wconf 87' lang='lat' dir='ltr'><strong>damnasse</strong></span> <span class='ocrx_word' id='word_1_249' title='bbox 3333 945 3627 1002; x_wconf 86' lang='lat' dir='ltr'><strong>videretur</strong></span> 
     </span>
    </p>
   </div>
   <div class='ocr_carea' id='block_1_40' title="bbox 2038 1039 3622 1112">
    <p class='ocr_par' dir='ltr' id='par_1_40' title="bbox 2038 1039 3622 1112">
     <span class='ocr_line' id='line_1_40' title="bbox 2038 1039 3622 1112; baseline -0.002 -16"><span class='ocrx_word' id='word_1_250' title='bbox 2038 1057 2201 1112; x_wconf 90' lang='lat' dir='ltr'><strong>quem</strong></span> <span class='ocrx_word' id='word_1_251' title='bbox 2221 1049 2411 1111; x_wconf 88' lang='lat' dir='ltr'><strong>postea</strong></span> <span class='ocrx_word' id='word_1_252' title='bbox 2440 1039 2809 1104; x_wconf 88' lang='lat' dir='ltr'><strong>defendisset;</strong></span> <span class='ocrx_word' id='word_1_253' title='bbox 2838 1048 3005 1110; x_wconf 90' lang='lat' dir='ltr'><strong>atque</strong></span> <span class='ocrx_word' id='word_1_254' title='bbox 3038 1039 3113 1094; x_wconf 88' lang='lat' dir='ltr'><strong>ita</strong></span> <span class='ocrx_word' id='word_1_255' title='bbox 3170 1039 3413 1095; x_wconf 88' lang='lat' dir='ltr'><strong>levitatis</strong></span> <span class='ocrx_word' id='word_1_256' title='bbox 3439 1047 3498 1094; x_wconf 89' lang='lat' dir='ltr'><strong>et</strong></span> <span class='ocrx_word' id='word_1_257' title='bbox 3527 1039 3622 1094; x_wconf 84' lang='lat' dir='ltr'><strong>in—</strong></span> 
     </span>
    </p>
   </div>
   <div class='ocr_carea' id='block_1_41' title="bbox 2038 1130 3624 1201">
    <p class='ocr_par' dir='ltr' id='par_1_41' title="bbox 2038 1130 3624 1201">
     <span class='ocr_line' id='line_1_41' title="bbox 2038 1130 3624 1201; baseline 0 -14"><span class='ocrx_word' id='word_1_258' title='bbox 2038 1133 2361 1187; x_wconf 66' lang='lat' dir='ltr'><strong>constantiae</strong></span> <span class='ocrx_word' id='word_1_259' title='bbox 2387 1147 2515 1187; x_wconf 90' lang='lat' dir='ltr'><strong>reus</strong></span> <span class='ocrx_word' id='word_1_260' title='bbox 2572 1130 2746 1196; x_wconf 82' lang='lat' dir='ltr'><strong>ﬁeret,</strong></span> <span class='ocrx_word' id='word_1_261' title='bbox 2784 1147 2896 1201; x_wconf 91' lang='lat' dir='ltr'><strong>quo</strong></span> <span class='ocrx_word' id='word_1_262' title='bbox 2927 1138 3173 1201; x_wconf 90' lang='lat' dir='ltr'><strong>tempore</strong></span> <span class='ocrx_word' id='word_1_263' title='bbox 3211 1131 3448 1186; x_wconf 78' lang='lat' dir='ltr'><strong>maxime</strong></span> <span class='ocrx_word' id='word_1_264' title='bbox 3484 1145 3624 1187; x_wconf 83' lang='lat' dir='ltr'><strong>oon-</strong></span> 
     </span>
    </p>
   </div>
   <div class='ocr_carea' id='block_1_42' title="bbox 2038 1220 2822 1278">
    <p class='ocr_par' dir='ltr' id='par_1_42' title="bbox 2038 1220 2822 1278">
     <span class='ocr_line' id='line_1_42' title="bbox 2038 1220 2822 1278; baseline -0.005 0"><span class='ocrx_word' id='word_1_265' title='bbox 2038 1222 2295 1278; x_wconf 89' lang='lat' dir='ltr'><strong>stantiam</strong></span> <span class='ocrx_word' id='word_1_266' title='bbox 2325 1237 2481 1277; x_wconf 91' lang='lat' dir='ltr'><strong>suam</strong></span> <span class='ocrx_word' id='word_1_267' title='bbox 2504 1220 2822 1276; x_wconf 76' lang='lat' dir='ltr'><strong>extollebat.</strong></span> 
     </span>
    </p>
   </div>
   <div class='ocr_carea' id='block_1_43' title="bbox 2109 1310 3624 1382">
    <p class='ocr_par' dir='ltr' id='par_1_43' title="bbox 2109 1310 3624 1382">
     <span class='ocr_line' id='line_1_43' title="bbox 2109 1310 3624 1382; baseline -0.003 -15"><span class='ocrx_word' id='word_1_268' title='bbox 2109 1314 2364 1381; x_wconf 86' lang='lat' dir='ltr'><strong>Quintam</strong></span> <span class='ocrx_word' id='word_1_269' title='bbox 2429 1313 2672 1367; x_wconf 88' lang='lat' dir='ltr'><strong>elevaret</strong></span> <span class='ocrx_word' id='word_1_270' title='bbox 2736 1311 3009 1382; x_wconf 85' lang='lat' dir='ltr'><strong>quispiam</strong></span> <span class='ocrx_word' id='word_1_271' title='bbox 3037 1353 3052 1376; x_wconf 95' lang='lat'><strong>,</strong></span> <span class='ocrx_word' id='word_1_272' title='bbox 3124 1318 3383 1366; x_wconf 87' lang='lat' dir='ltr'><strong>causatus</strong></span> <span class='ocrx_word' id='word_1_273' title='bbox 3439 1310 3624 1380; x_wconf 90' lang='lat' dir='ltr'><strong>primo</strong></span> 
     </span>
    </p>
   </div>
   <div class='ocr_carea' id='block_1_44' title="bbox 2039 1402 3626 1476">
    <p class='ocr_par' dir='ltr' id='par_1_44' title="bbox 2039 1402 3626 1476">
     <span class='ocr_line' id='line_1_44' title="bbox 2039 1402 3626 1476; baseline -0.003 -15"><span class='ocrx_word' id='word_1_274' title='bbox 2039 1404 2311 1476; x_wconf 85' lang='lat' dir='ltr'><strong>ejusmodi</strong></span> <span class='ocrx_word' id='word_1_275' title='bbox 2360 1403 2713 1459; x_wconf 87' lang='lat' dir='ltr'><strong>Canticorum</strong></span> <span class='ocrx_word' id='word_1_276' title='bbox 2756 1402 3159 1473; x_wconf 86' lang='lat' dir='ltr'><strong>expositionem</strong></span> <span class='ocrx_word' id='word_1_277' title='bbox 3201 1418 3312 1458; x_wconf 92' lang='lat' dir='ltr'><strong>non</strong></span> <span class='ocrx_word' id='word_1_278' title='bbox 3342 1417 3466 1458; x_wconf 86' lang='lat' dir='ltr'><strong>esse</strong></span> <span class='ocrx_word' id='word_1_279' title='bbox 3491 1416 3626 1472; x_wconf 87' lang='lat' dir='ltr'><strong>pro-</strong></span> 
     </span>
    </p>
   </div>
   <div class='ocr_carea' id='block_1_45' title="bbox 2040 1494 3627 1567">
    <p class='ocr_par' dir='ltr' id='par_1_45' title="bbox 2040 1494 3627 1567">
     <span class='ocr_line' id='line_1_45' title="bbox 2040 1494 3627 1567; baseline 0 -16"><span class='ocrx_word' id='word_1_280' title='bbox 2040 1498 2317 1562; x_wconf 80' lang='lat' dir='ltr'><strong>lixiorem,</strong></span> <span class='ocrx_word' id='word_1_281' title='bbox 2371 1511 2536 1567; x_wconf 87' lang='lat' dir='ltr'><strong>quam</strong></span> <span class='ocrx_word' id='word_1_282' title='bbox 2584 1511 2706 1566; x_wconf 78' lang='lat' dir='ltr'><strong>quae</strong></span> <span class='ocrx_word' id='word_1_283' title='bbox 2759 1495 3037 1563; x_wconf 90' lang='lat' dir='ltr'><strong>Danielis;</strong></span> <span class='ocrx_word' id='word_1_284' title='bbox 3071 1494 3273 1551; x_wconf 87' lang='lat' dir='ltr'><strong>deinde</strong></span> <span class='ocrx_word' id='word_1_285' title='bbox 3327 1503 3627 1566; x_wconf 88' lang='lat' dir='ltr'><strong>utramque</strong></span> 
     </span>
    </p>
   </div>
   <div class='ocr_carea' id='block_1_46' title="bbox 2039 1586 3624 1658">
    <p class='ocr_par' dir='ltr' id='par_1_46' title="bbox 2039 1586 3624 1658">
     <span class='ocr_line' id='line_1_46' title="bbox 2039 1586 3624 1658; baseline -0.001 -13"><span class='ocrx_word' id='word_1_286' title='bbox 2039 1605 2160 1645; x_wconf 89' lang='lat' dir='ltr'><strong>esse</strong></span> <span class='ocrx_word' id='word_1_287' title='bbox 2184 1588 2519 1644; x_wconf 89' lang='lat' dir='ltr'><strong>Theodoreti</strong></span> <span class='ocrx_word' id='word_1_288' title='bbox 2568 1588 2725 1658; x_wconf 90' lang='lat' dir='ltr'><strong>quasi</strong></span> <span class='ocrx_word' id='word_1_289' title='bbox 2754 1587 3094 1654; x_wconf 88' lang='lat' dir='ltr'><strong>tirocinium,</strong></span> <span class='ocrx_word' id='word_1_290' title='bbox 3135 1586 3283 1658; x_wconf 86' lang='lat' dir='ltr'><strong>quod</strong></span> <span class='ocrx_word' id='word_1_291' title='bbox 3322 1587 3463 1643; x_wconf 82' lang='lat' dir='ltr'><strong>solet</strong></span> <span class='ocrx_word' id='word_1_292' title='bbox 3494 1601 3624 1643; x_wconf 78' lang='lat' dir='ltr'><strong>esse</strong></span> 
     </span>
    </p>
   </div>
   <div class='ocr_carea' id='block_1_47' title="bbox 2042 1677 3625 1748">
    <p class='ocr_par' dir='ltr' id='par_1_47' title="bbox 2042 1677 3625 1748">
     <span class='ocr_line' id='line_1_47' title="bbox 2042 1677 3625 1748; baseline -0.001 -14"><span class='ocrx_word' id='word_1_293' title='bbox 2042 1680 2365 1745; x_wconf 80' lang='lat' dir='ltr'><strong>verbosius;</strong></span> <span class='ocrx_word' id='word_1_294' title='bbox 2401 1678 2643 1748; x_wconf 82' lang='lat' dir='ltr'><strong>denique</strong></span> <span class='ocrx_word' id='word_1_295' title='bbox 2660 1693 2786 1734; x_wconf 89' lang='lat' dir='ltr'><strong>eum</strong></span> <span class='ocrx_word' id='word_1_296' title='bbox 2817 1687 2969 1743; x_wconf 90' lang='lat' dir='ltr'><strong>tunc,</strong></span> <span class='ocrx_word' id='word_1_297' title='bbox 3016 1693 3140 1734; x_wconf 91' lang='lat' dir='ltr'><strong>cum</strong></span> <span class='ocrx_word' id='word_1_298' title='bbox 3181 1677 3348 1748; x_wconf 79' lang='lat' dir='ltr'><strong>27o</strong></span> <span class='ocrx_word' id='word_1_299' title='bbox 3402 1686 3625 1733; x_wconf 86' lang='lat' dir='ltr'><strong>utrum-</strong></span> 
     </span>
    </p>
   </div>
   <div class='ocr_carea' id='block_1_48' title="bbox 2042 1769 3627 1841">
    <p class='ocr_par' dir='ltr' id='par_1_48' title="bbox 2042 1769 3627 1841">
     <span class='ocr_line' id='line_1_48' title="bbox 2042 1769 3627 1841; baseline -0.002 -14"><span class='ocrx_word' id='word_1_300' title='bbox 2042 1787 2150 1841; x_wconf 90' lang='lat' dir='ltr'><strong>que</strong></span> <span class='ocrx_word' id='word_1_301' title='bbox 2180 1786 2320 1841; x_wconf 90' lang='lat' dir='ltr'><strong>opus</strong></span> <span class='ocrx_word' id='word_1_302' title='bbox 2349 1770 2638 1835; x_wconf 85' lang='lat' dir='ltr'><strong>scriberet,</strong></span> <span class='ocrx_word' id='word_1_303' title='bbox 2690 1771 2937 1825; x_wconf 88' lang='lat' dir='ltr'><strong>nondum</strong></span> <span class='ocrx_word' id='word_1_304' title='bbox 2987 1769 3507 1841; x_wconf 84' lang='lat' dir='ltr'><strong>breviloquentiam,</strong></span> <span class='ocrx_word' id='word_1_305' title='bbox 3559 1778 3627 1826; x_wconf 93' lang='lat' dir='ltr'><strong>ut</strong></span> 
     </span>
    </p>
   </div>
   <div class='ocr_carea' id='block_1_49' title="bbox 2040 1862 2908 1929">
    <p class='ocr_par' dir='ltr' id='par_1_49' title="bbox 2040 1862 2908 1929">
     <span class='ocr_line' id='line_1_49' title="bbox 2040 1862 2908 1929; baseline 0.001 -12"><span class='ocrx_word' id='word_1_306' title='bbox 2040 1863 2120 1929; x_wconf 79' lang='lat' dir='ltr'><strong>fit,</strong></span> <span class='ocrx_word' id='word_1_307' title='bbox 2154 1862 2435 1919; x_wconf 88' lang='lat' dir='ltr'><strong>scribendi</strong></span> <span class='ocrx_word' id='word_1_308' title='bbox 2468 1879 2594 1929; x_wconf 91' lang='lat' dir='ltr'><strong>usu,</strong></span> <span class='ocrx_word' id='word_1_309' title='bbox 2627 1862 2908 1920; x_wconf 90' lang='lat' dir='ltr'><strong>didicisse.</strong></span> 
     </span>
    </p>
   </div>
   <div class='ocr_carea' id='block_1_50' title="bbox 2107 1975 3625 2047">
    <p class='ocr_par' dir='ltr' id='par_1_50' title="bbox 2107 1975 3625 2047">
     <span class='ocr_line' id='line_1_50' title="bbox 2107 1975 3625 2047; baseline -0.001 -15"><span class='ocrx_word' id='word_1_310' title='bbox 2107 1976 2224 2032; x_wconf 84' lang='lat' dir='ltr'><strong>Jam</strong></span> <span class='ocrx_word' id='word_1_311' title='bbox 2268 1993 2404 2032; x_wconf 89' lang='lat' dir='ltr'><strong>vero</strong></span> <span class='ocrx_word' id='word_1_312' title='bbox 2451 1986 2667 2047; x_wconf 91' lang='lat' dir='ltr'><strong>quarta,</strong></span> <span class='ocrx_word' id='word_1_313' title='bbox 2710 1987 2772 2032; x_wconf 89' lang='lat' dir='ltr'><strong>ut</strong></span> <span class='ocrx_word' id='word_1_314' title='bbox 2805 1986 2890 2033; x_wconf 90' lang='lat' dir='ltr'><strong>est</strong></span> <span class='ocrx_word' id='word_1_315' title='bbox 2944 1977 3015 2032; x_wconf 89' lang='lat' dir='ltr'><strong>ab</strong></span> <span class='ocrx_word' id='word_1_316' title='bbox 3054 1976 3410 2042; x_wconf 89' lang='lat' dir='ltr'><strong>auctoritate,</strong></span> <span class='ocrx_word' id='word_1_317' title='bbox 3469 1975 3625 2047; x_wconf 90' lang='lat' dir='ltr'><strong>quod</strong></span> 
     </span>
    </p>
   </div>
   <div class='ocr_carea' id='block_1_51' title="bbox 2039 2067 3625 2140">
    <p class='ocr_par' dir='ltr' id='par_1_51' title="bbox 2039 2067 3625 2140">
     <span class='ocr_line' id='line_1_51' title="bbox 2039 2067 3625 2140; baseline 0 -17"><span class='ocrx_word' id='word_1_318' title='bbox 2039 2067 2213 2133; x_wconf 88' lang='lat' dir='ltr'><strong>aiunt,</strong></span> <span class='ocrx_word' id='word_1_319' title='bbox 2261 2069 2547 2140; x_wconf 86' lang='lat' dir='ltr'><strong>negativa,</strong></span> <span class='ocrx_word' id='word_1_320' title='bbox 2583 2069 2659 2123; x_wconf 89' lang='lat' dir='ltr'><strong>ita</strong></span> <span class='ocrx_word' id='word_1_321' title='bbox 2698 2069 2882 2124; x_wconf 91' lang='lat' dir='ltr'><strong>minus</strong></span> <span class='ocrx_word' id='word_1_322' title='bbox 2936 2068 3091 2124; x_wconf 83' lang='lat' dir='ltr'><strong>firma</strong></span> <span class='ocrx_word' id='word_1_323' title='bbox 3148 2076 3398 2139; x_wconf 89' lang='lat' dir='ltr'><strong>apparet.</strong></span> <span class='ocrx_word' id='word_1_324' title='bbox 3443 2067 3625 2135; x_wconf 85' lang='lat' dir='ltr'><strong>Quid-</strong></span> 
     </span>
    </p>
   </div>
   <div class='ocr_carea' id='block_1_52' title="bbox 2037 2158 3624 2230">
    <p class='ocr_par' dir='ltr' id='par_1_52' title="bbox 2037 2158 3624 2230">
     <span class='ocr_line' id='line_1_52' title="bbox 2037 2158 3624 2230; baseline -0.001 -17"><span class='ocrx_word' id='word_1_325' title='bbox 2037 2161 2092 2213; x_wconf 88' lang='lat' dir='ltr'><strong>ni</strong></span> <span class='ocrx_word' id='word_1_326' title='bbox 2161 2161 2310 2214; x_wconf 89' lang='lat' dir='ltr'><strong>cnim</strong></span> <span class='ocrx_word' id='word_1_327' title='bbox 2371 2158 2761 2214; x_wconf 85' lang='lat' dir='ltr'><strong>Theodoretus</strong></span> <span class='ocrx_word' id='word_1_328' title='bbox 2832 2173 2944 2214; x_wconf 92' lang='lat' dir='ltr'><strong>uno</strong></span> <span class='ocrx_word' id='word_1_329' title='bbox 2992 2160 3048 2214; x_wconf 91' lang='lat' dir='ltr'><strong>in</strong></span> <span class='ocrx_word' id='word_1_330' title='bbox 3115 2160 3239 2215; x_wconf 91' lang='lat' dir='ltr'><strong>loco</strong></span> <span class='ocrx_word' id='word_1_331' title='bbox 3285 2159 3624 2230; x_wconf 84' lang='lat' dir='ltr'><strong>scripserit,</strong></span> 
     </span>
    </p>
   </div>
   <div class='ocr_carea' id='block_1_53' title="bbox 2040 2250 3625 2322">
    <p class='ocr_par' dir='ltr' id='par_1_53' title="bbox 2040 2250 3625 2322">
     <span class='ocr_line' id='line_1_53' title="bbox 2040 2250 3625 2322; baseline 0.001 -18"><span class='ocrx_word' id='word_1_332' title='bbox 2040 2250 2187 2320; x_wconf 91' lang='lat' dir='ltr'><strong>quod</strong></span> <span class='ocrx_word' id='word_1_333' title='bbox 2227 2252 2314 2306; x_wconf 85' lang='lat' dir='ltr'><strong>vel</strong></span> <span class='ocrx_word' id='word_1_334' title='bbox 2354 2251 2473 2320; x_wconf 88' lang='lat' dir='ltr'><strong>ipse</strong></span> <span class='ocrx_word' id='word_1_335' title='bbox 2506 2252 2563 2305; x_wconf 92' lang='lat' dir='ltr'><strong>in</strong></span> <span class='ocrx_word' id='word_1_336' title='bbox 2603 2251 2712 2307; x_wconf 86' lang='lat' dir='ltr'><strong>alio</strong></span> <span class='ocrx_word' id='word_1_337' title='bbox 2729 2251 3167 2322; x_wconf 72' lang='lat' dir='ltr'><strong>praetermiserit,</strong></span> <span class='ocrx_word' id='word_1_338' title='bbox 3190 2252 3279 2308; x_wconf 83' lang='lat' dir='ltr'><strong>vel</strong></span> <span class='ocrx_word' id='word_1_339' title='bbox 3305 2252 3503 2322; x_wconf 86' lang='lat' dir='ltr'><strong>reliqui</strong></span> <span class='ocrx_word' id='word_1_340' title='bbox 3525 2252 3625 2307; x_wconf 92' lang='lat' dir='ltr'><strong>alii</strong></span> 
     </span>
    </p>
   </div>
   <div class='ocr_carea' id='block_1_54' title="bbox 2043 2343 3624 2413">
    <p class='ocr_par' dir='ltr' id='par_1_54' title="bbox 2043 2343 3624 2413">
     <span class='ocr_line' id='line_1_54' title="bbox 2043 2343 3624 2413; baseline 0.003 -17"><span class='ocrx_word' id='word_1_341' title='bbox 2043 2344 2348 2398; x_wconf 85' lang='lat' dir='ltr'><strong>tacuerint?</strong></span> <span class='ocrx_word' id='word_1_342' title='bbox 2367 2344 2570 2410; x_wconf 84' lang='lat' dir='ltr'><strong>Quidni</strong></span> <span class='ocrx_word' id='word_1_343' title='bbox 2598 2344 2893 2409; x_wconf 86' lang='lat' dir='ltr'><strong>Manasses,</strong></span> <span class='ocrx_word' id='word_1_344' title='bbox 2935 2359 3060 2398; x_wconf 89' lang='lat' dir='ltr'><strong>cum</strong></span> <span class='ocrx_word' id='word_1_345' title='bbox 3091 2343 3362 2399; x_wconf 89' lang='lat' dir='ltr'><strong>insaniret</strong></span> <span class='ocrx_word' id='word_1_346' title='bbox 3416 2343 3624 2413; x_wconf 88' lang='lat' dir='ltr'><strong>impie-</strong></span> 
     </span>
    </p>
   </div>
   <div class='ocr_carea' id='block_1_55' title="bbox 2041 2434 3627 2505">
    <p class='ocr_par' dir='ltr' id='par_1_55' title="bbox 2041 2434 3627 2505">
     <span class='ocr_line' id='line_1_55' title="bbox 2041 2434 3627 2505; baseline 0.001 -17"><span class='ocrx_word' id='word_1_347' title='bbox 2041 2434 2168 2489; x_wconf 86' lang='lat' dir='ltr'><strong>tatis</strong></span> <span class='ocrx_word' id='word_1_348' title='bbox 2198 2442 2356 2498; x_wconf 83' lang='lat' dir='ltr'><strong>aestu,</strong></span> <span class='ocrx_word' id='word_1_349' title='bbox 2384 2443 2596 2505; x_wconf 89' lang='lat' dir='ltr'><strong>partem</strong></span> <span class='ocrx_word' id='word_1_350' title='bbox 2639 2435 2909 2490; x_wconf 90' lang='lat' dir='ltr'><strong>librorum</strong></span> <span class='ocrx_word' id='word_1_351' title='bbox 2960 2448 3245 2490; x_wconf 89' lang='lat' dir='ltr'><strong>sacrorum</strong></span> <span class='ocrx_word' id='word_1_352' title='bbox 3297 2437 3627 2490; x_wconf 90' lang='lat' dir='ltr'><strong>combusse-</strong></span> 
     </span>
    </p>
   </div>
   <div class='ocr_carea' id='block_1_56' title="bbox 2040 2526 3629 2598">
    <p class='ocr_par' dir='ltr' id='par_1_56' title="bbox 2040 2526 3629 2598">
     <span class='ocr_line' id='line_1_56' title="bbox 2040 2526 3629 2598; baseline 0.001 -18"><span class='ocrx_word' id='word_1_353' title='bbox 2040 2526 2132 2590; x_wconf 88' lang='lat' dir='ltr'><strong>rit,</strong></span> <span class='ocrx_word' id='word_1_354' title='bbox 2163 2526 2430 2597; x_wconf 89' lang='lat' dir='ltr'><strong>reliquam</strong></span> <span class='ocrx_word' id='word_1_355' title='bbox 2458 2537 2645 2598; x_wconf 86' lang='lat' dir='ltr'><strong>postea</strong></span> <span class='ocrx_word' id='word_1_356' title='bbox 2667 2527 2858 2598; x_wconf 88' lang='lat' dir='ltr'><strong>templi</strong></span> <span class='ocrx_word' id='word_1_357' title='bbox 2881 2527 3198 2584; x_wconf 90' lang='lat' dir='ltr'><strong>incendium</strong></span> <span class='ocrx_word' id='word_1_358' title='bbox 3217 2529 3629 2598; x_wconf 78' lang='lat' dir='ltr'><strong>absumpserit?</strong></span> 
     </span>
    </p>
   </div>
   <div class='ocr_carea' id='block_1_57' title="bbox 2112 2606 3629 2690">
    <p class='ocr_par' dir='ltr' id='par_1_57' title="bbox 2112 2606 3629 2690">
     <span class='ocr_line' id='line_1_57' title="bbox 2112 2606 3629 2690; baseline 0.001 -18"><span class='ocrx_word' id='word_1_359' title='bbox 2112 2618 2299 2673; x_wconf 85' lang='lat' dir='ltr'><strong>Tertia</strong></span> <span class='ocrx_word' id='word_1_360' title='bbox 2331 2628 2536 2683; x_wconf 89' lang='lat' dir='ltr'><strong>autem,</strong></span> <span class='ocrx_word' id='word_1_361' title='bbox 2565 2633 2688 2688; x_wconf 68' lang='lat' dir='ltr'><strong>quae</strong></span> <span class='ocrx_word' id='word_1_362' title='bbox 2717 2617 2786 2673; x_wconf 92' lang='lat' dir='ltr'><strong>ad</strong></span> <span class='ocrx_word' id='word_1_363' title='bbox 2808 2606 3162 2674; x_wconf 87' lang='lat' dir='ltr'><strong>Theodorum</strong></span> <span class='ocrx_word' id='word_1_364' title='bbox 3191 2620 3452 2690; x_wconf 88' lang='lat' dir='ltr'><strong>pertinet,</strong></span> <span class='ocrx_word' id='word_1_365' title='bbox 3478 2620 3629 2674; x_wconf 91' lang='lat' dir='ltr'><strong>mul-</strong></span> 
     </span>
    </p>
   </div>
   <div class='ocr_carea' id='block_1_58' title="bbox 2041 2710 3631 2787">
    <p class='ocr_par' dir='ltr' id='par_1_58' title="bbox 2041 2710 3631 2787">
     <span class='ocr_line' id='line_1_58' title="bbox 2041 2710 3631 2787; baseline 0.002 -22"><span class='ocrx_word' id='word_1_366' title='bbox 2041 2718 2269 2780; x_wconf 88' lang='lat' dir='ltr'><strong>tumque</strong></span> <span class='ocrx_word' id='word_1_367' title='bbox 2291 2726 2488 2782; x_wconf 86' lang='lat' dir='ltr'><strong>urgere</strong></span> <span class='ocrx_word' id='word_1_368' title='bbox 2510 2710 2751 2773; x_wconf 83' lang='lat' dir='ltr'><strong>videtur,</strong></span> <span class='ocrx_word' id='word_1_369' title='bbox 2808 2720 3088 2782; x_wconf 88' lang='lat' dir='ltr'><strong>utcunque</strong></span> <span class='ocrx_word' id='word_1_370' title='bbox 3133 2711 3398 2787; x_wconf 85' lang='lat' dir='ltr'><strong>declinari</strong></span> <span class='ocrx_word' id='word_1_371' title='bbox 3438 2719 3631 2781; x_wconf 86' lang='lat' dir='ltr'><strong>potest</strong></span> 
     </span>
    </p>
   </div>
   <div class='ocr_carea' id='block_1_59' title="bbox 2039 2802 3625 2874">
    <p class='ocr_par' dir='ltr' id='par_1_59' title="bbox 2039 2802 3625 2874">
     <span class='ocr_line' id='line_1_59' title="bbox 2039 2802 3625 2874; baseline -0.001 -15"><span class='ocrx_word' id='word_1_372' title='bbox 2039 2819 2109 2860; x_wconf 81' lang='lat' dir='ltr'><strong>ex</strong></span> <span class='ocrx_word' id='word_1_373' title='bbox 2137 2817 2225 2870; x_wconf 87' lang='lat' dir='ltr'><strong>eo,</strong></span> <span class='ocrx_word' id='word_1_374' title='bbox 2254 2803 2399 2874; x_wconf 88' lang='lat' dir='ltr'><strong>quod</strong></span> <span class='ocrx_word' id='word_1_375' title='bbox 2443 2802 2923 2873; x_wconf 90' lang='lat' dir='ltr'><strong>interpretationis</strong></span> <span class='ocrx_word' id='word_1_376' title='bbox 2944 2803 3172 2874; x_wconf 81' lang='lat' dir='ltr'><strong>hujusce</strong></span> <span class='ocrx_word' id='word_1_377' title='bbox 3214 2811 3406 2858; x_wconf 91' lang='lat' dir='ltr'><strong>auctor</strong></span> <span class='ocrx_word' id='word_1_378' title='bbox 3433 2803 3625 2858; x_wconf 85' lang='lat' dir='ltr'><strong>videa-</strong></span> 
     </span>
    </p>
   </div>
   <div class='ocr_carea' id='block_1_60' title="bbox 2041 2894 3627 2965">
    <p class='ocr_par' dir='ltr' id='par_1_60' title="bbox 2041 2894 3627 2965">
     <span class='ocr_line' id='line_1_60' title="bbox 2041 2894 3627 2965; baseline -0.001 -15"><span class='ocrx_word' id='word_1_379' title='bbox 2041 2903 2134 2950; x_wconf 89' lang='lat' dir='ltr'><strong>tur</strong></span> <span class='ocrx_word' id='word_1_380' title='bbox 2157 2894 2215 2951; x_wconf 91' lang='lat' dir='ltr'><strong>in</strong></span> <span class='ocrx_word' id='word_1_381' title='bbox 2247 2911 2376 2950; x_wconf 91' lang='lat' dir='ltr'><strong>eum</strong></span> <span class='ocrx_word' id='word_1_382' title='bbox 2425 2894 2694 2963; x_wconf 89' lang='lat' dir='ltr'><strong>scribere,</strong></span> <span class='ocrx_word' id='word_1_383' title='bbox 2726 2910 2891 2965; x_wconf 90' lang='lat' dir='ltr'><strong>quem</strong></span> <span class='ocrx_word' id='word_1_384' title='bbox 2921 2895 3085 2960; x_wconf 91' lang='lat' dir='ltr'><strong>colat,</strong></span> <span class='ocrx_word' id='word_1_385' title='bbox 3114 2896 3381 2965; x_wconf 84' lang='lat' dir='ltr'><strong>cujusque</strong></span> <span class='ocrx_word' id='word_1_386' title='bbox 3420 2909 3627 2949; x_wconf 81' lang='lat' dir='ltr'><strong>nomen</strong></span> 
     </span>
    </p>
   </div>
   <div class='ocr_carea' id='block_1_61' title="bbox 2040 2985 3632 3059">
    <p class='ocr_par' dir='ltr' id='par_1_61' title="bbox 2040 2985 3632 3059">
     <span class='ocr_line' id='line_1_61' title="bbox 2040 2985 3632 3059; baseline -0.003 -16"><span class='ocrx_word' id='word_1_387' title='bbox 2040 3002 2154 3059; x_wconf 68' lang='lat' dir='ltr'><strong>prae</strong></span> <span class='ocrx_word' id='word_1_388' title='bbox 2184 2987 2495 3043; x_wconf 89' lang='lat' dir='ltr'><strong>reverentia</strong></span> <span class='ocrx_word' id='word_1_389' title='bbox 2517 2986 2681 3042; x_wconf 90' lang='lat' dir='ltr'><strong>silere</strong></span> <span class='ocrx_word' id='word_1_390' title='bbox 2703 2987 2836 3041; x_wconf 86' lang='lat' dir='ltr'><strong>velit</strong></span> <span class='ocrx_word' id='word_1_391' title='bbox 2861 3004 2874 3040; x_wconf 91' lang='lat'><strong>:</strong></span> <span class='ocrx_word' id='word_1_392' title='bbox 2906 2985 3150 3057; x_wconf 89' lang='lat' dir='ltr'><strong>alioquin</strong></span> <span class='ocrx_word' id='word_1_393' title='bbox 3171 3003 3271 3041; x_wconf 91' lang='lat' dir='ltr'><strong>cur</strong></span> <span class='ocrx_word' id='word_1_394' title='bbox 3323 2994 3632 3042; x_wconf 84' lang='lat' dir='ltr'><strong>testaretur</strong></span> 
     </span>
    </p>
   </div>
   <div class='ocr_carea' id='block_1_62' title="bbox 356 3077 3630 3159">
    <p class='ocr_par' dir='ltr' id='par_1_62' title="bbox 356 3077 3630 3159">
     <span class='ocr_line' id='line_1_62' title="bbox 356 3077 3630 3159; baseline -0.002 -23"><span class='ocrx_word' id='word_1_395' title='bbox 356 3080 484 3136; x_wconf 92' lang='lat' dir='ltr'><strong>culo</strong></span> <span class='ocrx_word' id='word_1_396' title='bbox 543 3081 815 3152; x_wconf 88' lang='lat' dir='ltr'><strong>suppositi</strong></span> <span class='ocrx_word' id='word_1_397' title='bbox 871 3094 1002 3140; x_wconf 90' lang='lat' dir='ltr'><strong>sunt</strong></span> <span class='ocrx_word' id='word_1_398' title='bbox 1054 3082 1302 3152; x_wconf 88' lang='lat' dir='ltr'><strong>quinque</strong></span> <span class='ocrx_word' id='word_1_399' title='bbox 1356 3082 1711 3137; x_wconf 90' lang='lat' dir='ltr'><strong>historiarum</strong></span> <span class='ocrx_word' id='word_1_400' title='bbox 1769 3081 1932 3137; x_wconf 90' lang='lat' dir='ltr'><strong>libri:</strong></span> <span class='ocrx_word' id='word_1_401' title='bbox 1962 3098 2008 3159; x_wconf 72' lang='grc' dir='ltr'><strong>α</strong></span> <span class='ocrx_word' id='word_1_402' title='bbox 2041 3095 2101 3136; x_wconf 91' lang='lat' dir='ltr'><strong>se</strong></span> <span class='ocrx_word' id='word_1_403' title='bbox 2132 3079 2202 3135; x_wconf 92' lang='lat' dir='ltr'><strong>ad</strong></span> <span class='ocrx_word' id='word_1_404' title='bbox 2229 3094 2369 3151; x_wconf 90' lang='lat' dir='ltr'><strong>opus</strong></span> <span class='ocrx_word' id='word_1_405' title='bbox 2403 3078 2612 3151; x_wconf 91' lang='lat' dir='ltr'><strong>impelli</strong></span> <span class='ocrx_word' id='word_1_406' title='bbox 2639 3078 2925 3150; x_wconf 88' lang='lat' dir='ltr'><strong>religionis</strong></span> <span class='ocrx_word' id='word_1_407' title='bbox 2945 3078 3148 3144; x_wconf 88' lang='lat' dir='ltr'><strong>studio,</strong></span> <span class='ocrx_word' id='word_1_408' title='bbox 3184 3087 3242 3134; x_wconf 92' lang='lat' dir='ltr'><strong>et</strong></span> <span class='ocrx_word' id='word_1_409' title='bbox 3267 3077 3630 3133; x_wconf 87' lang='lat' dir='ltr'><strong>veneratione</strong></span> 
     </span>
    </p>
   </div>
   <div class='ocr_carea' id='block_1_63' title="bbox 356 3171 1932 3245">
    <p class='ocr_par' dir='ltr' id='par_1_63' title="bbox 356 3171 1932 3245">
     <span class='ocr_line' id='line_1_63' title="bbox 356 3171 1932 3245; baseline 0.001 -18"><span class='ocrx_word' id='word_1_410' title='bbox 356 3171 552 3243; x_wconf 91' lang='lat' dir='ltr'><strong>quidni</strong></span> <span class='ocrx_word' id='word_1_411' title='bbox 578 3173 889 3244; x_wconf 89' lang='lat' dir='ltr'><strong>suppositio</strong></span> <span class='ocrx_word' id='word_1_412' title='bbox 914 3173 1274 3229; x_wconf 89' lang='lat' dir='ltr'><strong>historiarum</strong></span> <span class='ocrx_word' id='word_1_413' title='bbox 1306 3171 1655 3229; x_wconf 88' lang='lat' dir='ltr'><strong>Gennadium</strong></span> <span class='ocrx_word' id='word_1_414' title='bbox 1685 3173 1932 3245; x_wconf 92' lang='lat' dir='ltr'><strong>ejusdem</strong></span> 
     </span>
    </p>
   </div>
   <div class='ocr_carea' id='block_1_64' title="bbox 357 3262 1936 3334">
    <p class='ocr_par' dir='ltr' id='par_1_64' title="bbox 357 3262 1936 3334">
     <span class='ocr_line' id='line_1_64' title="bbox 357 3262 1936 3334; baseline 0.001 -16"><span class='ocrx_word' id='word_1_415' title='bbox 357 3277 485 3318; x_wconf 91' lang='lat' dir='ltr'><strong>cum</strong></span> <span class='ocrx_word' id='word_1_416' title='bbox 507 3262 860 3319; x_wconf 89' lang='lat' dir='ltr'><strong>Theodoreto</strong></span> <span class='ocrx_word' id='word_1_417' title='bbox 883 3264 1069 3320; x_wconf 65' lang='lat' dir='ltr'><strong>saeculi</strong></span> <span class='ocrx_word' id='word_1_418' title='bbox 1098 3263 1426 3334; x_wconf 88' lang='lat' dir='ltr'><strong>scriptorem</strong></span> <span class='ocrx_word' id='word_1_419' title='bbox 1454 3263 1713 3319; x_wconf 89' lang='lat' dir='ltr'><strong>Latinum</strong></span> <span class='ocrx_word' id='word_1_420' title='bbox 1744 3264 1936 3331; x_wconf 88' lang='lat' dir='ltr'><strong>latuit;</strong></span> 
     </span>
    </p>
   </div>
   <div class='ocr_carea' id='block_1_65' title="bbox 359 3352 1937 3424">
    <p class='ocr_par' dir='ltr' id='par_1_65' title="bbox 359 3352 1937 3424">
     <span class='ocr_line' id='line_1_65' title="bbox 359 3352 1937 3424; baseline 0.001 -17"><span class='ocrx_word' id='word_1_421' title='bbox 359 3353 435 3408; x_wconf 87' lang='lat' dir='ltr'><strong>ita</strong></span> <span class='ocrx_word' id='word_1_422' title='bbox 460 3352 983 3409; x_wconf 89' lang='lat' dir='ltr'><strong>commentariorum</strong></span> <span class='ocrx_word' id='word_1_423' title='bbox 1006 3352 1315 3423; x_wconf 90' lang='lat' dir='ltr'><strong>suppositio</strong></span> <span class='ocrx_word' id='word_1_424' title='bbox 1341 3354 1544 3408; x_wconf 89' lang='lat' dir='ltr'><strong>nesciri</strong></span> <span class='ocrx_word' id='word_1_425' title='bbox 1566 3354 1750 3424; x_wconf 92' lang='lat' dir='ltr'><strong>potuit</strong></span> <span class='ocrx_word' id='word_1_426' title='bbox 1770 3370 1801 3409; x_wconf 92' lang='lat' dir='ltr'><strong>a</strong></span> <span class='ocrx_word' id='word_1_427' title='bbox 1829 3353 1937 3409; x_wconf 83' lang='lat' dir='ltr'><strong>La-</strong></span> 
     </span>
    </p>
   </div>
   <div class='ocr_carea' id='block_1_66' title="bbox 359 3443 1621 3515">
    <p class='ocr_par' dir='ltr' id='par_1_66' title="bbox 359 3443 1621 3515">
     <span class='ocr_line' id='line_1_66' title="bbox 359 3443 1621 3515; baseline 0.002 -17"><span class='ocrx_word' id='word_1_428' title='bbox 359 3443 478 3499; x_wconf 89' lang='lat' dir='ltr'><strong>tino</strong></span> <span class='ocrx_word' id='word_1_429' title='bbox 505 3443 928 3500; x_wconf 71' lang='lat' dir='ltr'><strong>alteriusszeculi</strong></span> <span class='ocrx_word' id='word_1_430' title='bbox 972 3444 1297 3514; x_wconf 89' lang='lat' dir='ltr'><strong>posterioris</strong></span> <span class='ocrx_word' id='word_1_431' title='bbox 1331 3444 1621 3515; x_wconf 78' lang='lat' dir='ltr'><strong>Gregorio.</strong></span> 
     </span>
    </p>
   </div>
   <div class='ocr_carea' id='block_1_67' title="bbox 438 3532 1936 3608">
    <p class='ocr_par' dir='ltr' id='par_1_67' title="bbox 438 3532 1936 3608">
     <span class='ocr_line' id='line_1_67' title="bbox 438 3532 1936 3608; baseline 0.003 -20"><span class='ocrx_word' id='word_1_432' title='bbox 438 3532 530 3588; x_wconf 83' lang='lat' dir='ltr'><strong>XI.</strong></span> <span class='ocrx_word' id='word_1_433' title='bbox 559 3533 715 3590; x_wconf 81' lang='lat' dir='ltr'><strong>Adde</strong></span> <span class='ocrx_word' id='word_1_434' title='bbox 738 3535 887 3606; x_wconf 90' lang='lat' dir='ltr'><strong>quod</strong></span> <span class='ocrx_word' id='word_1_435' title='bbox 913 3534 1222 3591; x_wconf 85' lang='lat' dir='ltr'><strong>Ezechielis</strong></span> <span class='ocrx_word' id='word_1_436' title='bbox 1270 3535 1426 3591; x_wconf 90' lang='lat' dir='ltr'><strong>locus</strong></span> <span class='ocrx_word' id='word_1_437' title='bbox 1455 3535 1618 3592; x_wconf 87' lang='lat' dir='ltr'><strong>facile</strong></span> <span class='ocrx_word' id='word_1_438' title='bbox 1666 3537 1850 3608; x_wconf 89' lang='lat' dir='ltr'><strong>potuit</strong></span> <span class='ocrx_word' id='word_1_439' title='bbox 1877 3538 1936 3593; x_wconf 92' lang='lat' dir='ltr'><strong>in</strong></span> 
     </span>
    </p>
   </div>
   <div class='ocr_carea' id='block_1_68' title="bbox 357 3625 1937 3700">
    <p class='ocr_par' dir='ltr' id='par_1_68' title="bbox 357 3625 1937 3700">
     <span class='ocr_line' id='line_1_68' title="bbox 357 3625 1937 3700; baseline 0.001 -19"><span class='ocrx_word' id='word_1_440' title='bbox 357 3625 618 3682; x_wconf 90' lang='lat' dir='ltr'><strong>eumdem</strong></span> <span class='ocrx_word' id='word_1_441' title='bbox 669 3641 894 3682; x_wconf 87' lang='lat' dir='ltr'><strong>sensum</strong></span> <span class='ocrx_word' id='word_1_442' title='bbox 938 3641 969 3680; x_wconf 93' lang='lat' dir='ltr'><strong>a</strong></span> <span class='ocrx_word' id='word_1_443' title='bbox 1007 3625 1226 3682; x_wconf 87' lang='lat' dir='ltr'><strong>duobus</strong></span> <span class='ocrx_word' id='word_1_444' title='bbox 1276 3628 1673 3684; x_wconf 90' lang='lat' dir='ltr'><strong>tractatoribus</strong></span> <span class='ocrx_word' id='word_1_445' title='bbox 1714 3630 1937 3700; x_wconf 80' lang='lat' dir='ltr'><strong>exponi,</strong></span> 
     </span>
    </p>
   </div>
   <div class='ocr_carea' id='block_1_69' title="bbox 358 3712 1941 3789">
    <p class='ocr_par' dir='ltr' id='par_1_69' title="bbox 358 3712 1941 3789">
     <span class='ocr_line' id='line_1_69' title="bbox 358 3712 1941 3789; baseline 0.005 -21"><span class='ocrx_word' id='word_1_446' title='bbox 358 3726 487 3768; x_wconf 89' lang='lat' dir='ltr'><strong>cum</strong></span> <span class='ocrx_word' id='word_1_447' title='bbox 513 3712 583 3769; x_wconf 91' lang='lat' dir='ltr'><strong>ab</strong></span> <span class='ocrx_word' id='word_1_448' title='bbox 633 3713 893 3770; x_wconf 91' lang='lat' dir='ltr'><strong>omnibus</strong></span> <span class='ocrx_word' id='word_1_449' title='bbox 927 3731 1040 3771; x_wconf 95' lang='lat' dir='ltr'><strong>uno</strong></span> <span class='ocrx_word' id='word_1_450' title='bbox 1065 3715 1181 3773; x_wconf 89' lang='lat' dir='ltr'><strong>fere</strong></span> <span class='ocrx_word' id='word_1_451' title='bbox 1246 3717 1412 3774; x_wconf 90' lang='lat' dir='ltr'><strong>modo</strong></span> <span class='ocrx_word' id='word_1_452' title='bbox 1454 3718 1784 3789; x_wconf 79' lang='lat' dir='ltr'><strong>explicetur,</strong></span> <span class='ocrx_word' id='word_1_453' title='bbox 1833 3735 1941 3776; x_wconf 90' lang='lat' dir='ltr'><strong>nec</strong></span> 
     </span>
    </p>
   </div>
   <div class='ocr_carea' id='block_1_70' title="bbox 359 3801 1939 3883">
    <p class='ocr_par' dir='ltr' id='par_1_70' title="bbox 359 3801 1939 3883">
     <span class='ocr_line' id='line_1_70' title="bbox 359 3801 1939 3883; baseline 0.004 -21"><span class='ocrx_word' id='word_1_454' title='bbox 359 3801 587 3862; x_wconf 88' lang='lat' dir='ltr'><strong>dubiam</strong></span> <span class='ocrx_word' id='word_1_455' title='bbox 632 3805 833 3864; x_wconf 88' lang='lat' dir='ltr'><strong>habeat</strong></span> <span class='ocrx_word' id='word_1_456' title='bbox 882 3808 1358 3881; x_wconf 88' lang='lat' dir='ltr'><strong>multiplicemque</strong></span> <span class='ocrx_word' id='word_1_457' title='bbox 1409 3811 1686 3883; x_wconf 85' lang='lat' dir='ltr'><strong>allegoriae</strong></span> <span class='ocrx_word' id='word_1_458' title='bbox 1730 3812 1939 3868; x_wconf 90' lang='lat' dir='ltr'><strong>intelli-</strong></span> 
     </span>
    </p>
   </div>
   <div class='ocr_carea' id='block_1_71' title="bbox 361 3891 1193 3966">
    <p class='ocr_par' dir='ltr' id='par_1_71' title="bbox 361 3891 1193 3966">
     <span class='ocr_line' id='line_1_71' title="bbox 361 3891 1193 3966; baseline 0.002 -16"><span class='ocrx_word' id='word_1_459' title='bbox 361 3896 628 3966; x_wconf 83' lang='lat' dir='ltr'><strong>gentiam.</strong></span> <span class='ocrx_word' id='word_1_460' title='bbox 1182 3891 1193 3903; x_wconf 80' lang='grc'><em>’</em></span> 
     </span>
    </p>
   </div>
   <div class='ocr_carea' id='block_1_72' title="bbox 432 3986 1939 4061">
    <p class='ocr_par' dir='ltr' id='par_1_72' title="bbox 432 3986 1939 4061">
     <span class='ocr_line' id='line_1_72' title="bbox 432 3986 1939 4061; baseline 0.007 -19"><span class='ocrx_word' id='word_1_461' title='bbox 432 3988 451 4007; x_wconf 73' lang='grc'><strong><em>⁸</em></strong></span> <span class='ocrx_word' id='word_1_462' title='bbox 480 3986 597 4043; x_wconf 82' lang='lat' dir='ltr'><strong>XII.</strong></span> <span class='ocrx_word' id='word_1_463' title='bbox 635 3987 787 4045; x_wconf 79' lang='lat' dir='ltr'><strong>Adde</strong></span> <span class='ocrx_word' id='word_1_464' title='bbox 808 3988 997 4058; x_wconf 89' lang='lat' dir='ltr'><strong>etiam,</strong></span> <span class='ocrx_word' id='word_1_465' title='bbox 1048 3990 1196 4061; x_wconf 92' lang='lat' dir='ltr'><strong>quod</strong></span> <span class='ocrx_word' id='word_1_466' title='bbox 1225 3991 1283 4046; x_wconf 89' lang='lat' dir='ltr'><strong>in</strong></span> <span class='ocrx_word' id='word_1_467' title='bbox 1334 3994 1765 4050; x_wconf 89' lang='lat' dir='ltr'><strong>commentarios</strong></span> <span class='ocrx_word' id='word_1_468' title='bbox 1807 4011 1939 4054; x_wconf 92' lang='lat' dir='ltr'><strong>suos</strong></span> 
     </span>
    </p>
   </div>
   <div class='ocr_carea' id='block_1_73' title="bbox 362 4075 1935 4154">
    <p class='ocr_par' dir='ltr' id='par_1_73' title="bbox 362 4075 1935 4154">
     <span class='ocr_line' id='line_1_73' title="bbox 362 4075 1935 4154; baseline 0.006 -21"><span class='ocrx_word' id='word_1_469' title='bbox 362 4075 419 4133; x_wconf 88' lang='lat' dir='ltr'><strong>in</strong></span> <span class='ocrx_word' id='word_1_470' title='bbox 466 4076 812 4136; x_wconf 80' lang='lat' dir='ltr'><strong>Ezechielem</strong></span> <span class='ocrx_word' id='word_1_471' title='bbox 865 4080 1250 4138; x_wconf 84' lang='lat' dir='ltr'><strong>Theodoretus</strong></span> <span class='ocrx_word' id='word_1_472' title='bbox 1294 4085 1539 4154; x_wconf 91' lang='lat' dir='ltr'><strong>potuerit</strong></span> <span class='ocrx_word' id='word_1_473' title='bbox 1592 4086 1935 4153; x_wconf 85' lang='lat' dir='ltr'><strong>transferre,</strong></span> 
     </span>
    </p>
   </div>
   <div class='ocr_carea' id='block_1_74' title="bbox 361 4168 1935 4246">
    <p class='ocr_par' dir='ltr' id='par_1_74' title="bbox 361 4168 1935 4246">
     <span class='ocr_line' id='line_1_74' title="bbox 361 4168 1935 4246; baseline 0.007 -23"><span class='ocrx_word' id='word_1_474' title='bbox 361 4168 510 4239; x_wconf 89' lang='lat' dir='ltr'><strong>quod</strong></span> <span class='ocrx_word' id='word_1_475' title='bbox 542 4170 612 4225; x_wconf 90' lang='lat' dir='ltr'><strong>ab</strong></span> <span class='ocrx_word' id='word_1_476' title='bbox 637 4171 952 4243; x_wconf 89' lang='lat' dir='ltr'><strong>antiquiore</strong></span> <span class='ocrx_word' id='word_1_477' title='bbox 990 4172 1179 4229; x_wconf 89' lang='lat' dir='ltr'><strong>forsan</strong></span> <span class='ocrx_word' id='word_1_478' title='bbox 1219 4184 1533 4246; x_wconf 86' lang='lat' dir='ltr'><strong>sumpserat</strong></span> <span class='ocrx_word' id='word_1_479' title='bbox 1581 4175 1935 4234; x_wconf 89' lang='lat' dir='ltr'><strong>Canticorum</strong></span> 
     </span>
    </p>
   </div>
   <div class='ocr_carea' id='block_1_75' title="bbox 362 4255 1939 4340">
    <p class='ocr_par' dir='ltr' id='par_1_75' title="bbox 362 4255 1939 4340">
     <span class='ocr_line' id='line_1_75' title="bbox 362 4255 1939 4340; baseline 0.008 -28"><span class='ocrx_word' id='word_1_480' title='bbox 362 4255 695 4329; x_wconf 88' lang='lat' dir='ltr'><strong>interprete:</strong></span> <span class='ocrx_word' id='word_1_481' title='bbox 747 4263 991 4318; x_wconf 90' lang='lat' dir='ltr'><strong>mutuari</strong></span> <span class='ocrx_word' id='word_1_482' title='bbox 1038 4263 1189 4319; x_wconf 90' lang='lat' dir='ltr'><strong>enim</strong></span> <span class='ocrx_word' id='word_1_483' title='bbox 1236 4265 1378 4320; x_wconf 88' lang='lat' dir='ltr'><strong>solet</strong></span> <span class='ocrx_word' id='word_1_484' title='bbox 1432 4281 1542 4321; x_wconf 92' lang='lat' dir='ltr'><strong>non</strong></span> <span class='ocrx_word' id='word_1_485' title='bbox 1571 4282 1766 4337; x_wconf 89' lang='lat' dir='ltr'><strong>pauca,</strong></span> <span class='ocrx_word' id='word_1_486' title='bbox 1816 4286 1939 4340; x_wconf 85' lang='lat' dir='ltr'><strong>quae</strong></span> 
     </span>
    </p>
   </div>
   <div class='ocr_carea' id='block_1_76' title="bbox 362 4348 1937 4426">
    <p class='ocr_par' dir='ltr' id='par_1_76' title="bbox 362 4348 1937 4426">
     <span class='ocr_line' id='line_1_76' title="bbox 362 4348 1937 4426; baseline 0.007 -22"><span class='ocrx_word' id='word_1_487' title='bbox 362 4348 481 4404; x_wconf 84' lang='lat' dir='ltr'><strong>suis</strong></span> <span class='ocrx_word' id='word_1_488' title='bbox 538 4350 763 4421; x_wconf 86' lang='lat' dir='ltr'><strong>scriptis</strong></span> <span class='ocrx_word' id='word_1_489' title='bbox 817 4350 1045 4408; x_wconf 87' lang='lat' dir='ltr'><strong>inserat.</strong></span> <span class='ocrx_word' id='word_1_490' title='bbox 1100 4353 1218 4421; x_wconf 85' lang='lat' dir='ltr'><strong>Qua</strong></span> <span class='ocrx_word' id='word_1_491' title='bbox 1257 4357 1616 4426; x_wconf 86' lang='lat' dir='ltr'><strong>responsione</strong></span> <span class='ocrx_word' id='word_1_492' title='bbox 1670 4358 1937 4416; x_wconf 82' lang='lat' dir='ltr'><strong>declinari</strong></span> 
     </span>
    </p>
   </div>
   <div class='ocr_carea' id='block_1_77' title="bbox 2047 3166 3628 3241">
    <p class='ocr_par' dir='ltr' id='par_1_77' title="bbox 2047 3166 3628 3241">
     <span class='ocr_line' id='line_1_77' title="bbox 2047 3166 3628 3241; baseline -0.003 -14"><span class='ocrx_word' id='word_1_493' title='bbox 2047 3171 2293 3237; x_wconf 87' lang='lat' dir='ltr'><strong>Patrum,</strong></span> <span class='ocrx_word' id='word_1_494' title='bbox 2310 3185 2449 3241; x_wconf 90' lang='lat' dir='ltr'><strong>quos</strong></span> <span class='ocrx_word' id='word_1_495' title='bbox 2474 3170 2745 3235; x_wconf 89' lang='lat' dir='ltr'><strong>nominat,</strong></span> <span class='ocrx_word' id='word_1_496' title='bbox 2768 3168 3019 3235; x_wconf 90' lang='lat' dir='ltr'><strong>Eusebii,</strong></span> <span class='ocrx_word' id='word_1_497' title='bbox 3048 3167 3321 3240; x_wconf 85' lang='lat' dir='ltr'><strong>Origenis,</strong></span> <span class='ocrx_word' id='word_1_498' title='bbox 3338 3166 3628 3240; x_wconf 83' lang='lat' dir='ltr'><strong>Cypriani,</strong></span> 
     </span>
    </p>
   </div>
   <div class='ocr_carea' id='block_1_78' title="bbox 2042 3258 3633 3332">
    <p class='ocr_par' dir='ltr' id='par_1_78' title="bbox 2042 3258 3633 3332">
     <span class='ocr_line' id='line_1_78' title="bbox 2042 3258 3633 3332; baseline -0.004 -15"><span class='ocrx_word' id='word_1_499' title='bbox 2042 3261 2251 3325; x_wconf 89' lang='lat' dir='ltr'><strong>Basilii,</strong></span> <span class='ocrx_word' id='word_1_500' title='bbox 2274 3262 2563 3331; x_wconf 90' lang='lat' dir='ltr'><strong>utriusque</strong></span> <span class='ocrx_word' id='word_1_501' title='bbox 2581 3258 2852 3332; x_wconf 88' lang='lat' dir='ltr'><strong>Gregorii,</strong></span> <span class='ocrx_word' id='word_1_502' title='bbox 2879 3258 3102 3314; x_wconf 90' lang='lat' dir='ltr'><strong>Diodori</strong></span> <span class='ocrx_word' id='word_1_503' title='bbox 3131 3266 3190 3314; x_wconf 90' lang='lat' dir='ltr'><strong>et</strong></span> <span class='ocrx_word' id='word_1_504' title='bbox 3209 3258 3460 3317; x_wconf 84' lang='lat' dir='ltr'><strong>Joannis.</strong></span> <span class='ocrx_word' id='word_1_505' title='bbox 3482 3273 3633 3327; x_wconf 88' lang='lat' dir='ltr'><strong>quos</strong></span> 
     </span>
    </p>
   </div>
   <div class='ocr_carea' id='block_1_79' title="bbox 2041 3348 3630 3423">
    <p class='ocr_par' dir='ltr' id='par_1_79' title="bbox 2041 3348 3630 3423">
     <span class='ocr_line' id='line_1_79' title="bbox 2041 3348 3630 3423; baseline -0.006 -13"><span class='ocrx_word' id='word_1_506' title='bbox 2041 3353 2384 3423; x_wconf 86' lang='lat' dir='ltr'><strong>despexisset</strong></span> <span class='ocrx_word' id='word_1_507' title='bbox 2431 3352 2543 3416; x_wconf 90' lang='lat' dir='ltr'><strong>ille,</strong></span> <span class='ocrx_word' id='word_1_508' title='bbox 2579 3366 2744 3421; x_wconf 91' lang='lat' dir='ltr'><strong>quem</strong></span> <span class='ocrx_word' id='word_1_509' title='bbox 2777 3349 3093 3420; x_wconf 87' lang='lat' dir='ltr'><strong>impugnat?</strong></span> <span class='ocrx_word' id='word_1_510' title='bbox 3155 3348 3269 3403; x_wconf 85' lang='lat' dir='ltr'><strong>Hos</strong></span> <span class='ocrx_word' id='word_1_511' title='bbox 3317 3356 3466 3404; x_wconf 89' lang='lat' dir='ltr'><strong>certe</strong></span> <span class='ocrx_word' id='word_1_512' title='bbox 3510 3362 3630 3402; x_wconf 90' lang='lat' dir='ltr'><strong>non</strong></span> 
     </span>
    </p>
   </div>
   <div class='ocr_carea' id='block_1_80' title="bbox 2040 3440 3219 3517">
    <p class='ocr_par' dir='ltr' id='par_1_80' title="bbox 2040 3440 3219 3517">
     <span class='ocr_line' id='line_1_80' title="bbox 2040 3440 3219 3517; baseline -0.005 -17"><span class='ocrx_word' id='word_1_513' title='bbox 2040 3461 2233 3517; x_wconf 89' lang='lat' dir='ltr'><strong>parum</strong></span> <span class='ocrx_word' id='word_1_514' title='bbox 2259 3443 2575 3515; x_wconf 87' lang='lat' dir='ltr'><strong>despexisse</strong></span> <span class='ocrx_word' id='word_1_515' title='bbox 2602 3441 2930 3497; x_wconf 89' lang='lat' dir='ltr'><strong>Theodorus</strong></span> <span class='ocrx_word' id='word_1_516' title='bbox 2962 3440 3219 3496; x_wconf 87' lang='lat' dir='ltr'><strong>traditur.</strong></span> 
     </span>
    </p>
   </div>
   <div class='ocr_carea' id='block_1_81' title="bbox 2108 3532 3623 3600">
    <p class='ocr_par' dir='ltr' id='par_1_81' title="bbox 2108 3532 3623 3600">
     <span class='ocr_line' id='line_1_81' title="bbox 2108 3532 3623 3600; baseline -0.006 -7"><span class='ocrx_word' id='word_1_517' title='bbox 2108 3537 2220 3593; x_wconf 91' lang='lat' dir='ltr'><strong>Cur</strong></span> <span class='ocrx_word' id='word_1_518' title='bbox 2246 3538 2365 3592; x_wconf 77' lang='lat' dir='ltr'><strong>haec</strong></span> <span class='ocrx_word' id='word_1_519' title='bbox 2394 3534 2626 3591; x_wconf 88' lang='lat' dir='ltr'><strong>adderet</strong></span> <span class='ocrx_word' id='word_1_520' title='bbox 2655 3533 2740 3588; x_wconf 71' lang='grc' dir='ltr'><strong>ὀἳ</strong></span> <span class='ocrx_word' id='word_1_521' title='bbox 2779 3553 2797 3584; x_wconf 71' lang='grc' dir='ltr'><strong>ε</strong></span> <span class='ocrx_word' id='word_1_522' title='bbox 2819 3532 3250 3589; x_wconf 86' lang='lat' dir='ltr'><strong>Consideremus</strong></span> <span class='ocrx_word' id='word_1_523' title='bbox 3293 3548 3361 3586; x_wconf 90' lang='lat' dir='ltr'><strong>an</strong></span> <span class='ocrx_word' id='word_1_524' title='bbox 3394 3545 3623 3600; x_wconf 63' lang='lat' dir='ltr'><strong>aequum</strong></span> 
     </span>
    </p>
   </div>
   <div class='ocr_carea' id='block_1_82' title="bbox 2040 3623 3634 3696">
    <p class='ocr_par' dir='ltr' id='par_1_82' title="bbox 2040 3623 3634 3696">
     <span class='ocr_line' id='line_1_82' title="bbox 2040 3623 3634 3696; baseline -0.005 -13"><span class='ocrx_word' id='word_1_525' title='bbox 2040 3627 2111 3683; x_wconf 87' lang='lat' dir='ltr'><strong>sit</strong></span> <span class='ocrx_word' id='word_1_526' title='bbox 2140 3636 2222 3692; x_wconf 86' lang='lat' dir='ltr'><strong>ut,</strong></span> <span class='ocrx_word' id='word_1_527' title='bbox 2290 3635 2374 3682; x_wconf 91' lang='lat' dir='ltr'><strong>tot</strong></span> <span class='ocrx_word' id='word_1_528' title='bbox 2414 3625 2693 3696; x_wconf 90' lang='lat' dir='ltr'><strong>tantisque</strong></span> <span class='ocrx_word' id='word_1_529' title='bbox 2746 3624 2881 3680; x_wconf 91' lang='lat' dir='ltr'><strong>viris</strong></span> <span class='ocrx_word' id='word_1_530' title='bbox 2930 3623 3228 3694; x_wconf 88' lang='lat' dir='ltr'><strong>despectis,</strong></span> <span class='ocrx_word' id='word_1_531' title='bbox 3279 3630 3634 3691; x_wconf 89' lang='lat' dir='ltr'><strong>contempto-</strong></span> 
     </span>
    </p>
   </div>
   <div class='ocr_carea' id='block_1_83' title="bbox 2040 3714 3632 3789">
    <p class='ocr_par' dir='ltr' id='par_1_83' title="bbox 2040 3714 3632 3789">
     <span class='ocr_line' id='line_1_83' title="bbox 2040 3714 3632 3789; baseline -0.002 -16"><span class='ocrx_word' id='word_1_532' title='bbox 2040 3735 2147 3789; x_wconf 88' lang='lat' dir='ltr'><strong>que</strong></span> <span class='ocrx_word' id='word_1_533' title='bbox 2172 3720 2291 3789; x_wconf 91' lang='lat' dir='ltr'><strong>ipso</strong></span> <span class='ocrx_word' id='word_1_534' title='bbox 2314 3718 2526 3789; x_wconf 89' lang='lat' dir='ltr'><strong>Spiritu</strong></span> <span class='ocrx_word' id='word_1_535' title='bbox 2550 3720 2762 3782; x_wconf 84' lang='lat' dir='ltr'><strong>saneto,</strong></span> <span class='ocrx_word' id='word_1_536' title='bbox 2805 3716 3058 3788; x_wconf 89' lang='lat' dir='ltr'><strong>proprias</strong></span> <span class='ocrx_word' id='word_1_537' title='bbox 3100 3714 3392 3786; x_wconf 88' lang='lat' dir='ltr'><strong>opiniones</strong></span> <span class='ocrx_word' id='word_1_538' title='bbox 3428 3729 3632 3770; x_wconf 89' lang='lat' dir='ltr'><strong>conse-</strong></span> 
     </span>
    </p>
   </div>
   <div class='ocr_carea' id='block_1_84' title="bbox 2039 3804 3628 3877">
    <p class='ocr_par' dir='ltr' id='par_1_84' title="bbox 2039 3804 3628 3877">
     <span class='ocr_line' id='line_1_84' title="bbox 2039 3804 3628 3877; baseline -0.002 -15"><span class='ocrx_word' id='word_1_539' title='bbox 2039 3818 2279 3871; x_wconf 77' lang='lat' dir='ltr'><strong>ctcmur,</strong></span> <span class='ocrx_word' id='word_1_540' title='bbox 2318 3822 2430 3861; x_wconf 92' lang='lat' dir='ltr'><strong>non</strong></span> <span class='ocrx_word' id='word_1_541' title='bbox 2476 3806 2767 3862; x_wconf 91' lang='lat' dir='ltr'><strong>audientes</strong></span> <span class='ocrx_word' id='word_1_542' title='bbox 2815 3821 2965 3871; x_wconf 89' lang='lat' dir='ltr'><strong>eum,</strong></span> <span class='ocrx_word' id='word_1_543' title='bbox 3017 3805 3109 3877; x_wconf 89' lang='lat' dir='ltr'><strong>qui</strong></span> <span class='ocrx_word' id='word_1_544' title='bbox 3146 3805 3406 3876; x_wconf 86' lang='lat' dir='ltr'><strong>praeclare</strong></span> <span class='ocrx_word' id='word_1_545' title='bbox 3451 3804 3628 3859; x_wconf 83' lang='lat' dir='ltr'><strong>dixit:</strong></span> 
     </span>
    </p>
   </div>
   <div class='ocr_carea' id='block_1_85' title="bbox 2040 3894 3632 3970">
    <p class='ocr_par' dir='ltr' id='par_1_85' title="bbox 2040 3894 3632 3970">
     <span class='ocr_line' id='line_1_85' title="bbox 2040 3894 3632 3970; baseline -0.003 -16"><span class='ocrx_word' id='word_1_546' title='bbox 2040 3896 2397 3970; x_wconf 79' lang='lat' dir='ltr'><strong>Cogitationes</strong></span> <span class='ocrx_word' id='word_1_547' title='bbox 2419 3896 2734 3951; x_wconf 83' lang='lat' dir='ltr'><strong>mortalium</strong></span> <span class='ocrx_word' id='word_1_548' title='bbox 2757 3896 2981 3961; x_wconf 62' lang='lat' dir='ltr'><strong>timida,</strong></span> <span class='ocrx_word' id='word_1_549' title='bbox 3016 3904 3064 3949; x_wconf 82' lang='lat' dir='ltr'><strong>et</strong></span> <span class='ocrx_word' id='word_1_550' title='bbox 3099 3898 3312 3951; x_wconf 68' lang='lat' dir='ltr'><strong>incertat</strong></span> <span class='ocrx_word' id='word_1_551' title='bbox 3342 3894 3632 3967; x_wconf 80' lang='lat' dir='ltr'><strong>providen-</strong></span> 
     </span>
    </p>
   </div>
   <div class='ocr_carea' id='block_1_86' title="bbox 2043 3988 3631 4062">
    <p class='ocr_par' dir='ltr' id='par_1_86' title="bbox 2043 3988 3631 4062">
     <span class='ocr_line' id='line_1_86' title="bbox 2043 3988 3631 4062; baseline -0.002 -17"><span class='ocrx_word' id='word_1_552' title='bbox 2043 3993 2385 4062; x_wconf 76' lang='lat' dir='ltr'><strong>ticeipsorum</strong></span> <span class='ocrx_word' id='word_1_553' title='bbox 2415 4000 2472 4057; x_wconf 86' lang='lat' dir='ltr'><strong>c;</strong></span> <span class='ocrx_word' id='word_1_554' title='bbox 2497 3998 2556 4044; x_wconf 88' lang='lat' dir='ltr'><strong>et</strong></span> <span class='ocrx_word' id='word_1_555' title='bbox 2577 3988 2800 4044; x_wconf 88' lang='lat' dir='ltr'><strong>beatum</strong></span> <span class='ocrx_word' id='word_1_556' title='bbox 2828 3989 3057 4044; x_wconf 90' lang='lat' dir='ltr'><strong>Paulum</strong></span> <span class='ocrx_word' id='word_1_557' title='bbox 3095 3988 3163 4044; x_wconf 91' lang='lat' dir='ltr'><strong>de</strong></span> <span class='ocrx_word' id='word_1_558' title='bbox 3192 3988 3524 4059; x_wconf 88' lang='lat' dir='ltr'><strong>quibusdam</strong></span> <span class='ocrx_word' id='word_1_559' title='bbox 3551 3988 3631 4043; x_wconf 85' lang='lat' dir='ltr'><strong>ita</strong></span> 
     </span>
    </p>
   </div>
   <div class='ocr_carea' id='block_1_87' title="bbox 2037 4080 3631 4154">
    <p class='ocr_par' dir='ltr' id='par_1_87' title="bbox 2037 4080 3631 4154">
     <span class='ocr_line' id='line_1_87' title="bbox 2037 4080 3631 4154; baseline -0.003 -15"><span class='ocrx_word' id='word_1_560' title='bbox 2037 4086 2387 4154; x_wconf 89' lang='lat' dir='ltr'><strong>loquentem:</strong></span> <span class='ocrx_word' id='word_1_561' title='bbox 2437 4080 2788 4136; x_wconf 82' lang='lat' dir='ltr'><strong>Evanuerunt</strong></span> <span class='ocrx_word' id='word_1_562' title='bbox 2838 4081 2895 4133; x_wconf 81' lang='lat' dir='ltr'><strong>in</strong></span> <span class='ocrx_word' id='word_1_563' title='bbox 2952 4080 3356 4151; x_wconf 77' lang='lat' dir='ltr'><strong>cogitationibus</strong></span> <span class='ocrx_word' id='word_1_564' title='bbox 3396 4080 3528 4143; x_wconf 78' lang='lat' dir='ltr'><strong>suis,</strong></span> <span class='ocrx_word' id='word_1_565' title='bbox 3578 4090 3631 4134; x_wconf 82' lang='lat' dir='ltr'><strong>et</strong></span> 
     </span>
    </p>
   </div>
   <div class='ocr_carea' id='block_1_88' title="bbox 2038 4171 3628 4246">
    <p class='ocr_par' dir='ltr' id='par_1_88' title="bbox 2038 4171 3628 4246">
     <span class='ocr_line' id='line_1_88' title="bbox 2038 4171 3628 4246; baseline -0.001 -16"><span class='ocrx_word' id='word_1_566' title='bbox 2038 4178 2373 4232; x_wconf 77' lang='lat' dir='ltr'><strong>obscuratum</strong></span> <span class='ocrx_word' id='word_1_567' title='bbox 2400 4184 2474 4230; x_wconf 76' lang='lat' dir='ltr'><strong>est</strong></span> <span class='ocrx_word' id='word_1_568' title='bbox 2495 4175 2745 4246; x_wconf 79' lang='lat' dir='ltr'><strong>insipiens</strong></span> <span class='ocrx_word' id='word_1_569' title='bbox 2769 4189 2857 4228; x_wconf 86' lang='lat' dir='ltr'><strong>cor</strong></span> <span class='ocrx_word' id='word_1_570' title='bbox 2879 4189 3061 4228; x_wconf 86' lang='lat' dir='ltr'><strong>eorum</strong></span> <span class='ocrx_word' id='word_1_571' title='bbox 3085 4171 3131 4227; x_wconf 75' lang='grc' dir='ltr'><strong>δ.</strong></span> <span class='ocrx_word' id='word_1_572' title='bbox 3161 4173 3273 4229; x_wconf 88' lang='lat' dir='ltr'><strong>Nos</strong></span> <span class='ocrx_word' id='word_1_573' title='bbox 3302 4173 3473 4245; x_wconf 83' lang='lat' dir='ltr'><strong>igitur</strong></span> <span class='ocrx_word' id='word_1_574' title='bbox 3493 4189 3628 4228; x_wconf 86' lang='lat' dir='ltr'><strong>cum</strong></span> 
     </span>
    </p>
   </div>
   <div class='ocr_carea' id='block_1_89' title="bbox 2039 4262 3637 4335">
    <p class='ocr_par' dir='ltr' id='par_1_89' title="bbox 2039 4262 3637 4335">
     <span class='ocr_line' id='line_1_89' title="bbox 2039 4262 3637 4335; baseline -0.004 -12"><span class='ocrx_word' id='word_1_575' title='bbox 2039 4269 2202 4324; x_wconf 88' lang='lat' dir='ltr'><strong>beato</strong></span> <span class='ocrx_word' id='word_1_576' title='bbox 2255 4268 2420 4323; x_wconf 88' lang='lat' dir='ltr'><strong>Petro</strong></span> <span class='ocrx_word' id='word_1_577' title='bbox 2468 4267 2543 4321; x_wconf 90' lang='lat' dir='ltr'><strong>ita</strong></span> <span class='ocrx_word' id='word_1_578' title='bbox 2593 4266 2937 4322; x_wconf 88' lang='lat' dir='ltr'><strong>clamemus:</strong></span> <span class='ocrx_word' id='word_1_579' title='bbox 3004 4262 3223 4319; x_wconf 82' lang='lat' dir='ltr'><strong>Obedire</strong></span> <span class='ocrx_word' id='word_1_580' title='bbox 3269 4273 3471 4335; x_wconf 76' lang='lat' dir='ltr'><strong>oportet</strong></span> <span class='ocrx_word' id='word_1_581' title='bbox 3516 4264 3637 4318; x_wconf 78' lang='lat' dir='ltr'><strong>Deo</strong></span> 
     </span>
    </p>
   </div>
   <div class='ocr_carea' id='block_1_90' title="bbox 2043 4355 3626 4430">
    <p class='ocr_par' dir='ltr' id='par_1_90' title="bbox 2043 4355 3626 4430">
     <span class='ocr_line' id='line_1_90' title="bbox 2043 4355 3626 4430; baseline -0.002 -18"><span class='ocrx_word' id='word_1_582' title='bbox 2043 4360 2209 4430; x_wconf 82' lang='lat' dir='ltr'><strong>magis</strong></span> <span class='ocrx_word' id='word_1_583' title='bbox 2252 4375 2413 4429; x_wconf 85' lang='lat' dir='ltr'><strong>quam</strong></span> <span class='ocrx_word' id='word_1_584' title='bbox 2458 4356 2752 4411; x_wconf 81' lang='lat' dir='ltr'><strong>hominibus</strong></span> <span class='ocrx_word' id='word_1_585' title='bbox 2796 4366 2841 4409; x_wconf 71' lang='grc' dir='ltr'><strong>θ.</strong></span> <span class='ocrx_word' id='word_1_586' title='bbox 2888 4355 3144 4409; x_wconf 87' lang='lat' dir='ltr'><strong>Dicamus</strong></span> <span class='ocrx_word' id='word_1_587' title='bbox 3177 4356 3306 4409; x_wconf 88' lang='lat' dir='ltr'><strong>item</strong></span> <span class='ocrx_word' id='word_1_588' title='bbox 3353 4355 3422 4409; x_wconf 90' lang='lat' dir='ltr'><strong>ad</strong></span> <span class='ocrx_word' id='word_1_589' title='bbox 3472 4355 3626 4418; x_wconf 90' lang='lat' dir='ltr'><strong>illos,</strong></span> 
     </span>
    </p>
   </div>
   <div class='ocr_carea' id='block_1_91' title="bbox 361 4442 3627 4519">
    <p class='ocr_par' dir='ltr' id='par_1_91' title="bbox 361 4442 3627 4519">
     <span class='ocr_line' id='line_1_91' title="bbox 361 4442 3627 4519; baseline 0.002 -24"><span class='ocrx_word' id='word_1_590' title='bbox 361 4452 573 4509; x_wconf 87' lang='lat' dir='ltr'><strong>queunt</strong></span> <span class='ocrx_word' id='word_1_591' title='bbox 613 4442 719 4497; x_wconf 91' lang='lat' dir='ltr'><strong>alia</strong></span> <span class='ocrx_word' id='word_1_592' title='bbox 747 4442 914 4499; x_wconf 91' lang='lat' dir='ltr'><strong>etiam</strong></span> <span class='ocrx_word' id='word_1_593' title='bbox 945 4453 1289 4515; x_wconf 88' lang='lat' dir='ltr'><strong>argumenta,</strong></span> <span class='ocrx_word' id='word_1_594' title='bbox 1320 4462 1443 4517; x_wconf 65' lang='lat' dir='ltr'><strong>quae</strong></span> <span class='ocrx_word' id='word_1_595' title='bbox 1472 4462 1540 4502; x_wconf 81' lang='lat' dir='ltr'><strong>ex</strong></span> <span class='ocrx_word' id='word_1_596' title='bbox 1576 4453 1936 4508; x_wconf 86' lang='lat' dir='ltr'><strong>consonantia</strong></span> <span class='ocrx_word' id='word_1_597' title='bbox 1968 4443 2019 4503; x_wconf 90' lang='lat' dir='ltr'><strong>D</strong></span> <span class='ocrx_word' id='word_1_598' title='bbox 2043 4465 2112 4503; x_wconf 90' lang='lat' dir='ltr'><strong>an</strong></span> <span class='ocrx_word' id='word_1_599' title='bbox 2131 4450 2340 4519; x_wconf 89' lang='lat' dir='ltr'><strong>justum</strong></span> <span class='ocrx_word' id='word_1_600' title='bbox 2371 4449 2442 4504; x_wconf 93' lang='lat' dir='ltr'><strong>sit</strong></span> <span class='ocrx_word' id='word_1_601' title='bbox 2488 4443 2542 4500; x_wconf 84' lang='lat' dir='ltr'><strong>in</strong></span> <span class='ocrx_word' id='word_1_602' title='bbox 2572 4455 2870 4517; x_wconf 89' lang='lat' dir='ltr'><strong>conspectu</strong></span> <span class='ocrx_word' id='word_1_603' title='bbox 2904 4447 3024 4511; x_wconf 87' lang='lat' dir='ltr'><strong>Dei,</strong></span> <span class='ocrx_word' id='word_1_604' title='bbox 3054 4463 3153 4502; x_wconf 87' lang='lat' dir='ltr'><strong>vos</strong></span> <span class='ocrx_word' id='word_1_605' title='bbox 3192 4447 3379 4516; x_wconf 88' lang='lat' dir='ltr'><strong>potius</strong></span> <span class='ocrx_word' id='word_1_606' title='bbox 3405 4445 3627 4511; x_wconf 91' lang='lat' dir='ltr'><strong>audire,</strong></span> 
     </span>
    </p>
   </div>
   <div class='ocr_carea' id='block_1_92' title="bbox 362 4534 1937 4607">
    <p class='ocr_par' dir='ltr' id='par_1_92' title="bbox 362 4534 1937 4607">
     <span class='ocr_line' id='line_1_92' title="bbox 362 4534 1937 4607; baseline 0.007 -18"><span class='ocrx_word' id='word_1_607' title='bbox 362 4534 837 4607; x_wconf 86' lang='lat' dir='ltr'><strong>interpretationis</strong></span> <span class='ocrx_word' id='word_1_608' title='bbox 888 4538 945 4593; x_wconf 90' lang='lat' dir='ltr'><strong>in</strong></span> <span class='ocrx_word' id='word_1_609' title='bbox 1000 4538 1328 4606; x_wconf 90' lang='lat' dir='ltr'><strong>Canticum,</strong></span> <span class='ocrx_word' id='word_1_610' title='bbox 1406 4557 1533 4596; x_wconf 88' lang='lat' dir='ltr'><strong>cum</strong></span> <span class='ocrx_word' id='word_1_611' title='bbox 1614 4543 1937 4601; x_wconf 88' lang='lat' dir='ltr'><strong>indubitatis</strong></span> 
     </span>
    </p>
   </div>
   <div class='ocr_carea' id='block_1_93' title="bbox 362 4624 1933 4703">
    <p class='ocr_par' dir='ltr' id='par_1_93' title="bbox 362 4624 1933 4703">
     <span class='ocr_line' id='line_1_93' title="bbox 362 4624 1933 4703; baseline 0.007 -24"><span class='ocrx_word' id='word_1_612' title='bbox 362 4624 698 4683; x_wconf 88' lang='lat' dir='ltr'><strong>Theodoreti</strong></span> <span class='ocrx_word' id='word_1_613' title='bbox 726 4626 970 4698; x_wconf 88' lang='lat' dir='ltr'><strong>scriptis,</strong></span> <span class='ocrx_word' id='word_1_614' title='bbox 1002 4629 1310 4703; x_wconf 86' lang='lat' dir='ltr'><strong>cujusmodi</strong></span> <span class='ocrx_word' id='word_1_615' title='bbox 1363 4630 1636 4700; x_wconf 83' lang='lat' dir='ltr'><strong>expositio</strong></span> <span class='ocrx_word' id='word_1_616' title='bbox 1686 4633 1933 4690; x_wconf 64' lang='lat' dir='ltr'><strong>Psalmoo</strong></span> 
     </span>
    </p>
   </div>
   <div class='ocr_carea' id='block_1_94' title="bbox 362 4719 1937 4792">
    <p class='ocr_par' dir='ltr' id='par_1_94' title="bbox 362 4719 1937 4792">
     <span class='ocr_line' id='line_1_94' title="bbox 362 4719 1937 4792; baseline 0.008 -22"><span class='ocrx_word' id='word_1_617' title='bbox 362 4730 506 4784; x_wconf 88' lang='lat' dir='ltr'><strong>rum,</strong></span> <span class='ocrx_word' id='word_1_618' title='bbox 538 4719 956 4789; x_wconf 88' lang='lat' dir='ltr'><strong>prophetarum,</strong></span> <span class='ocrx_word' id='word_1_619' title='bbox 1002 4728 1059 4776; x_wconf 92' lang='lat' dir='ltr'><strong>et</strong></span> <span class='ocrx_word' id='word_1_620' title='bbox 1113 4721 1383 4792; x_wconf 88' lang='lat' dir='ltr'><strong>Apostoli,</strong></span> <span class='ocrx_word' id='word_1_621' title='bbox 1423 4733 1755 4779; x_wconf 89' lang='lat' dir='ltr'><strong>sumuntur:</strong></span> <span class='ocrx_word' id='word_1_622' title='bbox 1794 4726 1937 4782; x_wconf 91' lang='lat' dir='ltr'><strong>hanc</strong></span> 
     </span>
    </p>
   </div>
   <div class='ocr_carea' id='block_1_95' title="bbox 361 4811 1936 4889">
    <p class='ocr_par' dir='ltr' id='par_1_95' title="bbox 361 4811 1936 4889">
     <span class='ocr_line' id='line_1_95' title="bbox 361 4811 1936 4889; baseline 0.01 -30"><span class='ocrx_word' id='word_1_623' title='bbox 361 4820 493 4861; x_wconf 90' lang='lat' dir='ltr'><strong>vero</strong></span> <span class='ocrx_word' id='word_1_624' title='bbox 545 4811 962 4865; x_wconf 90' lang='lat' dir='ltr'><strong>consonantiam</strong></span> <span class='ocrx_word' id='word_1_625' title='bbox 1019 4827 1140 4868; x_wconf 87' lang='lat' dir='ltr'><strong>esse</strong></span> <span class='ocrx_word' id='word_1_626' title='bbox 1190 4829 1303 4869; x_wconf 90' lang='lat' dir='ltr'><strong>non</strong></span> <span class='ocrx_word' id='word_1_627' title='bbox 1343 4813 1701 4883; x_wconf 89' lang='lat' dir='ltr'><strong>mediocrem,</strong></span> <span class='ocrx_word' id='word_1_628' title='bbox 1747 4825 1803 4872; x_wconf 92' lang='lat' dir='ltr'><strong>et</strong></span> <span class='ocrx_word' id='word_1_629' title='bbox 1833 4834 1936 4889; x_wconf 87' lang='lat' dir='ltr'><strong>ego</strong></span> 
     </span>
    </p>
   </div>
   <div class='ocr_carea' id='block_1_96' title="bbox 362 4895 1935 4975">
    <p class='ocr_par' dir='ltr' id='par_1_96' title="bbox 362 4895 1935 4975">
     <span class='ocr_line' id='line_1_96' title="bbox 362 4895 1935 4975; baseline 0.009 -25"><span class='ocrx_word' id='word_1_630' title='bbox 362 4895 598 4953; x_wconf 89' lang='lat' dir='ltr'><strong>libenter</strong></span> <span class='ocrx_word' id='word_1_631' title='bbox 624 4897 818 4965; x_wconf 89' lang='lat' dir='ltr'><strong>fateor,</strong></span> <span class='ocrx_word' id='word_1_632' title='bbox 844 4911 901 4957; x_wconf 89' lang='lat' dir='ltr'><strong>et</strong></span> <span class='ocrx_word' id='word_1_633' title='bbox 932 4918 1095 4959; x_wconf 91' lang='lat' dir='ltr'><strong>nemo</strong></span> <span class='ocrx_word' id='word_1_634' title='bbox 1120 4946 1135 4970; x_wconf 94' lang='lat'><strong>,</strong></span> <span class='ocrx_word' id='word_1_635' title='bbox 1166 4905 1259 4975; x_wconf 89' lang='lat' dir='ltr'><strong>qui</strong></span> <span class='ocrx_word' id='word_1_636' title='bbox 1296 4915 1546 4961; x_wconf 82' lang='lat' dir='ltr'><strong>versatus</strong></span> <span class='ocrx_word' id='word_1_637' title='bbox 1578 4908 1649 4961; x_wconf 91' lang='lat' dir='ltr'><strong>sit</strong></span> <span class='ocrx_word' id='word_1_638' title='bbox 1696 4908 1749 4962; x_wconf 91' lang='lat' dir='ltr'><strong>in</strong></span> <span class='ocrx_word' id='word_1_639' title='bbox 1779 4911 1935 4964; x_wconf 91' lang='lat' dir='ltr'><strong>evol-</strong></span> 
     </span>
    </p>
   </div>
   <div class='ocr_carea' id='block_1_97' title="bbox 360 4987 1832 5069">
    <p class='ocr_par' dir='ltr' id='par_1_97' title="bbox 360 4987 1832 5069">
     <span class='ocr_line' id='line_1_97' title="bbox 360 4987 1832 5069; baseline 0.009 -27"><span class='ocrx_word' id='word_1_640' title='bbox 360 4987 574 5055; x_wconf 88' lang='lat' dir='ltr'><strong>vendis,</strong></span> <span class='ocrx_word' id='word_1_641' title='bbox 606 5004 745 5060; x_wconf 91' lang='lat' dir='ltr'><strong>quos</strong></span> <span class='ocrx_word' id='word_1_642' title='bbox 773 4991 907 5058; x_wconf 85' lang='lat' dir='ltr'><strong>dixi,</strong></span> <span class='ocrx_word' id='word_1_643' title='bbox 943 4993 1280 5052; x_wconf 85' lang='lat' dir='ltr'><strong>Theodoreti</strong></span> <span class='ocrx_word' id='word_1_644' title='bbox 1315 4997 1495 5062; x_wconf 90' lang='lat' dir='ltr'><strong>libris,</strong></span> <span class='ocrx_word' id='word_1_645' title='bbox 1531 5000 1832 5069; x_wconf 81' lang='lat' dir='ltr'><strong>negaverit.</strong></span> 
     </span>
    </p>
   </div>
   <div class='ocr_carea' id='block_1_98' title="bbox 433 5080 1938 5163">
    <p class='ocr_par' dir='ltr' id='par_1_98' title="bbox 433 5080 1938 5163">
     <span class='ocr_line' id='line_1_98' title="bbox 433 5080 1938 5163; baseline 0.009 -29"><span class='ocrx_word' id='word_1_646' title='bbox 433 5080 767 5137; x_wconf 89' lang='lat' dir='ltr'><strong>Posterioris</strong></span> <span class='ocrx_word' id='word_1_647' title='bbox 794 5098 927 5139; x_wconf 92' lang='lat' dir='ltr'><strong>vero</strong></span> <span class='ocrx_word' id='word_1_648' title='bbox 956 5086 1130 5153; x_wconf 86' lang='lat' dir='ltr'><strong>partis</strong></span> <span class='ocrx_word' id='word_1_649' title='bbox 1159 5089 1401 5145; x_wconf 88' lang='lat' dir='ltr'><strong>rationes</strong></span> <span class='ocrx_word' id='word_1_650' title='bbox 1429 5091 1553 5159; x_wconf 88' lang='lat' dir='ltr'><strong>plus</strong></span> <span class='ocrx_word' id='word_1_651' title='bbox 1583 5091 1788 5147; x_wconf 89' lang='lat' dir='ltr'><strong>habent</strong></span> <span class='ocrx_word' id='word_1_652' title='bbox 1814 5092 1938 5163; x_wconf 89' lang='lat' dir='ltr'><strong>qui-</strong></span> 
     </span>
    </p>
   </div>
   <div class='ocr_carea' id='block_1_99' title="bbox 360 5169 1935 5254">
    <p class='ocr_par' dir='ltr' id='par_1_99' title="bbox 360 5169 1935 5254">
     <span class='ocr_line' id='line_1_99' title="bbox 360 5169 1935 5254; baseline 0.01 -29"><span class='ocrx_word' id='word_1_653' title='bbox 360 5169 486 5226; x_wconf 88' lang='lat' dir='ltr'><strong>dem</strong></span> <span class='ocrx_word' id='word_1_654' title='bbox 516 5173 571 5227; x_wconf 92' lang='lat' dir='ltr'><strong>in</strong></span> <span class='ocrx_word' id='word_1_655' title='bbox 601 5174 839 5244; x_wconf 89' lang='lat' dir='ltr'><strong>speciem</strong></span> <span class='ocrx_word' id='word_1_656' title='bbox 872 5178 1131 5233; x_wconf 85' lang='lat' dir='ltr'><strong>momenti</strong></span> <span class='ocrx_word' id='word_1_657' title='bbox 1158 5196 1171 5233; x_wconf 88' lang='lat'><strong>:</strong></span> <span class='ocrx_word' id='word_1_658' title='bbox 1204 5179 1298 5234; x_wconf 91' lang='lat' dir='ltr'><strong>sed</strong></span> <span class='ocrx_word' id='word_1_659' title='bbox 1329 5182 1588 5250; x_wconf 90' lang='lat' dir='ltr'><strong>quoniam</strong></span> <span class='ocrx_word' id='word_1_660' title='bbox 1617 5185 1935 5254; x_wconf 73' lang='lat' dir='ltr'><strong>Opinionem</strong></span> 
     </span>
    </p>
   </div>
   <div class='ocr_carea' id='block_1_100' title="bbox 362 5261 1935 5348">
    <p class='ocr_par' dir='ltr' id='par_1_100' title="bbox 362 5261 1935 5348">
     <span class='ocr_line' id='line_1_100' title="bbox 362 5261 1935 5348; baseline 0.011 -32"><span class='ocrx_word' id='word_1_661' title='bbox 362 5261 719 5321; x_wconf 88' lang='lat' dir='ltr'><strong>inveteratam</strong></span> <span class='ocrx_word' id='word_1_662' title='bbox 769 5271 1082 5327; x_wconf 87' lang='lat' dir='ltr'><strong>convellere</strong></span> <span class='ocrx_word' id='word_1_663' title='bbox 1125 5274 1402 5342; x_wconf 88' lang='lat' dir='ltr'><strong>nituntur,</strong></span> <span class='ocrx_word' id='word_1_664' title='bbox 1438 5278 1643 5334; x_wconf 84' lang='lat' dir='ltr'><strong>idcirco</strong></span> <span class='ocrx_word' id='word_1_665' title='bbox 1673 5280 1935 5348; x_wconf 80' lang='lat' dir='ltr'><strong>probabi-</strong></span> 
     </span>
    </p>
   </div>
   <div class='ocr_carea' id='block_1_101' title="bbox 422 5401 1793 5498">
    <p class='ocr_par' dir='ltr' id='par_1_101' title="bbox 422 5401 1793 5498">
     <span class='ocr_line' id='line_1_101' title="bbox 422 5401 1793 5498; baseline 0.009 -21"><span class='ocrx_word' id='word_1_666' title='bbox 422 5434 459 5463; x_wconf 76' lang='grc'><strong>·⁶</strong></span> <span class='ocrx_word' id='word_1_667' title='bbox 493 5423 622 5494; x_wconf 83' lang='lat' dir='ltr'><strong>Sap.</strong></span> <span class='ocrx_word' id='word_1_668' title='bbox 656 5442 729 5494; x_wconf 74' lang='lat' dir='ltr'><strong>lx,</strong></span> <span class='ocrx_word' id='word_1_669' title='bbox 759 5428 843 5483; x_wconf 74' lang='grc'><strong>14.</strong></span> <span class='ocrx_word' id='word_1_670' title='bbox 916 5427 945 5468; x_wconf 70' lang='grc' dir='ltr'><strong><em>ἀ</em></strong></span> <span class='ocrx_word' id='word_1_671' title='bbox 976 5430 1132 5486; x_wconf 83' lang='lat' dir='ltr'><strong>Rom.</strong></span> <span class='ocrx_word' id='word_1_672' title='bbox 1158 5448 1197 5497; x_wconf 79' lang='grc' dir='ltr'>ι,</span> <span class='ocrx_word' id='word_1_673' title='bbox 1237 5401 1325 5486; x_wconf 74' lang='lat'><strong>2|.</strong></span> <span class='ocrx_word' id='word_1_674' title='bbox 1406 5444 1431 5473; x_wconf 70' lang='grc' dir='ltr'>ε</span> <span class='ocrx_word' id='word_1_675' title='bbox 1462 5436 1581 5490; x_wconf 81' lang='lat' dir='ltr'><strong>Act.</strong></span> <span class='ocrx_word' id='word_1_676' title='bbox 1615 5453 1668 5498; x_wconf 89' lang='lat' dir='ltr'><strong>v.</strong></span> <span class='ocrx_word' id='word_1_677' title='bbox 1704 5437 1793 5492; x_wconf 71' lang='lat'><strong>29.</strong></span> 
     </span>
    </p>
   </div>
   <div class='ocr_carea' id='block_1_102' title="bbox 2043 4537 3631 4609">
    <p class='ocr_par' dir='ltr' id='par_1_102' title="bbox 2043 4537 3631 4609">
     <span class='ocr_line' id='line_1_102' title="bbox 2043 4537 3631 4609; baseline 0.001 -17"><span class='ocrx_word' id='word_1_678' title='bbox 2043 4554 2207 4609; x_wconf 89' lang='lat' dir='ltr'><strong>quam</strong></span> <span class='ocrx_word' id='word_1_679' title='bbox 2230 4540 2424 4602; x_wconf 90' lang='lat' dir='ltr'><strong>Deum,</strong></span> <span class='ocrx_word' id='word_1_680' title='bbox 2441 4538 2722 4609; x_wconf 89' lang='lat' dir='ltr'><strong>judicatc:</strong></span> <span class='ocrx_word' id='word_1_681' title='bbox 2752 4552 2853 4592; x_wconf 86' lang='lat' dir='ltr'><strong>nos</strong></span> <span class='ocrx_word' id='word_1_682' title='bbox 2878 4537 3025 4591; x_wconf 88' lang='lat' dir='ltr'><strong>enim</strong></span> <span class='ocrx_word' id='word_1_683' title='bbox 3051 4553 3157 4591; x_wconf 91' lang='lat' dir='ltr'><strong>non</strong></span> <span class='ocrx_word' id='word_1_684' title='bbox 3175 4552 3631 4607; x_wconf 73' lang='lat' dir='ltr'><strong>possumus,quae</strong></span> 
     </span>
    </p>
   </div>
   <div class='ocr_carea' id='block_1_103' title="bbox 2041 4628 3630 4699">
    <p class='ocr_par' dir='ltr' id='par_1_103' title="bbox 2041 4628 3630 4699">
     <span class='ocr_line' id='line_1_103' title="bbox 2041 4628 3630 4699; baseline -0.001 -15"><span class='ocrx_word' id='word_1_685' title='bbox 2041 4629 2283 4684; x_wconf 90' lang='lat' dir='ltr'><strong>vidimus</strong></span> <span class='ocrx_word' id='word_1_686' title='bbox 2306 4644 2405 4699; x_wconf 92' lang='lat' dir='ltr'><strong>per</strong></span> <span class='ocrx_word' id='word_1_687' title='bbox 2437 4628 2710 4699; x_wconf 89' lang='lat' dir='ltr'><strong>Spiritum</strong></span> <span class='ocrx_word' id='word_1_688' title='bbox 2745 4637 3022 4693; x_wconf 92' lang='lat' dir='ltr'><strong>sanctum,</strong></span> <span class='ocrx_word' id='word_1_689' title='bbox 3061 4639 3118 4684; x_wconf 89' lang='lat' dir='ltr'><strong>et</strong></span> <span class='ocrx_word' id='word_1_690' title='bbox 3155 4629 3489 4694; x_wconf 88' lang='lat' dir='ltr'><strong>audivimus,</strong></span> <span class='ocrx_word' id='word_1_691' title='bbox 3513 4644 3630 4683; x_wconf 90' lang='lat' dir='ltr'><strong>non</strong></span> 
     </span>
    </p>
   </div>
   <div class='ocr_carea' id='block_1_104' title="bbox 2040 4719 3630 4792">
    <p class='ocr_par' dir='ltr' id='par_1_104' title="bbox 2040 4719 3630 4792">
     <span class='ocr_line' id='line_1_104' title="bbox 2040 4719 3630 4792; baseline -0.001 -16"><span class='ocrx_word' id='word_1_692' title='bbox 2040 4720 2214 4792; x_wconf 91' lang='lat' dir='ltr'><strong>loqui.</strong></span> <span class='ocrx_word' id='word_1_693' title='bbox 2246 4740 2264 4773; x_wconf 76' lang='grc' dir='ltr'><strong>ι</strong></span> <span class='ocrx_word' id='word_1_694' title='bbox 2294 4720 2448 4775; x_wconf 86' lang='lat' dir='ltr'><strong>Adde</strong></span> <span class='ocrx_word' id='word_1_695' title='bbox 2481 4719 2630 4791; x_wconf 88' lang='lat' dir='ltr'><strong>quod</strong></span> <span class='ocrx_word' id='word_1_696' title='bbox 2675 4719 2731 4774; x_wconf 92' lang='lat' dir='ltr'><strong>in</strong></span> <span class='ocrx_word' id='word_1_697' title='bbox 2783 4719 3109 4790; x_wconf 68' lang='lat' dir='ltr'><strong>prmfatione</strong></span> <span class='ocrx_word' id='word_1_698' title='bbox 3154 4721 3521 4791; x_wconf 80' lang='lat' dir='ltr'><strong>expositionis</strong></span> <span class='ocrx_word' id='word_1_699' title='bbox 3570 4720 3630 4776; x_wconf 88' lang='lat' dir='ltr'><strong>in</strong></span> 
     </span>
    </p>
   </div>
   <div class='ocr_carea' id='block_1_105' title="bbox 2042 4811 3632 4884">
    <p class='ocr_par' dir='ltr' id='par_1_105' title="bbox 2042 4811 3632 4884">
     <span class='ocr_line' id='line_1_105' title="bbox 2042 4811 3632 4884; baseline 0 -16"><span class='ocrx_word' id='word_1_700' title='bbox 2042 4812 2284 4868; x_wconf 86' lang='lat' dir='ltr'><strong>Psalmos</strong></span> <span class='ocrx_word' id='word_1_701' title='bbox 2308 4811 2685 4877; x_wconf 86' lang='lat' dir='ltr'><strong>Theodorum,</strong></span> <span class='ocrx_word' id='word_1_702' title='bbox 2724 4811 2835 4866; x_wconf 90' lang='lat' dir='ltr'><strong>imo</strong></span> <span class='ocrx_word' id='word_1_703' title='bbox 2855 4819 2913 4866; x_wconf 88' lang='lat' dir='ltr'><strong>et</strong></span> <span class='ocrx_word' id='word_1_704' title='bbox 2941 4812 3396 4884; x_wconf 83' lang='lat' dir='ltr'><strong>Chrysostomum</strong></span> <span class='ocrx_word' id='word_1_705' title='bbox 3443 4813 3632 4868; x_wconf 88' lang='lat' dir='ltr'><strong>tacitis</strong></span> 
     </span>
    </p>
   </div>
   <div class='ocr_carea' id='block_1_106' title="bbox 2044 4903 3628 4975">
    <p class='ocr_par' dir='ltr' id='par_1_106' title="bbox 2044 4903 3628 4975">
     <span class='ocr_line' id='line_1_106' title="bbox 2044 4903 3628 4975; baseline 0.001 -16"><span class='ocrx_word' id='word_1_706' title='bbox 2044 4905 2362 4960; x_wconf 88' lang='lat' dir='ltr'><strong>nominibus</strong></span> <span class='ocrx_word' id='word_1_707' title='bbox 2409 4903 2765 4975; x_wconf 88' lang='lat' dir='ltr'><strong>perstringat,</strong></span> <span class='ocrx_word' id='word_1_708' title='bbox 2818 4903 2972 4957; x_wconf 92' lang='lat' dir='ltr'><strong>illum</strong></span> <span class='ocrx_word' id='word_1_709' title='bbox 3017 4904 3224 4960; x_wconf 83' lang='lat' dir='ltr'><strong>favoris</strong></span> <span class='ocrx_word' id='word_1_710' title='bbox 3280 4905 3333 4959; x_wconf 89' lang='lat' dir='ltr'><strong>in</strong></span> <span class='ocrx_word' id='word_1_711' title='bbox 3381 4904 3628 4969; x_wconf 70' lang='lat' dir='ltr'><strong>Iudaeos,</strong></span> 
     </span>
    </p>
   </div>
   <div class='ocr_carea' id='block_1_107' title="bbox 2045 4996 3128 5068">
    <p class='ocr_par' dir='ltr' id='par_1_107' title="bbox 2045 4996 3128 5068">
     <span class='ocr_line' id='line_1_107' title="bbox 2045 4996 3128 5068; baseline -0.004 -13"><span class='ocrx_word' id='word_1_712' title='bbox 2045 5001 2210 5055; x_wconf 89' lang='lat' dir='ltr'><strong>istum</strong></span> <span class='ocrx_word' id='word_1_713' title='bbox 2244 4997 2431 5053; x_wconf 62' lang='lat' dir='ltr'><strong>nimiae</strong></span> <span class='ocrx_word' id='word_1_714' title='bbox 2457 4996 2794 5068; x_wconf 85' lang='lat' dir='ltr'><strong>prolixitatis</strong></span> <span class='ocrx_word' id='word_1_715' title='bbox 2839 5011 3128 5051; x_wconf 85' lang='lat' dir='ltr'><strong>accusans.</strong></span> 
     </span>
    </p>
   </div>
   <div class='ocr_carea' id='block_1_108' title="bbox 2042 5087 3627 5160">
    <p class='ocr_par' dir='ltr' id='par_1_108' title="bbox 2042 5087 3627 5160">
     <span class='ocr_line' id='line_1_108' title="bbox 2042 5087 3627 5160; baseline 0 -14"><span class='ocrx_word' id='word_1_716' title='bbox 2042 5126 2047 5131; x_wconf 85' lang='lat'><strong>-</strong></span> <span class='ocrx_word' id='word_1_717' title='bbox 2115 5090 2369 5146; x_wconf 90' lang='lat' dir='ltr'><strong>Secunda</strong></span> <span class='ocrx_word' id='word_1_718' title='bbox 2402 5089 2567 5159; x_wconf 90' lang='lat' dir='ltr'><strong>paulo</strong></span> <span class='ocrx_word' id='word_1_719' title='bbox 2592 5087 2869 5144; x_wconf 79' lang='lat' dir='ltr'><strong>difﬁcilior</strong></span> <span class='ocrx_word' id='word_1_720' title='bbox 2887 5097 2992 5154; x_wconf 90' lang='lat' dir='ltr'><strong>est,</strong></span> <span class='ocrx_word' id='word_1_721' title='bbox 3043 5089 3149 5144; x_wconf 89' lang='lat' dir='ltr'><strong>nisi</strong></span> <span class='ocrx_word' id='word_1_722' title='bbox 3198 5089 3323 5160; x_wconf 90' lang='lat' dir='ltr'><strong>quis</strong></span> <span class='ocrx_word' id='word_1_723' title='bbox 3358 5091 3627 5160; x_wconf 72' lang='lat' dir='ltr'><strong>excipiat,</strong></span> 
     </span>
    </p>
   </div>
   <div class='ocr_carea' id='block_1_109' title="bbox 2044 5180 3632 5253">
    <p class='ocr_par' dir='ltr' id='par_1_109' title="bbox 2044 5180 3632 5253">
     <span class='ocr_line' id='line_1_109' title="bbox 2044 5180 3632 5253; baseline -0.002 -14"><span class='ocrx_word' id='word_1_724' title='bbox 2044 5185 2161 5239; x_wconf 62' lang='lat' dir='ltr'><strong>haec</strong></span> <span class='ocrx_word' id='word_1_725' title='bbox 2194 5181 2437 5238; x_wconf 89' lang='lat' dir='ltr'><strong>auctoris</strong></span> <span class='ocrx_word' id='word_1_726' title='bbox 2464 5182 2532 5237; x_wconf 89' lang='lat' dir='ltr'><strong>de</strong></span> <span class='ocrx_word' id='word_1_727' title='bbox 2562 5180 2673 5237; x_wconf 84' lang='lat' dir='ltr'><strong>Chr</strong></span> <span class='ocrx_word' id='word_1_728' title='bbox 2690 5190 2961 5249; x_wconf 64' lang='lat' dir='ltr'><strong>[sostomo</strong></span> <span class='ocrx_word' id='word_1_729' title='bbox 2988 5183 3182 5247; x_wconf 87' lang='lat' dir='ltr'><strong>verba,</strong></span> <span class='ocrx_word' id='word_1_730' title='bbox 3223 5184 3280 5235; x_wconf 90' lang='lat'><strong>&#39;0</strong></span> <span class='ocrx_word' id='word_1_731' title='bbox 3333 5186 3446 5246; x_wconf 84' lang='grc' dir='ltr'>τοῖς</span> <span class='ocrx_word' id='word_1_732' title='bbox 3498 5185 3632 5253; x_wconf 80' lang='grc' dir='ltr'><strong>ῥεύ-</strong></span> 
     </span>
    </p>
   </div>
   <div class='ocr_carea' id='block_1_110' title="bbox 2049 5272 3628 5347">
    <p class='ocr_par' dir='ltr' id='par_1_110' title="bbox 2049 5272 3628 5347">
     <span class='ocr_line' id='line_1_110' title="bbox 2049 5272 3628 5347; baseline 0 -19"><span class='ocrx_word' id='word_1_733' title='bbox 2049 5293 2176 5346; x_wconf 69' lang='grc' dir='ltr'><strong>ματι</strong></span> <span class='ocrx_word' id='word_1_734' title='bbox 2208 5276 2304 5344; x_wconf 82' lang='grc' dir='ltr'><strong>τῆς</strong></span> <span class='ocrx_word' id='word_1_735' title='bbox 2332 5272 2683 5338; x_wconf 73' lang='grc' dir='ltr'><strong>διδασκαλίας</strong></span> <span class='ocrx_word' id='word_1_736' title='bbox 2720 5275 2882 5345; x_wconf 83' lang='grc' dir='ltr'><strong>μέχρι</strong></span> <span class='ocrx_word' id='word_1_737' title='bbox 2918 5276 3009 5329; x_wconf 85' lang='grc' dir='ltr'><strong>καί</strong></span> <span class='ocrx_word' id='word_1_738' title='bbox 3035 5277 3280 5347; x_wconf 72' lang='grc' dir='ltr'><strong>τήμερον</strong></span> <span class='ocrx_word' id='word_1_739' title='bbox 3317 5277 3499 5330; x_wconf 84' lang='grc' dir='ltr'>πᾶσαν</span> <span class='ocrx_word' id='word_1_740' title='bbox 3523 5276 3628 5344; x_wconf 78' lang='grc' dir='ltr'><strong>τὴν</strong></span> 
     </span>
    </p>
   </div>
   <div class='ocr_carea' id='block_1_111' title="bbox 1687 5568 2274 5625">
    <p class='ocr_par' dir='ltr' id='par_1_111' title="bbox 1687 5568 2274 5625">
     <span class='ocr_line' id='line_1_111' title="bbox 1687 5568 2274 5625; baseline 0 -4"><span class='ocrx_word' id='word_1_741' title='bbox 1687 5568 2005 5625; x_wconf 83' lang='lat' dir='ltr'><strong>SCHULZII</strong></span> <span class='ocrx_word' id='word_1_742' title='bbox 2040 5570 2274 5624; x_wconf 73' lang='lat' dir='ltr'><strong>NO&#39;I‘.E.</strong></span> 
     </span>
    </p>
   </div>
   <div class='ocr_carea' id='block_1_112' title="bbox 431 5670 3624 5763">
    <p class='ocr_par' dir='ltr' id='par_1_112' title="bbox 431 5670 3624 5763">
     <span class='ocr_line' id='line_1_112' title="bbox 431 5670 3624 5763; baseline 0.006 -37"><span class='ocrx_word' id='word_1_743' title='bbox 431 5670 474 5763; x_wconf 40' lang='grc' dir='ltr'><strong>ζ’</strong></span> <span class='ocrx_word' id='word_1_744' title='bbox 504 5673 643 5763; x_wconf 34' lang='lat' dir='ltr'><strong>:‘to‘n.</strong></span> <span class='ocrx_word' id='word_1_745' title='bbox 678 5674 815 5729; x_wconf 89' lang='lat' dir='ltr'><strong>adeo</strong></span> <span class='ocrx_word' id='word_1_746' title='bbox 841 5674 1144 5763; x_wconf 43' lang='lat' dir='ltr'><strong>haesitas-set</strong></span> <span class='ocrx_word' id='word_1_747' title='bbox 1178 5678 1495 5763; x_wconf 73' lang='lat' dir='ltr'><strong>Carncrius,</strong></span> <span class='ocrx_word' id='word_1_748' title='bbox 1531 5682 1926 5763; x_wconf 48' lang='lat' dir='ltr'><strong>nisiualienum</strong></span> <span class='ocrx_word' id='word_1_749' title='bbox 1980 5686 2170 5763; x_wconf 62' lang='lat' dir='ltr'><strong>fretum</strong></span> <span class='ocrx_word' id='word_1_750' title='bbox 2202 5700 2300 5755; x_wconf 87' lang='lat' dir='ltr'><strong>pro</strong></span> <span class='ocrx_word' id='word_1_751' title='bbox 2335 5685 2570 5763; x_wconf 73' lang='lat' dir='ltr'><strong>genuino</strong></span> <span class='ocrx_word' id='word_1_752' title='bbox 2623 5687 2783 5743; x_wconf 82' lang='lat' dir='ltr'><strong>nobis</strong></span> <span class='ocrx_word' id='word_1_753' title='bbox 2838 5688 3130 5744; x_wconf 83' lang='lat' dir='ltr'><strong>oblruderc</strong></span> <span class='ocrx_word' id='word_1_754' title='bbox 3166 5687 3447 5743; x_wconf 71' lang='lat' dir='ltr'><strong>voluisset.</strong></span> <span class='ocrx_word' id='word_1_755' title='bbox 3494 5691 3624 5747; x_wconf 66' lang='grc' dir='ltr'><strong>νῆά.</strong></span> 
     </span>
    </p>
   </div>
   <div class='ocr_carea' id='block_1_113' title="bbox 361 5744 2448 5817">
    <p class='ocr_par' dir='ltr' id='par_1_113' title="bbox 361 5744 2448 5817">
     <span class='ocr_line' id='line_1_113' title="bbox 361 5744 2448 5817; baseline 0.006 -21"><span class='ocrx_word' id='word_1_756' title='bbox 361 5751 519 5812; x_wconf 82' lang='lat' dir='ltr'><strong>caput</strong></span> <span class='ocrx_word' id='word_1_757' title='bbox 549 5744 800 5801; x_wconf 87' lang='lat' dir='ltr'><strong>ultimum</strong></span> <span class='ocrx_word' id='word_1_758' title='bbox 844 5744 1006 5817; x_wconf 86' lang='lat' dir='ltr'><strong>hujus</strong></span> <span class='ocrx_word' id='word_1_759' title='bbox 1033 5747 1454 5806; x_wconf 80' lang='lat' dir='ltr'><strong>dissertationis.</strong></span> <span class='ocrx_word' id='word_1_760' title='bbox 1486 5744 1490 5746; x_wconf 13' lang='grc' dir='ltr'><strong><em>Ὗ</em></strong></span> <span class='ocrx_word' id='word_1_761' title='bbox 1529 5753 1574 5785; x_wconf 88' lang='grc'><strong>⁸⁰</strong></span> <span class='ocrx_word' id='word_1_762' title='bbox 1614 5752 1729 5810; x_wconf 82' lang='lat' dir='ltr'><strong>Vid.</strong></span> <span class='ocrx_word' id='word_1_763' title='bbox 1770 5754 1926 5811; x_wconf 72' lang='lat' dir='ltr'><strong>Praef.</strong></span> <span class='ocrx_word' id='word_1_764' title='bbox 1960 5756 2025 5810; x_wconf 86' lang='lat' dir='ltr'><strong>ad</strong></span> <span class='ocrx_word' id='word_1_765' title='bbox 2058 5744 2214 5810; x_wconf 60' lang='lat' dir='ltr'><strong>Cant:</strong></span> <span class='ocrx_word' id='word_1_766' title='bbox 2250 5744 2448 5809; x_wconf 64' lang='lat' dir='ltr'><strong>canitie.</strong></span> 
     </span>
    </p>
   </div>
  </div>
