3926 6216
258 294 347 362 2]

1403 292 1502 366 DE
1542 308 1797 367 uenis
1831 308 2341 372 THEODORE'I’I-

3401 325 3509 387 222

256 410 572 483 οἰκουμένην
625 413 872 485 ἀρδεύων
922 414 1004 479 ³⁸,
1066 414 1298 485 intelligi
1335 416 1541 471 debere
1595 432 1707 471 non
1754 416 1823 472 de

1934 418 2029 483 illi,
2072 420 2276 476 obsunt
2307 423 2428 478 tria.
2472 424 2736 493 Primum,
2770 427 2973 484 locusa
3002 428 3290 501 Neophyto
3316 447 3504 490 mona-

253 503 451 558 Joannc
475 503 620 573 ipso,
657 505 754 560 sed
777 505 847 560 de
886 505 1325 573 Joannislibris;
1369 523 1684 579 quanquam
1709 508 1827 563 vio-

254 593 390 649 lenta
411 594 530 650 haec
562 604 653 651 est
674 598 947 668 pauloque
979 598 1173 653 durior
1200 598 1519 668 explicatio.

313 682 371 737 In
392 684 571 752 prima
602 685 815 742 haerere
867 687 1002 741 mihi
1033 703 1233 758 aquam
1279 687 1491 745 fateor:
1548 688 1823 758 siquidem

252 773 577 830 militaribus
634 778 787 833 curis
844 778 1141 848 impeditus
1200 779 1621 847 Theodoretus,
1688 782 1826 836 mihi

253 875 488 920 monstro
516 867 704 923 simile
735 869 997 939 quiddam
1022 879 1139 933 est;
1184 871 1289 927 nisi
1344 871 1491 927 forte
1532 872 1658 943 quis
1697 881 1828 929 tunc

256 955 579 1027 Cyresticam
600 961 905 1032 regionem,
934 962 1225 1018 Persarum
1252 972 1423 1031 metu,
1452 965 1740 1032 militibus,
1766 972 1829 1022 u‘.

260 1048 334 1114 ﬁt,
357 1050 602 1108 licenter
643 1055 1041 1125 populantibus
1086 1057 1259 1128 magis
1307 1073 1473 1128 quam
1520 1057 1823 1124 tuentibus,

257 1142 519 1210 oppletam
557 1143 733 1200 fuisse
758 1146 988 1203 divinet.
1016 1147 1135 1203 Jam
1185 1162 1340 1212 vero,
1388 1148 1537 1219 quod
1599 1147 1825 1212 dicitur,

253 1248 381 1303 opus
407 1234 517 1290 hoc
558 1236 616 1290 in
660 1235 950 1292 Canticum
1010 1237 1321 1294 Salomonis
1365 1255 1476 1293 non
1521 1239 1731 1294 laudari
1770 1239 1825 1294 in

259 1325 487 1391 Catenis,
526 1343 656 1398 qua:
678 1329 841 1400 vulgo
862 1329 1155 1396 habentur,
1186 1330 1240 1385 id
1264 1330 1486 1401 quidem
1508 1345 1699 1384 verum
1721 1338 1823 1385 est:

256 1416 342 1471 sed
388 1417 509 1473 ﬁeri
561 1421 745 1489 potuit
789 1436 855 1474 ex
910 1421 1069 1491 271
1118 1421 1352 1476 duarum
1407 1438 1696 1477 causarum
1740 1423 1827 1478 vel

250 1509 426 1573 altera,
479 1511 577 1564 vel
626 1520 913 1582 utraque:
968 1528 1095 1567 nam
1153 1512 1488 1568 Catenarum
1536 1514 1829 1568 eﬂ‘ectores

252 1600 456 1668 plurimi
513 1617 585 1657 ea
642 1611 806 1658 aitate
855 1603 1150 1669 vixerunt,
1214 1619 1323 1675 qua
1384 1605 1527 1660 male
1569 1605 1830 1659 audiebat

251 1690 668 1757 Theodoretus,
729 1709 927 1764 nempe
970 1694 1117 1749 circa
1163 1704 1377 1750 sextum
1419 1697 1828 1765 septimumque

250 1784 525 1849 naculum,
554 1785 643 1839 vel
693 1794 982 1840 octavum:
1030 1792 1126 1839 aut
1159 1785 1373 1840 rariora
1425 1785 1671 1849 fuerunt,
1712 1801 1824 1855 quo
1859 1760 1902 1821 Β
1932 1754 2016 1855 ta:
2070 1763 2264 1855 oin“?
2316 1755 2659 1855 mel-prela“
2714 1762 2922 1855 sufnus’

252 1885 485 1946 tempore
516 1877 657 1940 dixi,
684 1878 1020 1934 Theodoreti
1050 1893 1241 1948 opera,
1279 1880 1474 1934 saltem
1522 1879 1820 1934 nonnulla:

252 1984 358 2038 qua:
380 1984 556 2025 causa
585 1971 883 2035 exstiterit,
914 1986 1014 2026 cur
1063 1971 1294 2026 Photius
1355 1972 1609 2027 curiosus
1657 1979 1824 2025 caete-

251 2059 431 2129 roquin
468 2060 750 2115 librorum
804 2078 834 2116 a
869 2063 1149 2120 veteribus
1183 2064 1462 2118 editorum
1503 2063 1821 2132 inquisitor,

252 2150 465 2221 hujusce
520 2152 581 2206 in
637 2151 926 2208 Canticum
981 2154 1417 2211 elucubrationis
1471 2170 1582 2209 non
1631 2155 1826 2209 memi-

251 2242 401 2295 nerit.

309 2333 383 2388 Ad
413 2334 495 2399 id,
516 2335 668 2406 quod
686 2335 916 2392 aﬂ'ertur
937 2354 1003 2393 ex
1025 2336 1229 2394 Catena
1248 2339 1518 2411 Neophyti
1543 2338 1819 2404 monachi,

251 2425 560 2494 responderi
596 2426 708 2481 duo
761 2437 1011 2497 possunt.
1058 2430 1329 2495 Alterum,
1383 2447 1483 2501 pro
1532 2430 1823 2486 Theodoro

252 2516 377 2571 forte
408 2517 711 2572 librarium
761 2518 1094 2574 Theodoreti
1140 2536 1341 2575 nomen
1390 2522 1676 2591 posuisse;
1724 2537 1823 2592 pro

252 2604 555 2673 Theodoro,
597 2607 843 2677 inquam,
879 2623 988 2662 non
1021 2608 1403 2678 Mopsuesteno
1451 2610 1543 2664 illo
1594 2610 1820 2674 celebri,

253 2699 336 2753 sed
388 2699 720 2755 ﬂeracleota
768 2699 929 2770 longe
980 2701 1280 2765 anteriore,
1338 2708 1395 2755 et
1444 2701 1566 2770 ipso
1598 2701 1821 2771 quidem

254 2792 407 2846 nobili
443 2792 862 2862 Scripturarum
898 2792 1219 2861 interprete.
1257 2792 1528 2855 Alterum,
1566 2793 1823 2865 Neophy-

253 2893 356 2937 tum
375 2899 541 2939 suum
571 2883 865 2953 deceptum
915 2883 1160 2948 ‘fuisse,
1209 2892 1266 2939 et
1317 2884 1665 2940 Theodoreto
1720 2886 1824 2940 tri-

252 2974 442 3041 buisse,
501 2974 652 3046 quod
706 2974 935 3029 alterius
986 2975 1271 3047 cujusdam
1302 2975 1446 3030 foret
1469 2975 1822 3031 Canticorum

251 3068 590 3139 expositoris.
632 3066 783 3131 Haec,
838 3066 1038 3134 fateor,
1087 3070 1416 3139 conjectura:
1440 3077 1569 3123 sunt
1599 3085 1612 3122 :
1644 3070 1739 3125 sed
1768 3070 1821 3123 in

254 3175 305 3215 re
330 3160 494 3215 dubia
521 3159 648 3230 quis
674 3158 1133 3214 demonstrationi
1165 3161 1363 3216 locus?

310 3252 401 3309 His
434 3268 541 3324 ego
573 3251 886 3307 rationibus
921 3251 1219 3322 impeditus
1253 3254 1499 3319 tenebar,
1536 3270 1660 3309 cum
1688 3255 1826 3311 forte

253 3342 407 3399 incidi
432 3344 490 3398 in
507 3342 760 3398 Graecum
792 3341 1038 3397 codicem
1052 3343 1120 3408 ⁸³,
1146 3358 1311 3397 manu
1333 3342 1690 3398 eruditissimi
1712 3344 1829 3399 Sir-

251 3436 424 3489 mondi
444 3434 741 3504 scriptum,
768 3433 825 3487 in
854 3449 965 3503 quo
992 3434 1380 3490 continebatur
1397 3436 1667 3504 expositio
1686 3435 1827 3490 Can-

255 3519 337 3574 tici
370 3520 738 3585 canticorum,
770 3520 978 3575 nullius
1011 3523 1255 3577 auctoris
1292 3525 1513 3579 nomine
1540 3525 1822 3595 inscripta.

253 3609 390 3666 Illam
421 3628 524 3684 ego
552 3628 679 3669 cum
703 3614 965 3686 legerem,
994 3615 1148 3669 visus
1170 3631 1289 3670 sum
1314 3615 1450 3670 mihi
1476 3615 1664 3671 videre
1686 3631 1826 3670 non-

252 3704 390 3760 nulla
415 3704 750 3761 Theodoreti
775 3705 999 3771 indicia,
1027 3723 1149 3776 quae
1173 3723 1283 3777 quo
1306 3708 1570 3763 attentius
1597 3708 1825 3779 perlegi,

253 3809 312 3849 eo
345 3813 430 3852 me
458 3798 634 3869 magis
667 3798 1006 3868 impulerunt
1036 3798 1090 3853 in
1121 3806 1352 3869 partem,
1388 3799 1445 3853 in
1472 3816 1636 3870 quam
1667 3800 1827 3855 valde

253 3889 650 3959 propendebam
688 3907 703 3943 :
742 3906 882 3961 opus
903 3905 1122 3962 nempe,
1147 3892 1304 3962 cujus
1337 3907 1369 3946 a
1407 3907 1465 3947 se
1512 3892 1567 3947 in
1602 3890 1826 3948 Cantica

255 3978 504 4035 elaborati
526 3980 913 4036 Theodoretus
934 3982 1206 4048 meminit,
1244 3998 1358 4037 non
1400 3999 1520 4038 esse
1550 3999 1829 4039 commen-

255 4071 429 4136 tarios,
476 4088 617 4143 quos
663 4072 838 4129 edidit
891 4073 1251 4141 Sirmondus;
1279 4075 1374 4130 sed
1415 4075 1575 4130 istam
1620 4077 1824 4146 potius,

255 4176 403 4230 quam
440 4164 785 4230 evolvebam,
839 4165 1263 4236 expositionem.
1324 4167 1473 4222 Nihil
1530 4168 1677 4222 enim
1720 4167 1827 4246 illa

255 4255 505 4321 continet,
534 4256 683 4327 quod
709 4256 1006 4313 abhorreat
1038 4275 1067 4314 a
1101 4260 1526 4321 consuetudine,
1552 4260 1823 4325 doctrina,

255 4353 407 4416 atque
434 4357 595 4404 aetate
626 4349 1000 4417 Theodoreti;
1033 4351 1199 4408 habet
1246 4368 1277 4408 e
1314 4355 1594 4409 contrario
1643 4354 1822 4423 plura,

1927 504 2052 564 cho'
2072 510 2128 566 in
2154 527 2311 567 suam
2333 513 2595 571 Catenam
2619 518 2845 585 relatus,
2874 535 2982 576 non
3013 521 3289 590 reperitur
3315 523 3370 576 in
3400 524 3508 581 hoc

1926 618 2113 672 opere.
2148 604 2416 670 Alterum,
2452 608 2625 680 stylus
2652 626 2760 665 non
2785 612 3007 667 videtur
3035 611 3365 668 Theodoreti
3388 615 3507 672 ele-

1926 692 2165 761 gantiam
2191 702 2249 749 et
2278 695 2434 766 quasi
2469 697 2853 768 limpiditatem
2885 715 3099 771 sapere.
3134 702 3502 769 Postremum,

1928 790 2009 838 tot
2029 787 2353 843 saeculorum
2375 789 2667 859 possessio,
2689 793 2855 848 tantis
2876 793 3111 849 testibus
3127 796 3502 866 comprobata,

1928 885 2081 934 tanto
2135 895 2405 937 consensu
2437 883 2781 939 eruditorum
2825 885 3087 952 stabilita,
3130 888 3387 957 prohibet
3435 904 3504 944 ne

1928 968 2278 1027 Theodoreto
2307 972 2655 1044 abjudicetur
2703 976 2956 1048 vulgatus
2987 980 3416 1036 commentarius
3448 981 3506 1036 in

1925 1058 2211 1116 Canticum
2244 1065 2584 1121 canticorum
2605 1067 2670 1122 ".

2452 1178 2614 1249 272
2634 1178 2856 1236 CAPUT
2887 1181 2974 1235 IV.

1928 1287 2179 1342 Recensio
2200 1304 2440 1359 operum,
2473 1307 2592 1362 qua:
2626 1299 2764 1374 temo
2796 1293 3029 1374 _secundo
3071 1293 3196 1348 edit.
3236 1292 3505 1350 Sirmoudi

2539 1371 2895 1416 continentur.

2002 1471 2208 1528 Tomos
2250 1473 2524 1528 secundus
2573 1474 2960 1545 complectitur
3009 1475 3401 1530 commentaria
3447 1476 3501 1529 in

1930 1579 2123 1619 omnes
2166 1564 2441 1620 sexdecim
2470 1566 2791 1635 prophetas.
2822 1565 2947 1620 [huc
2984 1581 3087 1635 pro
3115 1565 3231 1621 suis
3257 1565 3506 1636 agnoscit

1932 1655 2314 1711 Theodoretus
2342 1656 2505 1727 epist.
2539 1655 2647 1711 82:
2688 1674 2708 1707 ι
2740 1657 2844 1711 Per
2865 1655 2962 1710 Dei
2995 1656 3227 1727 gratiam
3260 1656 3506 1725 Prophe-

2952 1766 2972 1798 ι
3033 1747 3103 1802 Et
3147 1747 3309 1818 epist.
3360 1747 3501 1802 H5:

1933 1861 1951 1893 ι
1977 1841 2257 1913 Explicata
2291 1849 2419 1896 sunt
2446 1857 2476 1897 a
2504 1856 2591 1895 me
2613 1840 2855 1895 oracula.
2890 1859 2908 1892 ι
2967 1840 3036 1895 Et
3084 1841 3139 1894 in
3183 1839 3506 1896 Praefationc

1924 1935 2264 1990 Psalmorum
2299 1951 2312 1987 :
2375 1951 2394 1984 ς
2430 1932 2535 1988 Alii
2580 1930 2811 1987 aliorum
2845 1946 3129 1986 sacrorum
3162 1931 3504 1987 voluminum

1924 2024 2335 2094 explanationes
2358 2022 2725 2093 elIlagitarunt
2751 2038 2766 2087 ;
2786 2021 3168 2092 imposuerunt
3188 2022 3349 2077 nobis
3367 2038 3508 2077 non-

1927 2113 2066 2167 nulli
2118 2121 2181 2167 ut
2208 2113 2496 2169 Canticum
2550 2112 2892 2167 canticorum
2934 2126 3354 2182 exponeremus.
3385 2111 3504 2167 Ali-

1923 2206 2018 2275 qui
2060 2220 2192 2260 vero
2239 2203 2344 2259 viri
2392 2202 2799 2258 desideriorum
2848 2203 3192 2273 prophetiam
3224 2202 3506 2259 desidera-

1922 2303 2123 2350 verunt
2160 2308 2513 2365 cognoscere.
2538 2291 2647 2346 Alii
2685 2291 2859 2347 divini
2882 2291 3208 2355 Ezechielis,
3243 2293 3333 2346 alii
3368 2291 3503 2348 duo-

1923 2385 2101 2441 decim
2150 2386 2542 2457 prophctarum
2576 2383 2962 2455 praedictiones
2984 2384 3321 2440 obscuritate
3345 2384 3503 2441 invo-

1924 2478 2069 2532 lutas
2095 2477 2376 2532 enucleari
2401 2476 2506 2532 sibi
2538 2483 2594 2531 et
2620 2474 2889 2530 declarari
2914 2477 3263 2545 postularunt
3288 2494 3301 2530 :
3328 2475 3507 2531 dedit-

1924 2586 2033 2641 que
2076 2569 2239 2625 nobis
2278 2569 2661 2625 universorum
2705 2567 2872 2632 Deus,
2903 2576 2964 2622 ut
3001 2568 3427 2624 commentarios
3449 2567 3505 2622 in

1925 2663 2043 2718 haec
2072 2662 2247 2733 ipsius
2274 2660 2460 2716 divina
2483 2661 2703 2731 eloquia
2722 2662 2788 2717 ad
2812 2662 2977 2716 linem
3001 2659 3451 2729 pcrduceremus.
3478 2678 3498 2710 ι

1929 2775 1957 2848 §
1985 2775 2027 2831 l.
2053 2775 2128 2830 De
2146 2775 2538 2829 commentariis
2566 2776 2621 2828 in
2642 2790 2823 2829 omnes
2863 2774 3145 2846 prophetas
3189 2772 3505 2844 generatim.

1992 2888 2035 2943 I.
2059 2887 2176 2954 Quo
2197 2889 2459 2959 temporis
2484 2889 2677 2944 ordine
2694 2889 2748 2942 in
2775 2887 3020 2958 singulos
3037 2885 3336 2958 prophetas
3367 2885 3505 2941 scri-

1926 2980 2121 3049 pserit,
2173 2978 2372 3050 partim
2428 2978 2545 3048 ipse
2594 2985 2781 3048 aperte
2821 2976 3067 3046 exponit,
3105 2975 3303 3044 partim
3342 2988 3508 3043 argu-

1928 3082 2110 3128 menta
2148 3072 2439 3142 colligendi
2473 3071 2805 3141 suppeditat.
2832 3069 3051 3123 Primus
3096 3082 3227 3136 ergo
3250 3064 3407 3120 labor
3449 3065 3505 3117 in

1928 3166 2205 3221 Danielem
2234 3163 2507 3228 incubuit,
2532 3162 2809 3218 secundus
2830 3162 2885 3215 in
2911 3159 3280 3222 Ezechielem,
3307 3156 3506 3211 tertius

1927 3258 1982 3313 in
2015 3258 2258 3312 minores
2283 3255 2595 3318 duodecim,
2635 3260 2872 3324 quartus
2918 3252 2978 3307 in
3019 3252 3236 3316 Isaiam,
3275 3248 3506 3319 quintus

1928 3349 1984 3404 in
2011 3348 2327 3412 Jeremiam,
2357 3355 2672 3417 postremus
2692 3346 2747 3400 in
2772 3345 3240 3409 Lamentationes,
3270 3358 3504 3414 quarum

1928 3440 1985 3494 in
2039 3437 2147 3498 line
2175 3438 2292 3493 haec
2331 3437 2495 3493 habet
2524 3454 2537 3491 :
2595 3457 2612 3487 ι
2644 3435 2796 3495 [Iane
2817 3434 2982 3491 etiam
3010 3435 3133 3490 aliis
3162 3431 3506 3504 propheticis

1926 3530 2087 3585 libris
2112 3528 2418 3601 adjecimus
2447 3528 2987 3598 interpretationem,
3020 3526 3156 3581 adeo
3177 3533 3259 3591 ut,
3290 3540 3389 3595 per
3407 3524 3503 3579 Dei
3558 3558 3563 3567 ι

1925 3621 2179 3694 gratiam,
2234 3620 2440 3675 nullam
2493 3619 2839 3690 prophetiam
2888 3616 3364 3690 interpretationis
3407 3632 3507 3673 ex-

1926 3721 2137 3784 pertem
2161 3711 2549 3783 reliquerimus
2569 3710 2636 3765 “.
2669 3730 2688 3763 ι
3338 3728 3345 3733 ι

1997 3805 2063 3860 ll.
2104 3805 2167 3860 In
2210 3804 2608 3860 commentario
2656 3803 2722 3858 ad
2757 3810 2923 3872 caput
2952 3819 3073 3858 xxxi
3112 3802 3366 3859 Ieremia:
3392 3816 3507 3856 me-

1926 3895 2088 3949 minit
2135 3893 2655 3949 commentariorum
2710 3894 2766 3946 in
2816 3892 3203 3948 Ezccliielem:
3245 3910 3264 3943 ε
3295 3891 3510 3947 Clarius

1927 3986 2031 4042 hoc
2066 3985 2233 4041 etiam
2267 3985 2407 4039 dixit
2439 3985 2704 4040 Dominus
2739 4000 2837 4055 per
2863 3983 3110 4038 divinum
3134 3982 3505 4047 Ezechielem,

1926 4088 1983 4133 et
2016 4092 2116 4133 nos
2149 4077 2251 4148 ipsi
2294 4076 2549 4148 pluribus
2597 4076 2941 4147 interpretati
2987 4091 3180 4131 sumus
3206 4076 3273 4129 ⁸⁸.
3304 4095 3323 4126 ι
3374 4075 3509 4131 Eze-

1927 4171 2159 4225 chielem
2187 4170 2357 4241 igitur
2384 4177 2513 4224 ante
2544 4168 2842 4225 Jeremiam
2868 4169 3263 4238 interpretatus
3293 4176 3396 4223 est.

1997 4260 2087 4315 Ill.
2120 4260 2201 4315 Ad
2235 4268 2399 4330 caput
2449 4275 2554 4313 xxu
2597 4258 2843 4329 ejusdem
2899 4258 3151 4313 Jercmiae
3170 4258 3507 4312 mentionem

1926 4351 2058 4405 iacit
2082 4349 2444 4421 expositionis
2487 4349 2542 4403 in
2568 4348 2762 4402 Isaiam
2792 4364 2806 4400 ε
2842 4366 2859 4397 ι
2895 4346 3090 4417 Hujus,
3127 4345 3323 4414 inquit,
3351 4344 3508 4398 locu-

257 4452 370 4505 quaa
395 4439 480 4496 his
511 4441 747 4497 miriﬁce
775 4453 1082 4515 congruant
1114 4461 1128 4498 :
1178 4444 1449 4515 siquidem
1484 4445 1671 4500 brevis
1713 4454 1815 4511 est,
1854 4452 1896 4506 D
1926 4443 2092 4498 tionis
2148 4442 2419 4498 rationem
2483 4441 2741 4511 pluribus
2788 4439 3155 4509 explicuimus
3217 4436 3272 4489 in
3333 4435 3506 4489 divini

258 4528 546 4599 cujusmodi
573 4546 766 4588 omnes
795 4532 1047 4604 genuinae
1076 4533 1407 4590 Theodoreti
1427 4536 1814 4604 expositiones;

259 4621 528 4690 mysticum
549 4638 773 4679 sensum
801 4623 879 4680 ita
910 4625 1283 4696 persequitur,
1315 4634 1376 4680 ut
1408 4626 1621 4679 nullum
1656 4626 1818 4682 faciat

260 4709 531 4771 Theodoro
557 4716 943 4786 Mopsuesteno
968 4716 1273 4773 convicium
1300 4734 1316 4784 ;
1343 4717 1528 4772 verbis
1554 4717 1815 4784 abundat,

262 4815 373 4869 quae
399 4803 780 4861 Theodoretus
824 4805 1046 4861 videtur
1071 4807 1355 4863 atl’ectasse
1390 4825 1405 4874 ;
1438 4816 1496 4863 et
1524 4808 1820 4878 Scriptura:

264 4891 390 4957 loca,
415 4911 533 4965 quae
554 4897 884 4963 atteruntur,
916 4897 1144 4968 perinde
1178 4915 1241 4953 ac
1270 4900 1653 4954 Theodoretus
1699 4900 1821 4955 aliis

265 4981 316 5037 in
335 4984 476 5053 locis,
516 4990 931 5061 interpretatur.
967 4989 1297 5046 Brevitatcm
1330 5001 1387 5047 et
1420 4992 1693 5047 Theodori
1731 5008 1821 5047 re-

267 5078 542 5132 verentiam
576 5080 690 5150 ipsa
720 5080 885 5135 lectio
913 5079 1251 5136 demonstrat
1283 5100 1295 5136 :
1322 5083 1431 5138 alia
1456 5083 1568 5138 duo
1598 5082 1819 5154 probari

269 5174 479 5231 possunt
504 5184 609 5223 non
631 5167 840 5223 diﬁicili
873 5169 1114 5239 negotio.

334 5256 514 5313 Verum
561 5262 861 5332 quominus
906 5260 1214 5318 adhaereant
1253 5264 1483 5320 ﬁrmiter
1504 5265 1822 5336 cogitationi

1924 4534 2079 4590 Isaiae
2125 4533 2603 4604 interpretatione.
2640 4554 2656 4584 ι
2716 4533 2857 4602 Ergo
2903 4529 3072 4584 etiam
3124 4528 3320 4582 Isaiam
3379 4535 3506 4579 ante

1924 4626 2215 4683 Jeremiam
2258 4625 2531 4695 exposuit.
2580 4625 2767 4692 Quid?
2801 4623 2947 4693 quod
2984 4620 3275 4675 admodum
3322 4617 3505 4673 credi-

1925 4718 2035 4775 bile
2085 4727 2190 4784 est,
2241 4717 2635 4772 commentaria
2682 4715 2894 4785 singula
2938 4728 3005 4767 eo
3032 4712 3235 4781 scripta
3264 4725 3383 4765 esse
3416 4724 3506 4763 or-

1926 4808 2076 4874 dine,
2111 4824 2221 4879 quo
2249 4815 2546 4864 censentur
2574 4807 2630 4861 in
2659 4804 2982 4861 Prmfatione
3012 4802 3372 4864 Psalmorum,
3410 4799 3504 4853 ubi

1927 4900 2115 4955 Daniel
2146 4900 2407 4970 primum,
2447 4898 2648 4954 deinde
2674 4895 2951 4961 Ezechiel,
2980 4894 3328 4967 postmodum
3365 4894 3505 4948 duo-

1923 4991 2102 5045 decim
2131 4990 2413 5061 prophetm
2446 4991 2691 5043 minores
2723 4997 3117 5042 memorantur.

1993 5084 2062 5137 Et
2103 5099 2236 5137 vero
2276 5083 2333 5137 in
2370 5081 2697 5138 Praefatione
2736 5081 2979 5136 Danielis
3018 5079 3306 5135 manifeste
3344 5079 3506 5134 docet

1924 5173 2307 5230 Theodoretus
2352 5190 2384 5229 a
2426 5190 2484 5229 se
2518 5173 2800 5229 Danielem
2844 5173 3082 5243 primum
3105 5172 3349 5227 omnium
3373 5186 3504 5241 pro-

1923 5265 2214 5338 phetarum
2262 5266 2570 5337 expositum
2600 5266 2790 5331 fuisse,
2821 5266 3094 5336 simulque
3122 5264 3252 5320 facti
3282 5278 3501 5319 causam

1553 5464 1873 5522 SCIIULZII
1910 5463 2138 5521 NOT/E.

335 5597 371 5628 ³¹
391 5599 534 5658 Prtef.
549 5606 612 5662 ad
625 5607 790 5665 Cant.
861 5605 1014 5661 "Hie
1040 5607 1158 5661 sine
1180 5607 1348 5660 dubio
1365 5615 1447 5661 est.
1464 5606 1888 5660 commentarius
1908 5605 2018 5669 ille,
2036 5620 2199 5674 quem
2222 5605 2348 5659 alibi
2371 5607 2641 5675 myslirum
2660 5614 2835 5668 vocat,
2858 5619 3126 5675 quemque
3146 5600 3400 5675 Auclario
3423 5600 3502 5656 in-

281 5678 444 5755 [εῑεςε
463 5676 632 5755 ‘j’oluit.
650 5677 809 5755 md.
841 5686 1008 5755 eaml
1025 5677 1275 5755 ultimum
1294 5677 1452 5755 huius
1475 5676 1632 5755 {lissi
1655 5678 1759 5755 δςέ
1779 5678 2089 5755 .“ο“..εε⁶.’.¹·ί.ι
2115 5677 2413 5755 Ρνθέῐτίδδῖξ·

1898 5747 1939 5776 ⁸³
1973 5745 2090 5800 Vid.
2130 5754 2166 5800 t.
2208 5746 2248 5801 ll
2304 5747 2434 5800 edit.
2480 5755 2697 5811 nostrzr,
2735 5762 2785 5814 ι).
2817 5745 2934 5799 668.
3016 5744 3061 5774 ⁸⁵

284 5744 543 5803 mentarius
567 5748 614 5807 in
636 5753 808 5810 Cant.
852 5744 1052 5802 cantic.
1082 5747 1390 5817 disputatur
1418 5748 1576 5811 indm,
1610 5764 1661 5815 ι».
1694 5748 1818 5802 275..

2493 5678 2538 5706 ⁸³
2565 5676 2681 5741 Quo
2718 5684 2958 5743 tempore
2987 5674 3223 5743 scriptus
3252 5673 3321 5725 sit
3350 5688 3502 5743 coin-

3137 5690 3223 5725 tus
3252 5690 3321 5725 sn
3350 5690 3498 5725 cont-

3097 5690 3259 5808 ibid,
3292 5757 3343 5810 ιτ.
3378 5742 3498 5796 548.
