3926 6216
374 255 481 321 223

1468 263 1845 325 GARNERII
1887 266 2382 330 DISSERTATIO
2422 270 2502 329 II.

3526 265 3640 328 224

368 369 609 425 all‘ert".
629 367 783 426 Hunc
804 373 1128 443 prephetam
1149 374 1203 429 in
1230 378 1483 446 praesenti
1499 393 1762 434 conamur
1781 380 1950 435 inter-
1981 388 2021 442 Λ
2051 384 2145 438 sed
2173 385 2470 440 Hebraicos
2487 394 2543 440 et
2569 383 2810 447 lunares,
2838 389 3096 448 utvocat;
3121 396 3217 436 seu
3247 382 3344 453 qui
3375 381 3639 439 undecim

369 462 599 534 pretari,
625 478 733 517 non
761 465 919 534 quasi
947 466 1109 531 alios,
1134 466 1278 536 quod
1297 466 1440 521 absit
1469 469 1480 521 !
1508 476 1946 536 contemnentes;

368 569 562 609 omnes
587 554 734 609 enim
776 555 1033 612 novimus
1072 573 1192 612 esse
1236 558 1472 627 Spiritus
1515 560 1691 614 sancti
1740 561 1949 615 instru-

371 661 423 699 m
461 654 583 698 nta:
610 643 704 699 sed
734 645 971 714 primum
993 647 1214 716 quidem
1239 648 1415 717 ipsius
1436 649 1947 721 interpretationem

368 751 398 791 a
440 735 599 790 nobis
633 725 926 793 familiares
954 738 1341 808 efﬂagitarunt,
1371 756 1701 812 aequumque
1725 745 1949 801 censui-

371 844 513 891 mus,
557 827 883 883 beneficium
934 829 1000 883 iis
1041 830 1137 898 qui
1167 831 1466 900 petierunt,
1501 850 1610 889 non
1654 836 1948 908 denegare.

371 918 577 973 Deinde
610 918 739 974 facit
765 919 925 990 273
954 920 1270 976 Iudaeorum
1312 924 1572 990 amentia,
1612 935 1673 981 ut
1718 928 1842 984 aliis
1892 928 1951 984 in

372 1009 623 1078 praesenti
649 1010 887 1074 omissis,
918 1011 1084 1082 hujus
1108 1012 1495 1082 praedictiones
1518 1016 1763 1073 enudare
1785 1026 1952 1089 atque

371 1100 586 1169 aperire
617 1100 988 1170 aggredimur.
1026 1102 1105 1157 Eo
1135 1103 1409 1174 siquidem
1440 1106 1793 1177 impudentia:
1821 1126 1951 1180 pro-

370 1204 607 1254 cessere,
634 1199 746 1245 uta
766 1193 1164 1263 prephetarum
1196 1196 1367 1253 choro
1391 1203 1411 1217 '
1434 1198 1614 1269 ipsum
1641 1211 1948 1273 segregent,

369 1281 760 1352 prophetaeque
795 1295 1161 1355 cognomento
1193 1287 1522 1346 defraudent
1558 1292 1627 1345 ⁸⁷.

440 1373 521 1428 Ad
548 1374 654 1429 hoc
674 1377 1051 1432 testimonium
1099 1379 1394 1437 observare
1439 1393 1676 1454 Oportet,
1716 1386 1861 1455 quod
1897 1395 1954 1442 et

372 1462 757 1521 Theodoretus
801 1467 937 1522 alias
967 1468 1157 1533 refert,
1186 1486 1247 1526 se
1275 1489 1303 1527 a
1339 1490 1512 1544 puero
1537 1476 1592 1531 in
1627 1478 1797 1534 sacris
1834 1479 1950 1534 Lit-

373 1554 507 1609 teris
533 1554 827 1611 educatum
862 1575 875 1610 :
912 1559 1176 1615 Παιδόθεν
1199 1564 1380 1628 αὐτοῖς
1414 1567 1722 1638 ἐντραφείς.

442 1645 521 1700 De
568 1648 711 1718 ston
755 1657 808 1704 et
863 1649 932 1705 de
977 1653 1196 1716 ratione
1255 1656 1651 1728 interpretandi
1700 1661 1753 1716 id
1787 1661 1953 1716 habet

2052 476 2249 533 diebus
2303 490 2334 531 a
2387 477 2709 548 vulgaribus
2756 474 3045 539 deficiunt,
3080 484 3248 545 atque
3279 474 3354 529 ita
3375 485 3640 531 constant

2052 567 2249 624 diebus
2279 569 2507 623 omnino
2553 569 2677 624 554.
2722 568 2813 624 Ait
2844 568 3012 640 igitur
3041 582 3217 623 annos
3243 568 3514 638 ejusmodi
3548 569 3636 623 ef.

2051 656 2272 714 ﬂuxisse
2316 658 2752 729 quadringentos
2804 657 3171 728 quadraginta
3218 672 3250 711 a
3295 654 3519 711 Christo
3564 655 3635 711 ad

2054 756 2270 820 tempus
2315 764 2427 821 quo
2478 748 2643 822 274
2674 749 2971 805 scribebat.
3007 746 3134 803 Haec
3159 755 3341 802 autem
3363 761 3637 801 annorum
3706 776 3707 779 η

2051 856 2265 897 summa
2291 843 2337 897 si
2361 842 2758 912 multiplicetur
2786 841 2984 897 indies
3026 840 3152 906 554,
3195 839 3465 895 exsistent
3513 854 3637 895 om-

2051 931 2184 985 nino
2210 931 2442 998 155,760
2466 931 2620 998 dies;
2644 946 2768 1001 quae
2798 930 3012 985 dierum
3038 944 3251 985 summa
3284 926 3330 982 si
3356 926 3636 982 dividatur

2049 1020 2109 1079 in
2142 1024 2267 1089 565,
2313 1025 2591 1095 quomodo
2623 1030 2863 1094 oportet,
2899 1031 2961 1078 ut
2985 1021 3240 1078 Hebraici
3262 1020 3394 1076 anni
3418 1019 3488 1075 ad
3507 1019 3634 1074 vul-

2050 1129 2209 1186 gares
2252 1124 2605 1181 revocentur,
2654 1114 2787 1169 [ient
2846 1113 2952 1168 426
3003 1112 3134 1167 anni
3193 1127 3320 1167 cum
3376 1108 3640 1166 undecim

2051 1205 2276 1261 circiter
2318 1205 2622 1262 mensibus.
2667 1203 2851 1274 Atque
2898 1202 2971 1258 ita
3002 1201 3390 1257 Theodoretus
3413 1199 3644 1270 scripsit

2052 1295 2111 1351 in
2154 1295 2432 1351 Danielem
2476 1310 2621 1351 anno
2658 1293 2931 1350 Hebraico
2947 1291 3644 1362 quadringentesimoqua—

2052 1386 2363 1459 dragesimo
2403 1395 2527 1457 post
2588 1395 2778 1441 natum
2832 1383 3134 1448 Christum,
3187 1382 3243 1438 id
3282 1391 3389 1447 est,
3420 1380 3643 1451 vulgari

2053 1494 2198 1534 anno
2239 1477 2788 1549 quadringentesimo
2839 1475 3105 1530 vicesimo
3131 1481 3286 1528 sexto
3316 1471 3419 1527 sub
3447 1470 3640 1524 tinem.

2126 1571 2215 1626 IV.
2236 1571 2314 1625 Ex
2333 1571 2435 1625 hac
2450 1580 2633 1625 autem
2652 1569 2863 1639 epoeha
2882 1568 3240 1622 innotescunt
3262 1564 3385 1618 tria.
3411 1563 3461 1616 1.
3489 1561 3643 1616 Can-

2057 1663 2286 1717 ticorum
2310 1661 2711 1731 expositionem
2741 1658 2937 1715 referri
2970 1656 3171 1712 debere
3198 1655 3266 1709 ad
3295 1667 3498 1708 annum
3529 1650 3645 1705 cir-

375 1735 621 1801 I’hotius,
677 1738 824 1808 quod
874 1742 977 1797 etsi
1023 1743 1162 1800 dixit
1198 1746 1266 1800 de
1317 1750 1724 1806 commentariis
1761 1751 1816 1806 in
1845 1752 1952 1807 Da-
1988 1721 2027 1778 Β
2059 1754 2199 1810 citer
2224 1753 2349 1818 425,
2377 1770 2502 1808 nam
2523 1751 2805 1824 praecessit
2834 1747 3229 1804 commentaria
3254 1746 3309 1799 in
3330 1742 3639 1799 Danielem.

374 1826 596 1894 uielem,
634 1830 799 1888 latius
834 1842 1015 1890 tamen
1042 1826 1235 1907 procul
1277 1839 1448 1895 dubio
1472 1844 1715 1913 pertinet
1745 1861 1759 1899 :
1794 1864 1812 1897 ‹
1843 1844 1951 1900 Le-

372 1916 571 1987 gimus,
600 1919 779 1991 inquit
799 1923 866 1989 ³⁸,
900 1924 1046 1981 beati
1073 1928 1405 1985 Theodoreti
1433 1932 1949 2003 interpretationem

372 2008 633 2065 Danielis.
692 2013 788 2068 Vir
845 2030 977 2072 sane
1025 2019 1224 2076 doetus
1270 2038 1379 2078 non
1423 2021 1715 2099 Hippolyto
1764 2029 1947 2095 modo,

372 2113 565 2155 verum
596 2104 763 2159 etiam
786 2105 908 2162 aliis
930 2110 1116 2165 multis
1156 2114 1602 2183 propheticorum
1634 2134 1949 2175 sermonum

372 2189 832 2263 interpretatione
882 2202 1182 2258 antecellit.
1235 2204 1413 2260 Dictio
1454 2208 1577 2278 ejus
1611 2220 1951 2267 commenta-

373 2282 530 2349 tioni,
569 2286 614 2340 si
649 2289 972 2359 cujusquam
1001 2293 1161 2355 alius,
1188 2297 1467 2365 aptissima
1502 2317 1516 2353 :
1553 2316 1676 2354 nam
1711 2310 1767 2355 et
1800 2303 1951 2372 puris

373 2372 831 2448 signantibusque
878 2383 1065 2438 verbis
1099 2383 1285 2440 abdita
1334 2403 1567 2458 quaeque
1612 2398 1667 2445 et
1714 2392 1948 2449 obscura

374 2466 602 2531 revelat,
657 2475 713 2523 et
741 2469 1091 2540 jucunditate
1124 2476 1359 2544 quadam
1391 2479 1547 2547 quasi
1589 2480 1949 2539 delinimento

372 2559 643 2629 suavique
686 2560 875 2633 lepore
926 2564 993 2620 ad
1029 2566 1115 2621 sui
1157 2567 1450 2626 lectionem
1480 2571 1693 2627 invitat.
1722 2573 1865 2642 Quin
1894 2583 1951 2631 et

374 2663 440 2703 ex
494 2664 562 2704 eo
607 2653 754 2721 quod
802 2655 871 2709 ad
912 2658 1169 2729 ambages
1196 2661 1376 2716 nullas
1417 2661 1949 2737 digressionesquea

371 2742 656 2811 proposito
679 2757 1009 2817 argumento
1042 2751 1283 2817 recedat,
1315 2754 1626 2811 satietatem
1652 2773 1764 2811 non
1785 2759 1950 2815 modo

370 2831 576 2886 nullam
613 2834 794 2903 affert,
846 2837 943 2892 sed
968 2854 1031 2893 ea
1067 2840 1314 2912 insuper,
1347 2860 1473 2914 qua:
1502 2846 1557 2901 in
1586 2846 1815 2903 dubium
1848 2866 1949 2906 vo-

370 2934 590 2990 cantur,
630 2927 748 2984 sine
793 2930 904 2985 ulla
956 2933 1040 2987 vel
1082 2935 1404 2992 confusione
1448 2938 1533 2993 vel
1591 2940 1948 3010 dissipatione

368 3012 528 3070 facile
561 3025 616 3071 et
644 3020 933 3075 commoda
962 3023 1176 3079 ratione
1205 3042 1338 3081 suos
1367 3027 1603 3084 lectores
1629 3029 1809 3086 docet.
1836 3031 1946 3087 Vo-

366 3119 493 3160 cum
542 3106 675 3164 item
723 3112 845 3183 ejus
894 3112 1162 3183 delectus,
1194 3126 1358 3189 atque
1383 3119 1502 3190 ipsa
1526 3122 1850 3192 compositio
1880 3124 1952 3180 ab

366 3197 561 3255 Attica:
585 3202 870 3274 elegantia
895 3208 1108 3277 origine
1132 3225 1244 3264 non
1265 3210 1488 3284 refugit,
1511 3214 1618 3270 nisi
1649 3217 1784 3285 quid
1807 3215 1948 3272 forte

366 3290 641 3347 curiosius
688 3293 799 3348 illic
852 3311 1127 3365 occurrat,
1175 3301 1321 3371 quod
1353 3303 1478 3373 quis
1510 3306 1814 3361 multorum
1845 3324 1947 3362 au-

368 3381 520 3438 ribus
575 3384 857 3442 insolitum
910 3389 1077 3446 dicat.
1139 3391 1254 3448 Hoc
1309 3403 1547 3461 constat,
1598 3398 1739 3453 nihil
1795 3415 1944 3467 eum,

366 3473 513 3544 quod
539 3475 607 3530 ad
632 3476 1104 3548 interpretandum
1152 3483 1335 3550 faciat,
1367 3487 1667 3554 declinare,
1699 3490 1949 3563 adeoque

368 3565 424 3620 in
439 3581 617 3622 summ
626 3585 716 3645 pm
732 3572 972 3627 evasisse
985 3574 1318 3644 optimorum
1334 3570 1694 3649 interpretum
1708 3582 1946 3649 culmen,

369 3665 430 3712 ut
470 3673 583 3713 non
613 3659 773 3716 facile
812 3662 1051 3733 aliquem
1091 3665 1168 3720 sis
1201 3676 1544 3738 reperturus,
1577 3670 1669 3741 qui
1706 3671 1800 3727 illo
1832 3689 1948 3728 me-

366 3746 476 3805 lius
496 3750 733 3808 obscura
755 3754 1013 3825 explicet,
1050 3774 1068 3808 ›
1103 3765 1211 3813 etc.

369 3882 397 3952 ᾗ
439 3885 508 3940 II.
554 3885 630 3942 De
673 3893 1068 3948 commentariis
1118 3895 1174 3949 in
1214 3897 1494 3967 praphetas
1523 3896 1577 3949 in
1609 3896 1944 3966 particulari.

438 4017 481 4071 l.
508 4019 688 4076 Pauca
713 4024 961 4092 quaedam
990 4027 1334 4084 observanda
1370 4038 1505 4101 puto
1548 4030 1616 4086 de
1664 4046 1947 4087 commen-

370 4109 525 4164 tariis
551 4110 607 4165 in
640 4113 885 4184 singulos
918 4118 1257 4187 prophetas:
1294 4121 1361 4176 de
1388 4130 1634 4192 tempore
1666 4123 1945 4189 nimirum,

368 4217 480 4270 quo
528 4203 730 4274 scripta
769 4216 940 4275 sunt;
974 4210 1043 4265 de
1066 4210 1155 4275 iis,
1188 4228 1310 4282 qua:
1334 4228 1400 4267 ex
1423 4213 1644 4270 Catenis
1666 4215 1719 4269 in
1753 4215 1947 4271 Isaiam

366 4303 668 4365 excerpta;
706 4306 763 4354 et
787 4298 856 4355 de
891 4300 1212 4371 Apollinarii
1259 4305 1635 4362 ἀνακυκλώσει
1672 4307 1729 4362 in
1776 4323 1946 4378 expo-

367 4384 567 4442 sitione
595 4387 904 4446 Ezechielis
932 4392 1187 4449 refutata.

439 4478 504 4532 Il.
541 4478 663 4547 Quo
699 4491 946 4552 tempore
981 4483 1261 4539 Danielem
1292 4485 1636 4557 interpretari
1663 4498 1952 4559 aggressus

365 4566 456 4632 sit,
484 4571 662 4639 aperit
700 4572 920 4629 duobus
954 4573 1009 4628 in
1045 4574 1203 4640 locis,
1233 4576 1435 4646 quibus
1468 4578 1653 4642 tradit,
1678 4594 1709 4633 a
1731 4579 1953 4634 Christo

365 4664 496 4710 nato
541 4659 609 4715 ad
642 4669 890 4729 tempora
921 4663 1121 4734 quibus
1142 4665 1356 4731 scribit,
1381 4666 1756 4723 intercessisse
1775 4684 1951 4723 annos

365 4747 798 4822 quadringentos
822 4755 1189 4826 quadraginta
1225 4763 1282 4812 et
1309 4758 1567 4828 amplius,
1601 4758 1655 4813 id
1688 4768 1793 4823 est,
1820 4775 1946 4814 cum

366 4834 582 4904 aliquot
628 4844 950 4901 mensibus:
996 4845 1101 4901 hoc
1139 4847 1287 4902 enim
1331 4864 1561 4905 numero
1594 4848 1801 4904 indicat
1826 4851 1947 4904 vul-

364 4939 547 4993 garem
591 4927 797 4986 Christi
833 4950 1038 4988 annum
1070 4937 1195 5001 426,
1245 4938 1392 5008 quod
1444 4955 1511 4993 ex
1561 4939 1705 4995 libro
1756 4957 1830 5004 Ix,
1876 4941 1945 4995 ad

365 5027 530 5085 eaput
553 5018 608 5082 9,
644 5020 795 5077 hunc
822 5024 876 5078 in
903 5028 1124 5082 modum
1144 5030 1576 5086 demonstratur.

440 5108 527 5165 III.
555 5112 958 5179 Theodoretus,
989 5127 1049 5173 ut
1074 5133 1309 5190 exponat
1342 5140 1637 5179 numerum
1673 5142 1943 5183 annorum

367 5203 461 5273 qui
507 5203 748 5259 Danielis
781 5204 1156 5264 hebdomadas
1177 5211 1419 5276 conficit,
1442 5216 1613 5271 sumit
1644 5231 1817 5273 annos
1876 5218 1945 5273 de

365 5295 570 5365 quibus
635 5296 860 5367 angelus
916 5297 1125 5352 homini
1188 5300 1413 5357 Hebraeo
1495 5304 1769 5374 loquitur,
1835 5324 1945 5363 non

367 5385 535 5443 fuisse
562 5387 817 5458 vulgares
835 5405 933 5445 seu
964 5390 1192 5456 solares,
1219 5394 1311 5462 qui
1334 5394 1531 5449 diebus
1551 5406 1803 5453 constant
1816 5399 1941 5465 565,

2056 1845 2111 1899 2.
2152 1844 2212 1898 In
2255 1859 2446 1899 omnes
2480 1844 2781 1914 prophetas
2812 1842 3079 1912 scriptum
3115 1838 3286 1894 fuisse
3307 1846 3434 1892 ante
3458 1844 3645 1890 motas

2058 1952 2088 1993 a
2136 1936 2392 1992 Nestorio
2441 1935 2655 2000 turbas,
2697 1944 2795 1989 aut
2824 1941 2976 1989 certe
3023 1933 3346 2003 priusquam
3382 1927 3642 1984 Theodo-

2058 2039 2210 2082 retus
2242 2027 2308 2082 iis
2363 2042 2422 2082 se
2468 2026 2855 2082 immisceret:
2903 2039 3007 2098 nec
3049 2022 3200 2079 enim
3255 2022 3311 2075 in
3363 2018 3640 2092 ejusmodi

2058 2119 2468 2177 commentariis
2501 2119 2569 2174 de
2589 2116 2971 2172 incarnatione
2994 2114 3290 2186 quidquam
3322 2111 3640 2172 disseritur,

2057 2212 2204 2283 quod
2259 2211 2346 2266 vel
2385 2210 2582 2265 leviter
2626 2208 2959 2279 qumstiones
3000 2204 3343 2261 contentiose
3389 2209 3642 2273 postmo-

2057 2305 2186 2359 dum
2211 2304 2443 2376 agitatas
2464 2304 2714 2374 attingat.
2753 2301 2806 2355 5.
2833 2299 2944 2357 IIas
2973 2314 3168 2354 omnes
3188 2296 3643 2353 elucubrationes

2057 2395 2331 2465 pertinere
2358 2395 2425 2448 ad
2458 2409 2645 2465 opera,
2687 2408 2808 2462 qua:
2828 2394 2844 2412 ‘
2869 2391 2924 2445 in
2952 2389 3196 2460 Epistola
3227 2388 3291 2443 ad
3314 2385 3641 2449 Eusebium,

2056 2494 2183 2540 ante
2213 2484 2483 2556 synodum
2514 2482 2846 2553 Ephesinam
2881 2498 2896 2547 ;
2932 2480 2985 2534 in
3011 2478 3254 2549 Epistola
3279 2475 3347 2531 ad
3381 2483 3641 2530 sanctum

2057 2577 2316 2641 Leonem,
2341 2583 2468 2630 ante
2492 2573 2682 2644 viginti
2714 2586 2907 2635 annos,
2942 2568 3248 2639 composita
3281 2565 3563 2621 dicuntur.

2126 2670 2192 2725 V.
2227 2666 2600 2738 Expositionis
2622 2680 2736 2719 suae
2761 2664 2815 2718 in
2850 2661 3042 2717 Isaiam
3085 2658 3338 2715 meminit
3383 2655 3641 2712 Theodo-

2057 2770 2211 2816 retus
2242 2758 2546 2830 quaestione
2567 2757 2635 2813 52
2666 2757 2721 2810 in
2746 2762 3005 2825 quartum
3028 2754 3237 2823 Regum
3269 2768 3282 2805 :
3317 2771 3335 2802 ‹
3363 2749 3641 2805 Caeterum

2055 2851 2311 2907 existimo
2343 2862 2817 2920 supervacaneum
2841 2845 3033 2901 eadem
3056 2843 3272 2899 dicere:
3295 2857 3420 2897 nam
3440 2841 3643 2895 Isaiam

2057 2944 2378 3014 prophetam
2411 2941 2777 3011 interpretans
2799 2939 2905 2992 hoc
2938 2933 3206 3005 explicavi
3240 2933 3306 2987 ".
3345 2952 3361 2985 ι
3393 2933 3462 2985 Et
3486 2939 3642 3000 post-

2054 3047 2120 3086 ea
2149 3048 2163 3085 :
2210 3049 2228 3081 ‹
2267 3028 2503 3084 Ararath
2557 3036 2745 3082 autem
2792 3024 3009 3080 vocavit
3040 3022 3353 3077 Armeniam
3381 3038 3394 3075 :
3426 3021 3640 3076 etenim

2054 3123 2206 3178 Isaiae
2258 3121 2546 3193 prophetia
2608 3119 2752 3173 hanc
2796 3117 2961 3172 habet
2990 3114 3522 3186 interpretationem.
3556 3112 3638 3167 Ea

2052 3229 2203 3279 vero,
2246 3227 2369 3284 qua:
2393 3212 2463 3266 ad
2491 3210 2909 3283 aegrotationem
2940 3208 3190 3263 Ezeehim
3229 3207 3531 3277 pertinent,
3573 3206 3634 3260 in

2052 3306 2225 3364 divini
2243 3305 2397 3361 Isaiae
2426 3303 2774 3375 prophetiam
2803 3317 2930 3356 cum
2959 3300 3013 3355 id
3047 3300 3178 3355 satis
3200 3298 3633 3361 declaraverim,

2051 3410 2519 3470 supervacaneum
2556 3395 2812 3450 existimo
2872 3393 2958 3448 bis
3011 3392 3262 3446 eamdem
3313 3390 3493 3445 facere
3545 3390 3641 3444 in-

2053 3489 2521 3560 terpretationem.
2555 3506 2573 3538 ι
2636 3486 2707 3540 Et
2745 3484 3051 3553 quaestione
3099 3482 3171 3538 22
3200 3482 3257 3537 in
3283 3480 3584 3538 Jeremiam
3616 3497 3636 3538 ς

2060 3600 2078 3633 ι
2118 3582 2186 3636 Et
2211 3581 2375 3651 hujus
2394 3576 2689 3634 locutionis
2733 3576 3002 3631 rationem
3057 3574 3312 3644 pluribus
3359 3573 3641 3645 explicui-

2051 3682 2174 3722 mus
2197 3668 2251 3721 in
2276 3666 2446 3721 divini
2471 3665 2623 3721 Isaiae
2644 3663 3095 3733 interpretatione
3118 3662 3184 3717 ⁸⁸.
3219 3681 3238 3714 ι

2122 3757 2209 3813 VI.
2247 3757 2673 3820 Commentaria,
2708 3753 3013 3824 cujusmodi
3051 3768 3083 3807 a
3113 3752 3467 3807 Theodoreto
3491 3752 3637 3806 scri-

2053 3855 2143 3917 pta
2191 3855 2341 3912 sunt,
2392 3861 2543 3901 nunc
2597 3859 2706 3898 non
2760 3843 3056 3907 habentur,
3109 3850 3206 3896 aut
3244 3841 3288 3896 si
3331 3841 3635 3905 habentur,

2051 3937 2198 3993 edita
2246 3953 2355 3993 non
2401 3945 2567 3992 sunt:
2610 3938 2706 3993 sed
2758 3954 2824 3993 ex
2858 3936 3079 3993 Catenis
3103 3936 3308 3993 Graecis
3331 3936 3659 3991 extraxisse‘

2052 4043 2134 4095 se,
2167 4045 2291 4099 qua:
2337 4030 2525 4095 vertit,
2576 4039 2810 4084 testatur
2853 4027 3218 4084 Sirmondus:
3269 4027 3416 4083 unde
3451 4027 3531 4092 fit,
3571 4035 3640 4082 ut

2053 4121 2108 4177 id
2142 4122 2326 4192 operis
2375 4121 2429 4175 in
2456 4122 2569 4176 sola
2604 4121 2987 4177 Sirmondiana
3013 4120 3260 4176 editione
3300 4119 3634 4190 reperiatur.

2121 4212 2233 4267 VII.
2259 4212 2480 4267 Memini
2503 4229 2590 4268 me
2626 4213 2923 4283 aliquando
2950 4212 3147 4268 audire
3175 4212 3357 4267 virum
3380 4212 3632 4275 doctum,

2052 4304 2144 4373 qui
2182 4304 2503 4358 nonnullam
2540 4304 2811 4375 ejusmodi
2860 4313 3245 4375 excerptorum
3288 4313 3502 4375 partem
3531 4304 3635 4358 tri-

2054 4396 2329 4450 buendam
2369 4395 2660 4451 Theodoro
2704 4396 3086 4464 Mopsuesteno
3134 4394 3262 4449 inde
3308 4394 3630 4464 conjiceret.

2054 4490 2103 4543 I.
2157 4486 2313 4554 Quod
2368 4487 2691 4541 Theodorus
2742 4487 3136 4557 interpretatus
3182 4487 3255 4541 sit
3294 4486 3515 4550 Isaiam,
3570 4497 3635 4542 ut

2048 4580 2218 4635 tradit
2266 4578 2633 4634 Iched-Jesu.
2687 4578 2740 4631 2.
2793 4576 2952 4644 Quod
2992 4578 3240 4634 breviala
3266 4577 3635 4633 Theoderici.

2050 4669 2385 4725 Theodoreti
2409 4671 2631 4724 nomina
2657 4684 2801 4739 saepe
2829 4669 3261 4734 confundantur,
3291 4677 3408 4722 tum
3438 4684 3468 4724 a
3490 4684 3632 4723 eou-

2048 4757 2371 4824 fectoribus,
2398 4767 2514 4813 tum
2543 4775 2574 4814 a
2616 4758 2921 4813 lectoribus
2938 4758 3267 4814 Catenarum
3287 4757 3630 4814 Graecarum.

2051 4851 2104 4906 3.
2137 4853 2152 4871 ¹
2180 4851 2334 4917 Quod
2365 4851 2763 4921 interpretandi
2814 4851 2956 4907 ratio
2997 4866 3139 4921 saepe
3186 4850 3382 4906 similis
3429 4851 3504 4905 sit
3550 4852 3631 4916 ei,

2052 4957 2215 5011 quam
2249 4942 2575 4996 indubitatis
2618 4942 2671 4995 in
2713 4942 2851 4996 locis
2898 4941 3225 4996 Theodorus
3250 4950 3477 4997 secutus
3517 4951 3628 4997 est.

2052 5034 2104 5087 4.
2143 5032 2298 5100 Quod
2333 5034 2386 5087 in
2422 5033 2691 5103 ejusmodi
2715 5034 2987 5104 cxcerptis
3012 5033 3079 5087 de
3110 5033 3491 5088 incarnatione
3516 5048 3631 5087 non

2047 5124 2152 5179 alia
2179 5123 2291 5178 fere
2318 5123 2595 5188 dicantur,
2620 5141 2784 5193 quam
2835 5142 2957 5195 qua:
2991 5125 3318 5180 Theodorus
3351 5140 3461 5179 non
3498 5142 3629 5195 gr-a-

2046 5224 2170 5270 vate
2202 5224 2514 5285 usurparet.
2544 5217 2594 5272 5.
2627 5216 2783 5283 Quod
2809 5234 2932 5287 qua:
2957 5217 3340 5272 Theodoretus
3365 5217 3625 5278 tradidit,

2046 5322 2103 5361 se
2128 5306 2182 5361 in
2208 5308 2617 5363 commentariis
2642 5308 2697 5362 in
2718 5309 2911 5362 Isaiam
2933 5308 3279 5378 explicuisse,
3307 5308 3361 5362 in
3385 5308 3476 5372 iis,
3500 5323 3630 5377 qua“:

2047 5400 2373 5455 Sirmondus
2395 5399 2450 5454 in
2473 5400 2651 5455 lucem
2682 5400 2931 5470 protulit,
2955 5407 3049 5455 aut
3075 5401 3300 5454 omnino
3324 5415 3435 5454 non
3460 5416 3626 5470 repe-

1674 5551 1997 5610 SCHI‘LZII
2036 5553 2266 5610 ΝΟΤΑῧ.

439 5673 490 5706 ³⁸
516 5673 662 5731 Εάἰῑ.
688 5684 887 5734 nostrae
938 5694 993 5746 p.
1030 5678 1152 5736 509.
1231 5681 1275 5713 ⁸⁷
1311 5681 1448 5739 Ibid.
1525 5684 1569 5718 ⁸³
1600 5685 1758 5743 Phot.
1818 5690 1940 5745 cod.

2058 5690 2103 5744 δ.
2183 5691 2226 5723 ευ
2256 5690 2373 5745 vm.
2411 5698 2449 5743 ι.
2495 5689 2535 5754 ι,
2568 5704 2619 5759 p.
2669 5688 2767 5744 διδ
2799 5703 2915 5760 seq.
2991 5690 3035 5721 θο
3067 5688 3185 5744 vm.
3221 5699 3259 5744 ι.
3292 5687 3355 5753 ιι,
3391 5698 3449 5753 p.
3491 5691 3624 5750 509.
