  <div class='ocr_page' id='page_1' title='image "/cluster/home/n/w/nwhite01/storage/ocr_20150623/84 pt.5/mdp.39015010572884/120.png"; bbox 0 0 3926 6216; ppageno 0'>
   <div class='ocr_carea' id='block_1_1' title="bbox 256 339 354 404">
    <p class='ocr_par' dir='ltr' id='par_1_1' title="bbox 256 339 354 404">
     <span class='ocr_line' id='line_1_1' title="bbox 256 339 354 404; baseline 0 0"><span class='ocrx_word' id='word_1_1' title='bbox 256 339 354 404; x_wconf 80' lang='lat'><strong>225</strong></span> 
     </span>
    </p>
   </div>
   <div class='ocr_carea' id='block_1_2' title="bbox 1423 345 2362 410">
    <p class='ocr_par' dir='ltr' id='par_1_2' title="bbox 1423 345 2362 410">
     <span class='ocr_line' id='line_1_2' title="bbox 1423 345 2362 410; baseline 0.004 -4"><span class='ocrx_word' id='word_1_2' title='bbox 1423 345 1520 406; x_wconf 87' lang='lat' dir='ltr'><strong>DE</strong></span> <span class='ocrx_word' id='word_1_3' title='bbox 1560 345 1817 407; x_wconf 80' lang='lat' dir='ltr'><strong>LIBRIS</strong></span> <span class='ocrx_word' id='word_1_4' title='bbox 1852 348 2362 410; x_wconf 83' lang='lat' dir='ltr'><strong>THEODORETI-</strong></span> 
     </span>
    </p>
   </div>
   <div class='ocr_carea' id='block_1_3' title="bbox 3410 353 3517 417">
    <p class='ocr_par' dir='ltr' id='par_1_3' title="bbox 3410 353 3517 417">
     <span class='ocr_line' id='line_1_3' title="bbox 3410 353 3517 417; baseline 0.028 -3"><span class='ocrx_word' id='word_1_5' title='bbox 3410 353 3517 417; x_wconf 68' lang='lat'><strong>226</strong></span> 
     </span>
    </p>
   </div>
   <div class='ocr_carea' id='block_1_4' title="bbox 265 452 3523 536">
    <p class='ocr_par' dir='ltr' id='par_1_4' title="bbox 265 452 3523 536">
     <span class='ocr_line' id='line_1_4' title="bbox 265 452 3523 536; baseline 0.002 -24"><span class='ocrx_word' id='word_1_6' title='bbox 265 459 486 518; x_wconf 83' lang='lat' dir='ltr'><strong>riatttur,</strong></span> <span class='ocrx_word' id='word_1_7' title='bbox 521 463 622 509; x_wconf 91' lang='lat' dir='ltr'><strong>aut</strong></span> <span class='ocrx_word' id='word_1_8' title='bbox 661 455 858 510; x_wconf 85' lang='lat' dir='ltr'><strong>sa‘ltetn</strong></span> <span class='ocrx_word' id='word_1_9' title='bbox 908 471 1017 510; x_wconf 89' lang='lat' dir='ltr'><strong>non</strong></span> <span class='ocrx_word' id='word_1_10' title='bbox 1047 452 1209 525; x_wconf 70' lang='lat'><strong>275</strong></span> <span class='ocrx_word' id='word_1_11' title='bbox 1240 454 1491 525; x_wconf 79' lang='lat' dir='ltr'><strong>pluribus</strong></span> <span class='ocrx_word' id='word_1_12' title='bbox 1534 458 1782 527; x_wconf 76' lang='lat' dir='ltr'><strong>exposita</strong></span> <span class='ocrx_word' id='word_1_13' title='bbox 1814 475 1832 523; x_wconf 86' lang='lat'><strong>;</strong></span> <span class='ocrx_word' id='word_1_14' title='bbox 1866 469 1908 521; x_wconf 69' lang='grc' dir='ltr'><strong>Α</strong></span> <span class='ocrx_word' id='word_1_15' title='bbox 1935 462 2212 531; x_wconf 75' lang='lat' dir='ltr'><strong>posterior</strong></span> <span class='ocrx_word' id='word_1_16' title='bbox 2254 475 2401 516; x_wconf 89' lang='lat' dir='ltr'><strong>anno</strong></span> <span class='ocrx_word' id='word_1_17' title='bbox 2426 462 2549 517; x_wconf 72' lang='lat' dir='ltr'><strong>M9.</strong></span> <span class='ocrx_word' id='word_1_18' title='bbox 2590 461 2768 528; x_wconf 82' lang='lat' dir='ltr'><strong>Quare</strong></span> <span class='ocrx_word' id='word_1_19' title='bbox 2810 477 2877 517; x_wconf 77' lang='lat' dir='ltr'><strong>ex</strong></span> <span class='ocrx_word' id='word_1_20' title='bbox 2910 462 3214 533; x_wconf 75' lang='lat' dir='ltr'><strong>posteriore</strong></span> <span class='ocrx_word' id='word_1_21' title='bbox 3248 464 3523 536; x_wconf 85' lang='lat' dir='ltr'><strong>cotligitur</strong></span> 
     </span>
    </p>
   </div>
   <div class='ocr_carea' id='block_1_5' title="bbox 265 545 1313 619">
    <p class='ocr_par' dir='ltr' id='par_1_5' title="bbox 265 545 1313 619">
     <span class='ocr_line' id='line_1_5' title="bbox 265 545 1313 619; baseline -0.005 -15"><span class='ocrx_word' id='word_1_22' title='bbox 265 545 402 619; x_wconf 88' lang='lat' dir='ltr'><strong>quod</strong></span> <span class='ocrx_word' id='word_1_23' title='bbox 441 556 632 601; x_wconf 90' lang='lat' dir='ltr'><strong>tamen</strong></span> <span class='ocrx_word' id='word_1_24' title='bbox 661 545 989 603; x_wconf 85' lang='lat' dir='ltr'><strong>Theodorus</strong></span> <span class='ocrx_word' id='word_1_25' title='bbox 1022 546 1313 616; x_wconf 90' lang='lat' dir='ltr'><strong>promittit.</strong></span> 
     </span>
    </p>
   </div>
   <div class='ocr_carea' id='block_1_6' title="bbox 327 638 1844 710">
    <p class='ocr_par' dir='ltr' id='par_1_6' title="bbox 327 638 1844 710">
     <span class='ocr_line' id='line_1_6' title="bbox 327 638 1844 710; baseline 0 -16"><span class='ocrx_word' id='word_1_26' title='bbox 327 639 461 695; x_wconf 80' lang='lat' dir='ltr'><strong>Vill.</strong></span> <span class='ocrx_word' id='word_1_27' title='bbox 495 638 581 694; x_wconf 80' lang='lat' dir='ltr'><strong>Ad</strong></span> <span class='ocrx_word' id='word_1_28' title='bbox 625 648 884 693; x_wconf 77' lang='lat' dir='ltr'><strong>extrema</strong></span> <span class='ocrx_word' id='word_1_29' title='bbox 923 639 1091 693; x_wconf 86' lang='lat' dir='ltr'><strong>verba</strong></span> <span class='ocrx_word' id='word_1_30' title='bbox 1127 638 1433 694; x_wconf 80' lang='lat' dir='ltr'><strong>Ezechielis</strong></span> <span class='ocrx_word' id='word_1_31' title='bbox 1457 639 1501 670; x_wconf 79' lang='grc'><strong>⁶¹</strong></span> <span class='ocrx_word' id='word_1_32' title='bbox 1540 638 1844 710; x_wconf 61' lang='lat' dir='ltr'><strong>prophetae,</strong></span> 
     </span>
    </p>
   </div>
   <div class='ocr_carea' id='block_1_7' title="bbox 266 727 1845 799">
    <p class='ocr_par' dir='ltr' id='par_1_7' title="bbox 266 727 1845 799">
     <span class='ocr_line' id='line_1_7' title="bbox 266 727 1845 799; baseline -0.001 -16"><span class='ocrx_word' id='word_1_33' title='bbox 266 727 457 799; x_wconf 81' lang='lat' dir='ltr'><strong>quibus</strong></span> <span class='ocrx_word' id='word_1_34' title='bbox 496 727 850 798; x_wconf 88' lang='lat' dir='ltr'><strong>promittitur</strong></span> <span class='ocrx_word' id='word_1_35' title='bbox 878 727 1157 783; x_wconf 84' lang='lat' dir='ltr'><strong>restitutio</strong></span> <span class='ocrx_word' id='word_1_36' title='bbox 1180 727 1417 782; x_wconf 81' lang='lat' dir='ltr'><strong>civitatis</strong></span> <span class='ocrx_word' id='word_1_37' title='bbox 1437 728 1845 799; x_wconf 71' lang='lat' dir='ltr'><strong>Hierosolymze,</strong></span> 
     </span>
    </p>
   </div>
   <div class='ocr_carea' id='block_1_8' title="bbox 268 818 1843 892">
    <p class='ocr_par' dir='ltr' id='par_1_8' title="bbox 268 818 1843 892">
     <span class='ocr_line' id='line_1_8' title="bbox 268 818 1843 892; baseline -0.001 -16"><span class='ocrx_word' id='word_1_38' title='bbox 268 822 502 892; x_wconf 84' lang='lat' dir='ltr'><strong>disputat</strong></span> <span class='ocrx_word' id='word_1_39' title='bbox 548 821 765 890; x_wconf 73' lang='lat' dir='ltr'><strong>prolixe</strong></span> <span class='ocrx_word' id='word_1_40' title='bbox 819 820 1207 875; x_wconf 86' lang='lat' dir='ltr'><strong>Theodoretus</strong></span> <span class='ocrx_word' id='word_1_41' title='bbox 1224 820 1494 875; x_wconf 83' lang='lat' dir='ltr'><strong>adversus</strong></span> <span class='ocrx_word' id='word_1_42' title='bbox 1520 818 1843 890; x_wconf 87' lang='lat' dir='ltr'><strong>Apollinarii</strong></span> 
     </span>
    </p>
   </div>
   <div class='ocr_carea' id='block_1_9' title="bbox 267 909 1847 980">
    <p class='ocr_par' dir='ltr' id='par_1_9' title="bbox 267 909 1847 980">
     <span class='ocr_line' id='line_1_9' title="bbox 267 909 1847 980; baseline -0.003 -12"><span class='ocrx_word' id='word_1_43' title='bbox 267 926 503 968; x_wconf 87' lang='lat' dir='ltr'><strong>errorem</strong></span> <span class='ocrx_word' id='word_1_44' title='bbox 540 910 610 966; x_wconf 91' lang='lat' dir='ltr'><strong>de</strong></span> <span class='ocrx_word' id='word_1_45' title='bbox 632 910 1038 975; x_wconf 74' lang='grc' dir='ltr'><strong>ἁνακυκλώσει,</strong></span> <span class='ocrx_word' id='word_1_46' title='bbox 1073 925 1238 980; x_wconf 83' lang='lat' dir='ltr'><strong>quem</strong></span> <span class='ocrx_word' id='word_1_47' title='bbox 1262 909 1510 964; x_wconf 83' lang='lat' dir='ltr'><strong>Andreas</strong></span> <span class='ocrx_word' id='word_1_48' title='bbox 1535 909 1847 964; x_wconf 85' lang='lat' dir='ltr'><strong>Samosatc-</strong></span> 
     </span>
    </p>
   </div>
   <div class='ocr_carea' id='block_1_10' title="bbox 268 999 1843 1073">
    <p class='ocr_par' dir='ltr' id='par_1_10' title="bbox 268 999 1843 1073">
     <span class='ocr_line' id='line_1_10' title="bbox 268 999 1843 1073; baseline -0.003 -17"><span class='ocrx_word' id='word_1_49' title='bbox 268 1018 365 1057; x_wconf 90' lang='lat' dir='ltr'><strong>nus</strong></span> <span class='ocrx_word' id='word_1_50' title='bbox 403 1001 612 1073; x_wconf 79' lang='lat' dir='ltr'><strong>Cyrillo</strong></span> <span class='ocrx_word' id='word_1_51' title='bbox 646 1000 875 1073; x_wconf 89' lang='lat' dir='ltr'><strong>objecit,</strong></span> <span class='ocrx_word' id='word_1_52' title='bbox 907 1015 1030 1056; x_wconf 89' lang='lat' dir='ltr'><strong>cum</strong></span> <span class='ocrx_word' id='word_1_53' title='bbox 1063 999 1290 1055; x_wconf 88' lang='lat' dir='ltr'><strong>tertium</strong></span> <span class='ocrx_word' id='word_1_54' title='bbox 1326 999 1843 1055; x_wconf 88' lang='lat' dir='ltr'><strong>anathematismum</strong></span> 
     </span>
    </p>
   </div>
   <div class='ocr_carea' id='block_1_11' title="bbox 268 1088 1848 1156">
    <p class='ocr_par' dir='ltr' id='par_1_11' title="bbox 268 1088 1848 1156">
     <span class='ocr_line' id='line_1_11' title="bbox 268 1088 1848 1156; baseline -0.003 -10"><span class='ocrx_word' id='word_1_55' title='bbox 268 1100 502 1148; x_wconf 77' lang='lat' dir='ltr'><strong>vexaret.</strong></span> <span class='ocrx_word' id='word_1_56' title='bbox 559 1092 760 1146; x_wconf 77' lang='lat' dir='ltr'><strong>Mirum</strong></span> <span class='ocrx_word' id='word_1_57' title='bbox 814 1106 968 1156; x_wconf 82' lang='lat' dir='ltr'><strong>vero,</strong></span> <span class='ocrx_word' id='word_1_58' title='bbox 1015 1106 1115 1145; x_wconf 89' lang='lat' dir='ltr'><strong>cur</strong></span> <span class='ocrx_word' id='word_1_59' title='bbox 1161 1089 1544 1144; x_wconf 81' lang='lat' dir='ltr'><strong>Theodoretus</strong></span> <span class='ocrx_word' id='word_1_60' title='bbox 1567 1088 1623 1143; x_wconf 91' lang='lat' dir='ltr'><strong>in</strong></span> <span class='ocrx_word' id='word_1_61' title='bbox 1657 1103 1848 1143; x_wconf 90' lang='lat' dir='ltr'><strong>recen-</strong></span> 
     </span>
    </p>
   </div>
   <div class='ocr_carea' id='block_1_12' title="bbox 267 1178 1845 1253">
    <p class='ocr_par' dir='ltr' id='par_1_12' title="bbox 267 1178 1845 1253">
     <span class='ocr_line' id='line_1_12' title="bbox 267 1178 1845 1253; baseline -0.003 -15"><span class='ocrx_word' id='word_1_62' title='bbox 267 1182 445 1238; x_wconf 86' lang='lat' dir='ltr'><strong>sendis</strong></span> <span class='ocrx_word' id='word_1_63' title='bbox 466 1182 798 1253; x_wconf 86' lang='lat' dir='ltr'><strong>Apollinarii</strong></span> <span class='ocrx_word' id='word_1_64' title='bbox 830 1181 1114 1237; x_wconf 89' lang='lat' dir='ltr'><strong>erroribus</strong></span> <span class='ocrx_word' id='word_1_65' title='bbox 1148 1179 1204 1235; x_wconf 89' lang='lat' dir='ltr'><strong>in</strong></span> <span class='ocrx_word' id='word_1_66' title='bbox 1226 1180 1371 1235; x_wconf 91' lang='lat' dir='ltr'><strong>libro</strong></span> <span class='ocrx_word' id='word_1_67' title='bbox 1395 1195 1448 1234; x_wconf 85' lang='lat' dir='ltr'><strong>tv</strong></span> <span class='ocrx_word' id='word_1_68' title='bbox 1463 1178 1845 1234; x_wconf 61' lang='lat' dir='ltr'><strong>Hareticarum</strong></span> 
     </span>
    </p>
   </div>
   <div class='ocr_carea' id='block_1_13' title="bbox 268 1269 1843 1344">
    <p class='ocr_par' dir='ltr' id='par_1_13' title="bbox 268 1269 1843 1344">
     <span class='ocr_line' id='line_1_13' title="bbox 268 1269 1843 1344; baseline -0.003 -16"><span class='ocrx_word' id='word_1_69' title='bbox 268 1272 589 1343; x_wconf 76' lang='lat' dir='ltr'><strong>fabularum,</strong></span> <span class='ocrx_word' id='word_1_70' title='bbox 629 1273 795 1328; x_wconf 82' lang='lat' dir='ltr'><strong>anilis</strong></span> <span class='ocrx_word' id='word_1_71' title='bbox 838 1272 1068 1344; x_wconf 74' lang='lat' dir='ltr'><strong>hujusce</strong></span> <span class='ocrx_word' id='word_1_72' title='bbox 1096 1271 1305 1327; x_wconf 74' lang='lat' dir='ltr'><strong>fabella:</strong></span> <span class='ocrx_word' id='word_1_73' title='bbox 1334 1286 1446 1326; x_wconf 91' lang='lat' dir='ltr'><strong>non</strong></span> <span class='ocrx_word' id='word_1_74' title='bbox 1476 1269 1793 1325; x_wconf 83' lang='lat' dir='ltr'><strong>meminerit</strong></span> <span class='ocrx_word' id='word_1_75' title='bbox 1829 1288 1843 1324; x_wconf 89' lang='lat'><strong>:</strong></span> 
     </span>
    </p>
   </div>
   <div class='ocr_carea' id='block_1_14' title="bbox 269 1360 1847 1436">
    <p class='ocr_par' dir='ltr' id='par_1_14' title="bbox 269 1360 1847 1436">
     <span class='ocr_line' id='line_1_14' title="bbox 269 1360 1847 1436; baseline -0.003 -18"><span class='ocrx_word' id='word_1_76' title='bbox 269 1381 453 1421; x_wconf 83' lang='lat' dir='ltr'><strong>verum</strong></span> <span class='ocrx_word' id='word_1_77' title='bbox 488 1373 871 1436; x_wconf 75' lang='lat' dir='ltr'><strong>perspexerat,</strong></span> <span class='ocrx_word' id='word_1_78' title='bbox 898 1365 1101 1436; x_wconf 82' lang='lat' dir='ltr'><strong>Cyrillo</strong></span> <span class='ocrx_word' id='word_1_79' title='bbox 1124 1379 1194 1418; x_wconf 93' lang='lat' dir='ltr'><strong>ne</strong></span> <span class='ocrx_word' id='word_1_80' title='bbox 1232 1363 1471 1433; x_wconf 81' lang='lat' dir='ltr'><strong>speciem</strong></span> <span class='ocrx_word' id='word_1_81' title='bbox 1495 1361 1717 1431; x_wconf 87' lang='lat' dir='ltr'><strong>quidem</strong></span> <span class='ocrx_word' id='word_1_82' title='bbox 1745 1360 1847 1415; x_wconf 92' lang='lat' dir='ltr'><strong>de-</strong></span> 
     </span>
    </p>
   </div>
   <div class='ocr_carea' id='block_1_15' title="bbox 268 1450 1846 1524">
    <p class='ocr_par' dir='ltr' id='par_1_15' title="bbox 268 1450 1846 1524">
     <span class='ocr_line' id='line_1_15' title="bbox 268 1450 1846 1524; baseline -0.005 -13"><span class='ocrx_word' id='word_1_83' title='bbox 268 1456 535 1511; x_wconf 85' lang='lat' dir='ltr'><strong>liramenti</strong></span> <span class='ocrx_word' id='word_1_84' title='bbox 569 1463 681 1511; x_wconf 88' lang='lat' dir='ltr'><strong>tam</strong></span> <span class='ocrx_word' id='word_1_85' title='bbox 709 1454 936 1510; x_wconf 88' lang='lat' dir='ltr'><strong>absurdi</strong></span> <span class='ocrx_word' id='word_1_86' title='bbox 966 1452 1147 1524; x_wconf 81' lang='lat' dir='ltr'><strong>atlingi</strong></span> <span class='ocrx_word' id='word_1_87' title='bbox 1196 1466 1396 1522; x_wconf 83' lang='lat' dir='ltr'><strong>posse;</strong></span> <span class='ocrx_word' id='word_1_88' title='bbox 1442 1450 1676 1520; x_wconf 81' lang='lat' dir='ltr'><strong>ideoque</strong></span> <span class='ocrx_word' id='word_1_89' title='bbox 1720 1465 1846 1504; x_wconf 90' lang='lat' dir='ltr'><strong>cum</strong></span> 
     </span>
    </p>
   </div>
   <div class='ocr_carea' id='block_1_16' title="bbox 270 1547 1844 1613">
    <p class='ocr_par' dir='ltr' id='par_1_16' title="bbox 270 1547 1844 1613">
     <span class='ocr_line' id='line_1_16' title="bbox 270 1547 1844 1613; baseline -0.005 -11"><span class='ocrx_word' id='word_1_90' title='bbox 270 1548 331 1604; x_wconf 87' lang='lat' dir='ltr'><strong>de</strong></span> <span class='ocrx_word' id='word_1_91' title='bbox 360 1547 640 1603; x_wconf 62' lang='lat' dir='ltr'><strong>haereticis</strong></span> <span class='ocrx_word' id='word_1_92' title='bbox 673 1561 739 1602; x_wconf 90' lang='lat' dir='ltr'><strong>ea</strong></span> <span class='ocrx_word' id='word_1_93' title='bbox 772 1555 983 1603; x_wconf 88' lang='lat' dir='ltr'><strong>tantum</strong></span> <span class='ocrx_word' id='word_1_94' title='bbox 1019 1551 1503 1609; x_wconf 82' lang='lat' dir='ltr'><strong>commemoraret,</strong></span> <span class='ocrx_word' id='word_1_95' title='bbox 1538 1558 1660 1613; x_wconf 68' lang='lat' dir='ltr'><strong>qua:</strong></span> <span class='ocrx_word' id='word_1_96' title='bbox 1700 1558 1844 1595; x_wconf 90' lang='lat' dir='ltr'><strong>non-</strong></span> 
     </span>
    </p>
   </div>
   <div class='ocr_carea' id='block_1_17' title="bbox 272 1633 1844 1710">
    <p class='ocr_par' dir='ltr' id='par_1_17' title="bbox 272 1633 1844 1710">
     <span class='ocr_line' id='line_1_17' title="bbox 272 1633 1844 1710; baseline -0.003 -17"><span class='ocrx_word' id='word_1_97' title='bbox 272 1639 465 1695; x_wconf 83' lang='lat' dir='ltr'><strong>nullam</strong></span> <span class='ocrx_word' id='word_1_98' title='bbox 495 1639 684 1695; x_wconf 82' lang='lat' dir='ltr'><strong>facere</strong></span> <span class='ocrx_word' id='word_1_99' title='bbox 717 1647 943 1710; x_wconf 84' lang='lat' dir='ltr'><strong>possent</strong></span> <span class='ocrx_word' id='word_1_100' title='bbox 974 1636 1221 1701; x_wconf 79' lang='grc' dir='ltr'><strong>ὲνὼσεως</strong></span> <span class='ocrx_word' id='word_1_101' title='bbox 1253 1636 1377 1690; x_wconf 82' lang='grc' dir='ltr'>καθ’</span> <span class='ocrx_word' id='word_1_102' title='bbox 1418 1636 1717 1689; x_wconf 81' lang='grc' dir='ltr'><strong>ὑπόστασιν</strong></span> <span class='ocrx_word' id='word_1_103' title='bbox 1744 1633 1844 1688; x_wconf 87' lang='lat' dir='ltr'><strong>de-</strong></span> 
     </span>
    </p>
   </div>
   <div class='ocr_carea' id='block_1_18' title="bbox 270 1725 1841 1797">
    <p class='ocr_par' dir='ltr' id='par_1_18' title="bbox 270 1725 1841 1797">
     <span class='ocr_line' id='line_1_18' title="bbox 270 1725 1841 1797; baseline -0.003 -12"><span class='ocrx_word' id='word_1_104' title='bbox 270 1730 575 1787; x_wconf 75' lang='lat' dir='ltr'><strong>fensoribus</strong></span> <span class='ocrx_word' id='word_1_105' title='bbox 619 1729 885 1786; x_wconf 89' lang='lat' dir='ltr'><strong>invidiam</strong></span> <span class='ocrx_word' id='word_1_106' title='bbox 933 1729 1214 1786; x_wconf 79' lang='lat' dir='ltr'><strong>societatis</strong></span> <span class='ocrx_word' id='word_1_107' title='bbox 1250 1744 1375 1784; x_wconf 90' lang='lat' dir='ltr'><strong>cum</strong></span> <span class='ocrx_word' id='word_1_108' title='bbox 1405 1725 1745 1797; x_wconf 87' lang='lat' dir='ltr'><strong>Apollinario</strong></span> <span class='ocrx_word' id='word_1_109' title='bbox 1773 1726 1841 1788; x_wconf 84' lang='lat'><strong>&quot;,</strong></span> 
     </span>
    </p>
   </div>
   <div class='ocr_carea' id='block_1_19' title="bbox 271 1804 1915 1889">
    <p class='ocr_par' dir='ltr' id='par_1_19' title="bbox 271 1804 1915 1889">
     <span class='ocr_line' id='line_1_19' title="bbox 271 1804 1915 1889; baseline -0.005 -11"><span class='ocrx_word' id='word_1_110' title='bbox 271 1823 394 1879; x_wconf 83' lang='lat' dir='ltr'><strong>satis</strong></span> <span class='ocrx_word' id='word_1_111' title='bbox 419 1824 615 1880; x_wconf 84' lang='lat' dir='ltr'><strong>habuit</strong></span> <span class='ocrx_word' id='word_1_112' title='bbox 643 1839 711 1879; x_wconf 90' lang='lat' dir='ltr'><strong>ea</strong></span> <span class='ocrx_word' id='word_1_113' title='bbox 730 1822 915 1878; x_wconf 88' lang='lat' dir='ltr'><strong>dicere</strong></span> <span class='ocrx_word' id='word_1_114' title='bbox 939 1822 1007 1878; x_wconf 83' lang='lat' dir='ltr'><strong>de</strong></span> <span class='ocrx_word' id='word_1_115' title='bbox 1037 1822 1144 1877; x_wconf 86' lang='lat' dir='ltr'><strong>hoc</strong></span> <span class='ocrx_word' id='word_1_116' title='bbox 1168 1820 1453 1881; x_wconf 76' lang='lat' dir='ltr'><strong>bzeretico.</strong></span> <span class='ocrx_word' id='word_1_117' title='bbox 1479 1833 1601 1889; x_wconf 59' lang='lat' dir='ltr'><strong>qua:</strong></span> <span class='ocrx_word' id='word_1_118' title='bbox 1633 1815 1701 1871; x_wconf 85' lang='lat' dir='ltr'><strong>ad</strong></span> <span class='ocrx_word' id='word_1_119' title='bbox 1727 1832 1841 1871; x_wconf 89' lang='lat' dir='ltr'><strong>rem</strong></span> <span class='ocrx_word' id='word_1_120' title='bbox 1877 1804 1915 1858; x_wconf 75' lang='grc' dir='ltr'><strong>Β</strong></span> 
     </span>
    </p>
   </div>
   <div class='ocr_carea' id='block_1_20' title="bbox 271 1906 1847 1984">
    <p class='ocr_par' dir='ltr' id='par_1_20' title="bbox 271 1906 1847 1984">
     <span class='ocr_line' id='line_1_20' title="bbox 271 1906 1847 1984; baseline -0.006 -16"><span class='ocrx_word' id='word_1_121' title='bbox 271 1929 415 1969; x_wconf 88' lang='lat' dir='ltr'><strong>suam</strong></span> <span class='ocrx_word' id='word_1_122' title='bbox 442 1913 737 1981; x_wconf 82' lang='lat' dir='ltr'><strong>facerent;</strong></span> <span class='ocrx_word' id='word_1_123' title='bbox 772 1924 972 1970; x_wconf 62' lang='lat' dir='ltr'><strong>caetera</strong></span> <span class='ocrx_word' id='word_1_124' title='bbox 1002 1911 1377 1984; x_wconf 72' lang='lat' dir='ltr'><strong>praetermisit,</strong></span> <span class='ocrx_word' id='word_1_125' title='bbox 1410 1924 1531 1980; x_wconf 71' lang='lat' dir='ltr'><strong>qua:</strong></span> <span class='ocrx_word' id='word_1_126' title='bbox 1576 1906 1710 1961; x_wconf 88' lang='lat' dir='ltr'><strong>alias</strong></span> <span class='ocrx_word' id='word_1_127' title='bbox 1766 1914 1847 1961; x_wconf 86' lang='lat' dir='ltr'><strong>ta-</strong></span> 
     </span>
    </p>
   </div>
   <div class='ocr_carea' id='block_1_21' title="bbox 274 2006 794 2076">
    <p class='ocr_par' dir='ltr' id='par_1_21' title="bbox 274 2006 794 2076">
     <span class='ocr_line' id='line_1_21' title="bbox 274 2006 794 2076; baseline 0 -16"><span class='ocrx_word' id='word_1_128' title='bbox 274 2020 389 2060; x_wconf 87' lang='lat' dir='ltr'><strong>men</strong></span> <span class='ocrx_word' id='word_1_129' title='bbox 422 2006 794 2076; x_wconf 82' lang='lat' dir='ltr'><strong>exposuisset.</strong></span> 
     </span>
    </p>
   </div>
   <div class='ocr_carea' id='block_1_22' title="bbox 338 2095 1848 2168">
    <p class='ocr_par' dir='ltr' id='par_1_22' title="bbox 338 2095 1848 2168">
     <span class='ocr_line' id='line_1_22' title="bbox 338 2095 1848 2168; baseline 0 -16"><span class='ocrx_word' id='word_1_130' title='bbox 338 2096 424 2153; x_wconf 80' lang='lat' dir='ltr'><strong>IX.</strong></span> <span class='ocrx_word' id='word_1_131' title='bbox 477 2097 733 2153; x_wconf 85' lang='lat' dir='ltr'><strong>Notanda</strong></span> <span class='ocrx_word' id='word_1_132' title='bbox 780 2112 948 2168; x_wconf 91' lang='lat' dir='ltr'><strong>porro</strong></span> <span class='ocrx_word' id='word_1_133' title='bbox 985 2104 1070 2152; x_wconf 91' lang='lat' dir='ltr'><strong>est</strong></span> <span class='ocrx_word' id='word_1_134' title='bbox 1111 2095 1426 2152; x_wconf 88' lang='lat' dir='ltr'><strong>dissertatio</strong></span> <span class='ocrx_word' id='word_1_135' title='bbox 1460 2098 1566 2152; x_wconf 86' lang='lat' dir='ltr'><strong>ista</strong></span> <span class='ocrx_word' id='word_1_136' title='bbox 1594 2096 1848 2152; x_wconf 82' lang='lat' dir='ltr'><strong>Theodo-</strong></span> 
     </span>
    </p>
   </div>
   <div class='ocr_carea' id='block_1_23' title="bbox 274 2186 1841 2259">
    <p class='ocr_par' dir='ltr' id='par_1_23' title="bbox 274 2186 1841 2259">
     <span class='ocr_line' id='line_1_23' title="bbox 274 2186 1841 2259; baseline 0 -16"><span class='ocrx_word' id='word_1_137' title='bbox 274 2188 407 2244; x_wconf 89' lang='lat' dir='ltr'><strong>reti:</strong></span> <span class='ocrx_word' id='word_1_138' title='bbox 450 2188 700 2245; x_wconf 88' lang='lat' dir='ltr'><strong>ostendit</strong></span> <span class='ocrx_word' id='word_1_139' title='bbox 725 2188 876 2245; x_wconf 89' lang='lat' dir='ltr'><strong>enim</strong></span> <span class='ocrx_word' id='word_1_140' title='bbox 929 2203 1052 2259; x_wconf 63' lang='lat' dir='ltr'><strong>qua:</strong></span> <span class='ocrx_word' id='word_1_141' title='bbox 1094 2187 1264 2243; x_wconf 83' lang='lat' dir='ltr'><strong>fuerit</strong></span> <span class='ocrx_word' id='word_1_142' title='bbox 1297 2186 1621 2258; x_wconf 85' lang='lat' dir='ltr'><strong>Apollinarii</strong></span> <span class='ocrx_word' id='word_1_143' title='bbox 1667 2204 1841 2253; x_wconf 90' lang='lat' dir='ltr'><strong>mens,</strong></span> 
     </span>
    </p>
   </div>
   <div class='ocr_carea' id='block_1_24' title="bbox 272 2279 1843 2351">
    <p class='ocr_par' dir='ltr' id='par_1_24' title="bbox 272 2279 1843 2351">
     <span class='ocr_line' id='line_1_24' title="bbox 272 2279 1843 2351; baseline -0.001 -17"><span class='ocrx_word' id='word_1_144' title='bbox 272 2296 424 2350; x_wconf 85' lang='lat' dir='ltr'><strong>quam</strong></span> <span class='ocrx_word' id='word_1_145' title='bbox 472 2280 658 2344; x_wconf 91' lang='lat' dir='ltr'><strong>multi,</strong></span> <span class='ocrx_word' id='word_1_146' title='bbox 704 2280 873 2336; x_wconf 86' lang='lat' dir='ltr'><strong>etiam</strong></span> <span class='ocrx_word' id='word_1_147' title='bbox 920 2280 1103 2351; x_wconf 80' lang='lat' dir='ltr'><strong>magni</strong></span> <span class='ocrx_word' id='word_1_148' title='bbox 1154 2279 1416 2344; x_wconf 88' lang='lat' dir='ltr'><strong>nominis,</strong></span> <span class='ocrx_word' id='word_1_149' title='bbox 1465 2290 1582 2335; x_wconf 90' lang='lat' dir='ltr'><strong>tum</strong></span> <span class='ocrx_word' id='word_1_150' title='bbox 1602 2289 1843 2343; x_wconf 82' lang='lat' dir='ltr'><strong>veteres,</strong></span> 
     </span>
    </p>
   </div>
   <div class='ocr_carea' id='block_1_25' title="bbox 278 2367 1845 2433">
    <p class='ocr_par' dir='ltr' id='par_1_25' title="bbox 278 2367 1845 2433">
     <span class='ocr_line' id='line_1_25' title="bbox 278 2367 1845 2433; baseline 0.003 -15"><span class='ocrx_word' id='word_1_151' title='bbox 278 2375 381 2420; x_wconf 87' lang='lat' dir='ltr'><strong>tum</strong></span> <span class='ocrx_word' id='word_1_152' title='bbox 414 2368 752 2423; x_wconf 85' lang='lat' dir='ltr'><strong>recentiores</strong></span> <span class='ocrx_word' id='word_1_153' title='bbox 787 2367 916 2432; x_wconf 85' lang='lat' dir='ltr'><strong>viri,</strong></span> <span class='ocrx_word' id='word_1_154' title='bbox 943 2377 1042 2423; x_wconf 91' lang='lat' dir='ltr'><strong>aut</strong></span> <span class='ocrx_word' id='word_1_155' title='bbox 1065 2368 1387 2433; x_wconf 88' lang='lat' dir='ltr'><strong>nescierint,</strong></span> <span class='ocrx_word' id='word_1_156' title='bbox 1414 2380 1511 2424; x_wconf 82' lang='lat' dir='ltr'><strong>aut</strong></span> <span class='ocrx_word' id='word_1_157' title='bbox 1537 2385 1646 2424; x_wconf 92' lang='lat' dir='ltr'><strong>non</strong></span> <span class='ocrx_word' id='word_1_158' title='bbox 1685 2370 1845 2425; x_wconf 81' lang='lat' dir='ltr'><strong>refel-</strong></span> 
     </span>
    </p>
   </div>
   <div class='ocr_carea' id='block_1_26' title="bbox 275 2457 1841 2532">
    <p class='ocr_par' dir='ltr' id='par_1_26' title="bbox 275 2457 1841 2532">
     <span class='ocr_line' id='line_1_26' title="bbox 275 2457 1841 2532; baseline 0.004 -23"><span class='ocrx_word' id='word_1_159' title='bbox 275 2457 426 2513; x_wconf 86' lang='lat' dir='ltr'><strong>lerint</strong></span> <span class='ocrx_word' id='word_1_160' title='bbox 450 2477 464 2514; x_wconf 86' lang='lat'><strong>:</strong></span> <span class='ocrx_word' id='word_1_161' title='bbox 492 2459 590 2530; x_wconf 87' lang='lat' dir='ltr'><strong>qui</strong></span> <span class='ocrx_word' id='word_1_162' title='bbox 620 2459 768 2514; x_wconf 88' lang='lat' dir='ltr'><strong>enim</strong></span> <span class='ocrx_word' id='word_1_163' title='bbox 800 2458 1232 2523; x_wconf 76' lang='grc' dir='ltr'><strong>ὰνακυκλώσεως</strong></span> <span class='ocrx_word' id='word_1_164' title='bbox 1251 2469 1310 2515; x_wconf 91' lang='lat' dir='ltr'><strong>et</strong></span> <span class='ocrx_word' id='word_1_165' title='bbox 1333 2460 1841 2532; x_wconf 77' lang='grc' dir='ltr'><strong>χιλιονταετηρίδος,</strong></span> 
     </span>
    </p>
   </div>
   <div class='ocr_carea' id='block_1_27' title="bbox 274 2551 1845 2626">
    <p class='ocr_par' dir='ltr' id='par_1_27' title="bbox 274 2551 1845 2626">
     <span class='ocr_line' id='line_1_27' title="bbox 274 2551 1845 2626; baseline 0.001 -20"><span class='ocrx_word' id='word_1_166' title='bbox 274 2559 455 2620; x_wconf 69' lang='lat' dir='ltr'><strong>praeter</strong></span> <span class='ocrx_word' id='word_1_167' title='bbox 502 2552 795 2615; x_wconf 80' lang='lat' dir='ltr'><strong>Basiliam,</strong></span> <span class='ocrx_word' id='word_1_168' title='bbox 828 2551 1266 2617; x_wconf 79' lang='lat' dir='ltr'><strong>Nazianzenum,</strong></span> <span class='ocrx_word' id='word_1_169' title='bbox 1318 2553 1748 2626; x_wconf 81' lang='lat' dir='ltr'><strong>Hieronymum,</strong></span> <span class='ocrx_word' id='word_1_170' title='bbox 1790 2563 1845 2608; x_wconf 88' lang='lat' dir='ltr'><strong>et</strong></span> 
     </span>
    </p>
   </div>
   <div class='ocr_carea' id='block_1_28' title="bbox 274 2642 1840 2710">
    <p class='ocr_par' dir='ltr' id='par_1_28' title="bbox 274 2642 1840 2710">
     <span class='ocr_line' id='line_1_28' title="bbox 274 2642 1840 2710; baseline 0.002 -14"><span class='ocrx_word' id='word_1_171' title='bbox 274 2642 535 2698; x_wconf 75' lang='lat' dir='ltr'><strong>Andream</strong></span> <span class='ocrx_word' id='word_1_172' title='bbox 565 2643 984 2699; x_wconf 87' lang='lat' dir='ltr'><strong>Samosatenum</strong></span> <span class='ocrx_word' id='word_1_173' title='bbox 1015 2643 1351 2710; x_wconf 83' lang='lat' dir='ltr'><strong>meminerit,</strong></span> <span class='ocrx_word' id='word_1_174' title='bbox 1383 2644 1660 2700; x_wconf 88' lang='lat' dir='ltr'><strong>neminem</strong></span> <span class='ocrx_word' id='word_1_175' title='bbox 1692 2646 1840 2709; x_wconf 88' lang='lat' dir='ltr'><strong>novi,</strong></span> 
     </span>
    </p>
   </div>
   <div class='ocr_carea' id='block_1_29' title="bbox 271 2734 1844 2808">
    <p class='ocr_par' dir='ltr' id='par_1_29' title="bbox 271 2734 1844 2808">
     <span class='ocr_line' id='line_1_29' title="bbox 271 2734 1844 2808; baseline 0.003 -20"><span class='ocrx_word' id='word_1_176' title='bbox 271 2734 426 2790; x_wconf 87' lang='lat' dir='ltr'><strong>etiam</strong></span> <span class='ocrx_word' id='word_1_177' title='bbox 456 2737 603 2791; x_wconf 88' lang='lat' dir='ltr'><strong>inter</strong></span> <span class='ocrx_word' id='word_1_178' title='bbox 634 2736 1058 2808; x_wconf 68' lang='lat' dir='ltr'><strong>hazreseologos.</strong></span> <span class='ocrx_word' id='word_1_179' title='bbox 1092 2735 1213 2791; x_wconf 87' lang='lat' dir='ltr'><strong>Non</strong></span> <span class='ocrx_word' id='word_1_180' title='bbox 1245 2737 1498 2793; x_wconf 89' lang='lat' dir='ltr'><strong>meminit</strong></span> <span class='ocrx_word' id='word_1_181' title='bbox 1520 2746 1669 2792; x_wconf 86' lang='lat' dir='ltr'><strong>certe</strong></span> <span class='ocrx_word' id='word_1_182' title='bbox 1712 2737 1844 2792; x_wconf 89' lang='lat' dir='ltr'><strong>Phi-</strong></span> 
     </span>
    </p>
   </div>
   <div class='ocr_carea' id='block_1_30' title="bbox 273 2821 1843 2896">
    <p class='ocr_par' dir='ltr' id='par_1_30' title="bbox 273 2821 1843 2896">
     <span class='ocr_line' id='line_1_30' title="bbox 273 2821 1843 2896; baseline 0.001 -19"><span class='ocrx_word' id='word_1_183' title='bbox 273 2821 499 2889; x_wconf 81' lang='lat' dir='ltr'><strong>lastrius,</strong></span> <span class='ocrx_word' id='word_1_184' title='bbox 563 2839 676 2878; x_wconf 91' lang='lat' dir='ltr'><strong>non</strong></span> <span class='ocrx_word' id='word_1_185' title='bbox 724 2823 1087 2894; x_wconf 81' lang='lat' dir='ltr'><strong>Epiphanius,</strong></span> <span class='ocrx_word' id='word_1_186' title='bbox 1141 2839 1253 2879; x_wconf 91' lang='lat' dir='ltr'><strong>non</strong></span> <span class='ocrx_word' id='word_1_187' title='bbox 1306 2824 1669 2896; x_wconf 77' lang='lat' dir='ltr'><strong>Augustinus,</strong></span> <span class='ocrx_word' id='word_1_188' title='bbox 1731 2841 1843 2880; x_wconf 87' lang='lat' dir='ltr'><strong>non</strong></span> 
     </span>
    </p>
   </div>
   <div class='ocr_carea' id='block_1_31' title="bbox 274 2909 1845 2979">
    <p class='ocr_par' dir='ltr' id='par_1_31' title="bbox 274 2909 1845 2979">
     <span class='ocr_line' id='line_1_31' title="bbox 274 2909 1845 2979; baseline 0.003 -14"><span class='ocrx_word' id='word_1_189' title='bbox 274 2909 559 2968; x_wconf 85' lang='lat' dir='ltr'><strong>Primasius</strong></span> <span class='ocrx_word' id='word_1_190' title='bbox 590 2912 975 2969; x_wconf 66' lang='lat' dir='ltr'><strong>Praedestinati</strong></span> <span class='ocrx_word' id='word_1_191' title='bbox 1005 2922 1201 2969; x_wconf 85' lang='lat' dir='ltr'><strong>auctor</strong></span> <span class='ocrx_word' id='word_1_192' title='bbox 1244 2913 1310 2979; x_wconf 78' lang='grc'><strong>⁸³,</strong></span> <span class='ocrx_word' id='word_1_193' title='bbox 1342 2929 1446 2970; x_wconf 92' lang='lat' dir='ltr'><strong>nec</strong></span> <span class='ocrx_word' id='word_1_194' title='bbox 1499 2914 1596 2970; x_wconf 89' lang='lat' dir='ltr'><strong>alii</strong></span> <span class='ocrx_word' id='word_1_195' title='bbox 1651 2929 1845 2969; x_wconf 89' lang='lat' dir='ltr'><strong>conse-</strong></span> 
     </span>
    </p>
   </div>
   <div class='ocr_carea' id='block_1_32' title="bbox 272 3003 631 3073">
    <p class='ocr_par' dir='ltr' id='par_1_32' title="bbox 272 3003 631 3073">
     <span class='ocr_line' id='line_1_32' title="bbox 272 3003 631 3073; baseline -0.003 -14"><span class='ocrx_word' id='word_1_196' title='bbox 272 3003 480 3073; x_wconf 87' lang='lat' dir='ltr'><strong>quentis</strong></span> <span class='ocrx_word' id='word_1_197' title='bbox 506 3004 631 3060; x_wconf 65' lang='lat' dir='ltr'><strong>avi.</strong></span> 
     </span>
    </p>
   </div>
   <div class='ocr_carea' id='block_1_33' title="bbox 897 3113 1207 3173">
    <p class='ocr_par' dir='ltr' id='par_1_33' title="bbox 897 3113 1207 3173">
     <span class='ocr_line' id='line_1_33' title="bbox 897 3113 1207 3173; baseline -0.003 -2"><span class='ocrx_word' id='word_1_198' title='bbox 897 3113 1125 3171; x_wconf 84' lang='lat' dir='ltr'><strong>CAPUT</strong></span> <span class='ocrx_word' id='word_1_199' title='bbox 1144 3117 1207 3173; x_wconf 85' lang='lat' dir='ltr'><strong>V.</strong></span> 
     </span>
    </p>
   </div>
   <div class='ocr_carea' id='block_1_34' title="bbox 346 3224 1776 3299">
    <p class='ocr_par' dir='ltr' id='par_1_34' title="bbox 346 3224 1776 3299">
     <span class='ocr_line' id='line_1_34' title="bbox 346 3224 1776 3299; baseline 0.001 -15"><span class='ocrx_word' id='word_1_200' title='bbox 346 3224 587 3284; x_wconf 69' lang='grc' dir='ltr'><strong>Βωειιὲο</strong></span> <span class='ocrx_word' id='word_1_201' title='bbox 625 3241 867 3299; x_wconf 72' lang='lat' dir='ltr'><strong>operum,</strong></span> <span class='ocrx_word' id='word_1_202' title='bbox 894 3228 1406 3299; x_wconf 59' lang='lat' dir='ltr'><strong>gnaroytinentur</strong></span> <span class='ocrx_word' id='word_1_203' title='bbox 1449 3236 1589 3283; x_wconf 90' lang='lat' dir='ltr'><strong>tomo</strong></span> <span class='ocrx_word' id='word_1_204' title='bbox 1623 3232 1776 3285; x_wconf 81' lang='lat' dir='ltr'><strong>tertio</strong></span> 
     </span>
    </p>
   </div>
   <div class='ocr_carea' id='block_1_35' title="bbox 839 3296 1279 3353">
    <p class='ocr_par' dir='ltr' id='par_1_35' title="bbox 839 3296 1279 3353">
     <span class='ocr_line' id='line_1_35' title="bbox 839 3296 1279 3353; baseline 0.007 -3"><span class='ocrx_word' id='word_1_205' title='bbox 839 3296 1080 3351; x_wconf 81' lang='lat' dir='ltr'><strong>editionis</strong></span> <span class='ocrx_word' id='word_1_206' title='bbox 1116 3296 1279 3353; x_wconf 82' lang='lat' dir='ltr'><strong>Sirm.</strong></span> 
     </span>
    </p>
   </div>
   <div class='ocr_carea' id='block_1_36' title="bbox 340 3386 1848 3460">
    <p class='ocr_par' dir='ltr' id='par_1_36' title="bbox 340 3386 1848 3460">
     <span class='ocr_line' id='line_1_36' title="bbox 340 3386 1848 3460; baseline 0.001 -16"><span class='ocrx_word' id='word_1_207' title='bbox 340 3387 540 3444; x_wconf 77' lang='lat' dir='ltr'><strong>Tomus</strong></span> <span class='ocrx_word' id='word_1_208' title='bbox 583 3388 786 3444; x_wconf 88' lang='lat' dir='ltr'><strong>tertius</strong></span> <span class='ocrx_word' id='word_1_209' title='bbox 833 3386 1103 3442; x_wconf 87' lang='lat' dir='ltr'><strong>dividitur</strong></span> <span class='ocrx_word' id='word_1_210' title='bbox 1156 3388 1213 3442; x_wconf 92' lang='lat' dir='ltr'><strong>in</strong></span> <span class='ocrx_word' id='word_1_211' title='bbox 1260 3388 1401 3444; x_wconf 89' lang='lat' dir='ltr'><strong>duas</strong></span> <span class='ocrx_word' id='word_1_212' title='bbox 1444 3400 1649 3460; x_wconf 89' lang='lat' dir='ltr'><strong>partes.</strong></span> <span class='ocrx_word' id='word_1_213' title='bbox 1687 3391 1848 3447; x_wconf 89' lang='lat' dir='ltr'><strong>Prior</strong></span> 
     </span>
    </p>
   </div>
   <div class='ocr_carea' id='block_1_37' title="bbox 277 3476 1848 3552">
    <p class='ocr_par' dir='ltr' id='par_1_37' title="bbox 277 3476 1848 3552">
     <span class='ocr_line' id='line_1_37' title="bbox 277 3476 1848 3552; baseline 0.003 -20"><span class='ocrx_word' id='word_1_214' title='bbox 277 3477 653 3549; x_wconf 73' lang='lat' dir='ltr'><strong>wmplectitur</strong></span> <span class='ocrx_word' id='word_1_215' title='bbox 682 3476 1126 3532; x_wconf 88' lang='lat' dir='ltr'><strong>Commentarios</strong></span> <span class='ocrx_word' id='word_1_216' title='bbox 1153 3477 1209 3532; x_wconf 94' lang='lat' dir='ltr'><strong>in</strong></span> <span class='ocrx_word' id='word_1_217' title='bbox 1228 3494 1420 3534; x_wconf 90' lang='lat' dir='ltr'><strong>omnes</strong></span> <span class='ocrx_word' id='word_1_218' title='bbox 1439 3479 1688 3549; x_wconf 86' lang='lat' dir='ltr'><strong>Apostoli</strong></span> <span class='ocrx_word' id='word_1_219' title='bbox 1714 3482 1848 3552; x_wconf 90' lang='lat' dir='ltr'><strong>Epi-</strong></span> 
     </span>
    </p>
   </div>
   <div class='ocr_carea' id='block_1_38' title="bbox 277 3568 1849 3641">
    <p class='ocr_par' dir='ltr' id='par_1_38' title="bbox 277 3568 1849 3641">
     <span class='ocr_line' id='line_1_38' title="bbox 277 3568 1849 3641; baseline 0.003 -17"><span class='ocrx_word' id='word_1_220' title='bbox 277 3570 451 3636; x_wconf 82' lang='lat' dir='ltr'><strong>stolas,</strong></span> <span class='ocrx_word' id='word_1_221' title='bbox 503 3568 782 3641; x_wconf 82' lang='lat' dir='ltr'><strong>posterior</strong></span> <span class='ocrx_word' id='word_1_222' title='bbox 833 3568 1126 3624; x_wconf 73' lang='lat' dir='ltr'><strong>Historiam</strong></span> <span class='ocrx_word' id='word_1_223' title='bbox 1183 3568 1615 3639; x_wconf 76' lang='lat' dir='ltr'><strong>ecclesiasticam,</strong></span> <span class='ocrx_word' id='word_1_224' title='bbox 1670 3574 1849 3629; x_wconf 82' lang='lat' dir='ltr'><strong>Histo-</strong></span> 
     </span>
    </p>
   </div>
   <div class='ocr_carea' id='block_1_39' title="bbox 279 3656 1775 3733">
    <p class='ocr_par' dir='ltr' id='par_1_39' title="bbox 279 3656 1775 3733">
     <span class='ocr_line' id='line_1_39' title="bbox 279 3656 1775 3733; baseline 0.003 -19"><span class='ocrx_word' id='word_1_225' title='bbox 279 3660 402 3715; x_wconf 77' lang='lat' dir='ltr'><strong>riam</strong></span> <span class='ocrx_word' id='word_1_226' title='bbox 421 3660 723 3733; x_wconf 80' lang='lat' dir='ltr'><strong>religiosam</strong></span> <span class='ocrx_word' id='word_1_227' title='bbox 737 3658 853 3715; x_wconf 87' lang='lat' dir='ltr'><strong>sive</strong></span> <span class='ocrx_word' id='word_1_228' title='bbox 877 3656 1233 3725; x_wconf 72' lang='lat' dir='ltr'><strong>Philotimum,</strong></span> <span class='ocrx_word' id='word_1_229' title='bbox 1266 3669 1323 3716; x_wconf 91' lang='lat' dir='ltr'><strong>et</strong></span> <span class='ocrx_word' id='word_1_230' title='bbox 1353 3660 1627 3730; x_wconf 86' lang='lat' dir='ltr'><strong>Epistolas</strong></span> <span class='ocrx_word' id='word_1_231' title='bbox 1654 3662 1775 3718; x_wconf 80' lang='grc'><strong>146.</strong></span> 
     </span>
    </p>
   </div>
   <div class='ocr_carea' id='block_1_40' title="bbox 281 3769 1847 3845">
    <p class='ocr_par' dir='ltr' id='par_1_40' title="bbox 281 3769 1847 3845">
     <span class='ocr_line' id='line_1_40' title="bbox 281 3769 1847 3845; baseline 0.001 -18"><span class='ocrx_word' id='word_1_232' title='bbox 281 3769 307 3841; x_wconf 68' lang='grc' dir='ltr'><strong>ς</strong></span> <span class='ocrx_word' id='word_1_233' title='bbox 351 3772 387 3828; x_wconf 88' lang='grc'><strong>1.</strong></span> <span class='ocrx_word' id='word_1_234' title='bbox 434 3772 513 3828; x_wconf 76' lang='lat' dir='ltr'><strong>De</strong></span> <span class='ocrx_word' id='word_1_235' title='bbox 573 3771 970 3845; x_wconf 60' lang='lat' dir='ltr'><strong>commentariis</strong></span> <span class='ocrx_word' id='word_1_236' title='bbox 1017 3772 1074 3825; x_wconf 82' lang='lat' dir='ltr'><strong>in</strong></span> <span class='ocrx_word' id='word_1_237' title='bbox 1124 3771 1393 3845; x_wconf 74' lang='lat' dir='ltr'><strong>Epistolas</strong></span> <span class='ocrx_word' id='word_1_238' title='bbox 1453 3775 1847 3845; x_wconf 80' lang='lat' dir='ltr'><strong>quatuordecim</strong></span> 
     </span>
    </p>
   </div>
   <div class='ocr_carea' id='block_1_41' title="bbox 797 3840 1335 3911">
    <p class='ocr_par' dir='ltr' id='par_1_41' title="bbox 797 3840 1335 3911">
     <span class='ocr_line' id='line_1_41' title="bbox 797 3840 1335 3911; baseline -0.002 -15"><span class='ocrx_word' id='word_1_239' title='bbox 797 3840 957 3896; x_wconf 81' lang='lat' dir='ltr'><strong>Pauli</strong></span> <span class='ocrx_word' id='word_1_240' title='bbox 1003 3840 1335 3911; x_wconf 64' lang='lat' dir='ltr'><strong>generatim.</strong></span> 
     </span>
    </p>
   </div>
   <div class='ocr_carea' id='block_1_42' title="bbox 342 3932 1845 4005">
    <p class='ocr_par' dir='ltr' id='par_1_42' title="bbox 342 3932 1845 4005">
     <span class='ocr_line' id='line_1_42' title="bbox 342 3932 1845 4005; baseline 0 -15"><span class='ocrx_word' id='word_1_241' title='bbox 342 3933 379 3990; x_wconf 87' lang='grc' dir='ltr'><strong>ι.</strong></span> <span class='ocrx_word' id='word_1_242' title='bbox 419 3933 619 3991; x_wconf 87' lang='lat' dir='ltr'><strong>Totum</strong></span> <span class='ocrx_word' id='word_1_243' title='bbox 668 3947 830 4004; x_wconf 89' lang='lat' dir='ltr'><strong>opus,</strong></span> <span class='ocrx_word' id='word_1_244' title='bbox 876 3946 988 4002; x_wconf 90' lang='lat' dir='ltr'><strong>quo</strong></span> <span class='ocrx_word' id='word_1_245' title='bbox 1039 3932 1426 4004; x_wconf 86' lang='lat' dir='ltr'><strong>interpretatio</strong></span> <span class='ocrx_word' id='word_1_246' title='bbox 1477 3934 1845 4005; x_wconf 85' lang='lat' dir='ltr'><strong>Epistolarum</strong></span> 
     </span>
    </p>
   </div>
   <div class='ocr_carea' id='block_1_43' title="bbox 284 4022 1848 4090">
    <p class='ocr_par' dir='ltr' id='par_1_43' title="bbox 284 4022 1848 4090">
     <span class='ocr_line' id='line_1_43' title="bbox 284 4022 1848 4090; baseline 0 -9"><span class='ocrx_word' id='word_1_247' title='bbox 284 4024 416 4081; x_wconf 83' lang='lat' dir='ltr'><strong>Pauli</strong></span> <span class='ocrx_word' id='word_1_248' title='bbox 432 4025 773 4090; x_wconf 86' lang='lat' dir='ltr'><strong>continetur,</strong></span> <span class='ocrx_word' id='word_1_249' title='bbox 791 4022 1174 4080; x_wconf 90' lang='lat' dir='ltr'><strong>Theodoretus</strong></span> <span class='ocrx_word' id='word_1_250' title='bbox 1192 4023 1723 4080; x_wconf 87' lang='lat' dir='ltr'><strong>Commentariorum</strong></span> <span class='ocrx_word' id='word_1_251' title='bbox 1749 4041 1848 4081; x_wconf 81' lang='lat' dir='ltr'><strong>no-</strong></span> 
     </span>
    </p>
   </div>
   <div class='ocr_carea' id='block_1_44' title="bbox 281 4114 1845 4189">
    <p class='ocr_par' dir='ltr' id='par_1_44' title="bbox 281 4114 1845 4189">
     <span class='ocr_line' id='line_1_44' title="bbox 281 4114 1845 4189; baseline 0.001 -20"><span class='ocrx_word' id='word_1_252' title='bbox 281 4117 412 4172; x_wconf 91' lang='lat' dir='ltr'><strong>mine</strong></span> <span class='ocrx_word' id='word_1_253' title='bbox 430 4117 688 4189; x_wconf 81' lang='lat' dir='ltr'><strong>appellat,</strong></span> <span class='ocrx_word' id='word_1_254' title='bbox 714 4115 1021 4186; x_wconf 63' lang='lat' dir='ltr'><strong>quazstione</strong></span> <span class='ocrx_word' id='word_1_255' title='bbox 1046 4116 1070 4170; x_wconf 95' lang='grc'><strong>1</strong></span> <span class='ocrx_word' id='word_1_256' title='bbox 1100 4115 1154 4169; x_wconf 93' lang='lat' dir='ltr'><strong>in</strong></span> <span class='ocrx_word' id='word_1_257' title='bbox 1178 4114 1504 4171; x_wconf 88' lang='lat' dir='ltr'><strong>Leviticum.</strong></span> <span class='ocrx_word' id='word_1_258' title='bbox 1530 4116 1666 4172; x_wconf 91' lang='lat' dir='ltr'><strong>Cum</strong></span> <span class='ocrx_word' id='word_1_259' title='bbox 1696 4117 1845 4171; x_wconf 91' lang='lat' dir='ltr'><strong>enim</strong></span> 
     </span>
    </p>
   </div>
   <div class='ocr_carea' id='block_1_45' title="bbox 281 4206 1848 4282">
    <p class='ocr_par' dir='ltr' id='par_1_45' title="bbox 281 4206 1848 4282">
     <span class='ocr_line' id='line_1_45' title="bbox 281 4206 1848 4282; baseline 0.002 -22"><span class='ocrx_word' id='word_1_260' title='bbox 281 4206 702 4282; x_wconf 73' lang='lat' dir='ltr'><strong>interrogantem</strong></span> <span class='ocrx_word' id='word_1_261' title='bbox 759 4206 1088 4272; x_wconf 74' lang='lat' dir='ltr'><strong>induxisset,</strong></span> <span class='ocrx_word' id='word_1_262' title='bbox 1147 4226 1166 4258; x_wconf 75' lang='grc' dir='ltr'>ι</span> <span class='ocrx_word' id='word_1_263' title='bbox 1202 4224 1311 4277; x_wconf 89' lang='lat' dir='ltr'><strong>qua</strong></span> <span class='ocrx_word' id='word_1_264' title='bbox 1361 4208 1430 4263; x_wconf 93' lang='lat' dir='ltr'><strong>de</strong></span> <span class='ocrx_word' id='word_1_265' title='bbox 1486 4223 1649 4263; x_wconf 88' lang='lat' dir='ltr'><strong>causa</strong></span> <span class='ocrx_word' id='word_1_266' title='bbox 1701 4208 1848 4263; x_wconf 84' lang='lat' dir='ltr'><strong>Deus</strong></span> 
     </span>
    </p>
   </div>
   <div class='ocr_carea' id='block_1_46' title="bbox 280 4299 1865 4369">
    <p class='ocr_par' dir='ltr' id='par_1_46' title="bbox 280 4299 1865 4369">
     <span class='ocr_line' id='line_1_46' title="bbox 280 4299 1865 4369; baseline 0.001 -15"><span class='ocrx_word' id='word_1_267' title='bbox 280 4299 449 4355; x_wconf 83' lang='lat' dir='ltr'><strong>otl‘erri</strong></span> <span class='ocrx_word' id='word_1_268' title='bbox 500 4300 607 4356; x_wconf 88' lang='lat' dir='ltr'><strong>sibi</strong></span> <span class='ocrx_word' id='word_1_269' title='bbox 642 4299 914 4355; x_wconf 80' lang='lat' dir='ltr'><strong>sacriﬁcia</strong></span> <span class='ocrx_word' id='word_1_270' title='bbox 961 4300 1327 4369; x_wconf 63' lang='lat' dir='ltr'><strong>prxeceperit;</strong></span> <span class='ocrx_word' id='word_1_271' title='bbox 1370 4319 1389 4350; x_wconf 68' lang='grc' dir='ltr'><strong><em>ι</em></strong></span> <span class='ocrx_word' id='word_1_272' title='bbox 1426 4301 1798 4369; x_wconf 73' lang='lat' dir='ltr'><strong>respondet“</strong></span> <span class='ocrx_word' id='word_1_273' title='bbox 1830 4318 1865 4357; x_wconf 68' lang='lat'><strong>:.</strong></span> 
     </span>
    </p>
   </div>
   <div class='ocr_carea' id='block_1_47' title="bbox 288 4387 1847 4459">
    <p class='ocr_par' dir='ltr' id='par_1_47' title="bbox 288 4387 1847 4459">
     <span class='ocr_line' id='line_1_47' title="bbox 288 4387 1847 4459; baseline 0.003 -21"><span class='ocrx_word' id='word_1_274' title='bbox 288 4405 305 4438; x_wconf 78' lang='grc' dir='ltr'>ι</span> <span class='ocrx_word' id='word_1_275' title='bbox 331 4387 400 4442; x_wconf 87' lang='lat' dir='ltr'><strong>De</strong></span> <span class='ocrx_word' id='word_1_276' title='bbox 440 4388 528 4443; x_wconf 90' lang='lat' dir='ltr'><strong>his</strong></span> <span class='ocrx_word' id='word_1_277' title='bbox 553 4387 797 4444; x_wconf 76' lang='lat' dir='ltr'><strong>diximus</strong></span> <span class='ocrx_word' id='word_1_278' title='bbox 823 4387 1012 4442; x_wconf 91' lang='lat' dir='ltr'><strong>multis</strong></span> <span class='ocrx_word' id='word_1_279' title='bbox 1042 4387 1100 4442; x_wconf 92' lang='lat' dir='ltr'><strong>in</strong></span> <span class='ocrx_word' id='word_1_280' title='bbox 1123 4387 1260 4442; x_wconf 87' lang='lat' dir='ltr'><strong>locis</strong></span> <span class='ocrx_word' id='word_1_281' title='bbox 1291 4405 1304 4441; x_wconf 93' lang='lat'><strong>:</strong></span> <span class='ocrx_word' id='word_1_282' title='bbox 1341 4396 1454 4441; x_wconf 89' lang='lat' dir='ltr'><strong>tum</strong></span> <span class='ocrx_word' id='word_1_283' title='bbox 1480 4390 1535 4441; x_wconf 90' lang='lat' dir='ltr'><strong>in</strong></span> <span class='ocrx_word' id='word_1_284' title='bbox 1573 4389 1680 4453; x_wconf 91' lang='lat' dir='ltr'><strong>his,</strong></span> <span class='ocrx_word' id='word_1_285' title='bbox 1725 4406 1847 4459; x_wconf 74' lang='lat' dir='ltr'><strong>qua:</strong></span> 
     </span>
    </p>
   </div>
   <div class='ocr_carea' id='block_1_48' title="bbox 1954 553 3521 622">
    <p class='ocr_par' dir='ltr' id='par_1_48' title="bbox 1954 553 3521 622">
     <span class='ocr_line' id='line_1_48' title="bbox 1954 553 3521 622; baseline 0.003 -17"><span class='ocrx_word' id='word_1_286' title='bbox 1954 553 2285 622; x_wconf 89' lang='lat' dir='ltr'><strong>compositos</strong></span> <span class='ocrx_word' id='word_1_287' title='bbox 2305 568 2427 607; x_wconf 91' lang='lat' dir='ltr'><strong>esse</strong></span> <span class='ocrx_word' id='word_1_288' title='bbox 2450 553 2876 608; x_wconf 83' lang='lat' dir='ltr'><strong>commentarios</strong></span> <span class='ocrx_word' id='word_1_289' title='bbox 2898 563 3025 609; x_wconf 89' lang='lat' dir='ltr'><strong>ante</strong></span> <span class='ocrx_word' id='word_1_290' title='bbox 3055 570 3260 610; x_wconf 90' lang='lat' dir='ltr'><strong>annum</strong></span> <span class='ocrx_word' id='word_1_291' title='bbox 3283 555 3383 610; x_wconf 74' lang='grc'><strong>457</strong></span> <span class='ocrx_word' id='word_1_292' title='bbox 3408 573 3423 622; x_wconf 88' lang='lat'><strong>;</strong></span> <span class='ocrx_word' id='word_1_293' title='bbox 3455 570 3521 612; x_wconf 77' lang='lat' dir='ltr'><strong>ex</strong></span> 
     </span>
    </p>
   </div>
   <div class='ocr_carea' id='block_1_49' title="bbox 1949 634 3063 714">
    <p class='ocr_par' dir='ltr' id='par_1_49' title="bbox 1949 634 3063 714">
     <span class='ocr_line' id='line_1_49' title="bbox 1949 634 3063 714; baseline 0.002 -17"><span class='ocrx_word' id='word_1_294' title='bbox 1949 644 2157 714; x_wconf 86' lang='lat' dir='ltr'><strong>priore,</strong></span> <span class='ocrx_word' id='word_1_295' title='bbox 2185 634 2332 714; x_wconf 83' lang='lat' dir='ltr'><strong>quod</strong></span> <span class='ocrx_word' id='word_1_296' title='bbox 2353 645 2516 700; x_wconf 89' lang='lat' dir='ltr'><strong>etiam</strong></span> <span class='ocrx_word' id='word_1_297' title='bbox 2547 655 2673 700; x_wconf 85' lang='lat' dir='ltr'><strong>ante</strong></span> <span class='ocrx_word' id='word_1_298' title='bbox 2702 661 2905 699; x_wconf 89' lang='lat' dir='ltr'><strong>annum</strong></span> <span class='ocrx_word' id='word_1_299' title='bbox 2939 645 3063 702; x_wconf 72' lang='grc'><strong>455.</strong></span> 
     </span>
    </p>
   </div>
   <div class='ocr_carea' id='block_1_50' title="bbox 2020 735 3523 793">
    <p class='ocr_par' dir='ltr' id='par_1_50' title="bbox 2020 735 3523 793">
     <span class='ocr_line' id='line_1_50' title="bbox 2020 735 3523 793; baseline 0.003 -4"><span class='ocrx_word' id='word_1_300' title='bbox 2020 735 2110 789; x_wconf 91' lang='lat' dir='ltr'><strong>lll.</strong></span> <span class='ocrx_word' id='word_1_301' title='bbox 2183 735 2411 791; x_wconf 88' lang='lat' dir='ltr'><strong>Constat</strong></span> <span class='ocrx_word' id='word_1_302' title='bbox 2466 751 2598 791; x_wconf 90' lang='lat' dir='ltr'><strong>vero</strong></span> <span class='ocrx_word' id='word_1_303' title='bbox 2650 736 2871 791; x_wconf 86' lang='lat' dir='ltr'><strong>eosdem</strong></span> <span class='ocrx_word' id='word_1_304' title='bbox 2919 738 3346 793; x_wconf 89' lang='lat' dir='ltr'><strong>commentarios</strong></span> <span class='ocrx_word' id='word_1_305' title='bbox 3394 753 3523 793; x_wconf 82' lang='lat' dir='ltr'><strong>esse</strong></span> 
     </span>
    </p>
   </div>
   <div class='ocr_carea' id='block_1_51' title="bbox 1947 824 3519 899">
    <p class='ocr_par' dir='ltr' id='par_1_51' title="bbox 1947 824 3519 899">
     <span class='ocr_line' id='line_1_51' title="bbox 1947 824 3519 899; baseline 0.004 -20"><span class='ocrx_word' id='word_1_306' title='bbox 1947 824 2305 897; x_wconf 83' lang='lat' dir='ltr'><strong>posteriores,</strong></span> <span class='ocrx_word' id='word_1_307' title='bbox 2336 836 2452 881; x_wconf 91' lang='lat' dir='ltr'><strong>tum</strong></span> <span class='ocrx_word' id='word_1_308' title='bbox 2482 826 2716 899; x_wconf 86' lang='lat' dir='ltr'><strong>dialogis</strong></span> <span class='ocrx_word' id='word_1_309' title='bbox 2758 827 3025 884; x_wconf 89' lang='lat' dir='ltr'><strong>adversus</strong></span> <span class='ocrx_word' id='word_1_310' title='bbox 3066 827 3302 884; x_wconf 86' lang='lat' dir='ltr'><strong>Arianos</strong></span> <span class='ocrx_word' id='word_1_311' title='bbox 3322 839 3379 885; x_wconf 88' lang='lat' dir='ltr'><strong>et</strong></span> <span class='ocrx_word' id='word_1_312' title='bbox 3412 830 3519 884; x_wconf 84' lang='lat' dir='ltr'><strong>Ma-</strong></span> 
     </span>
    </p>
   </div>
   <div class='ocr_carea' id='block_1_52' title="bbox 1947 918 3526 988">
    <p class='ocr_par' dir='ltr' id='par_1_52' title="bbox 1947 918 3526 988">
     <span class='ocr_line' id='line_1_52' title="bbox 1947 918 3526 988; baseline 0.003 -17"><span class='ocrx_word' id='word_1_313' title='bbox 1947 918 2300 981; x_wconf 85' lang='lat' dir='ltr'><strong>eedonianos,</strong></span> <span class='ocrx_word' id='word_1_314' title='bbox 2339 927 2453 972; x_wconf 90' lang='lat' dir='ltr'><strong>tum</strong></span> <span class='ocrx_word' id='word_1_315' title='bbox 2487 919 2915 988; x_wconf 73' lang='lat' dir='ltr'><strong>reprehensione</strong></span> <span class='ocrx_word' id='word_1_316' title='bbox 2945 920 3526 976; x_wconf 86' lang='lat' dir='ltr'><strong>anathematismorum</strong></span> 
     </span>
    </p>
   </div>
   <div class='ocr_carea' id='block_1_53' title="bbox 1947 1007 3527 1083">
    <p class='ocr_par' dir='ltr' id='par_1_53' title="bbox 1947 1007 3527 1083">
     <span class='ocr_line' id='line_1_53' title="bbox 1947 1007 3527 1083; baseline 0.002 -20"><span class='ocrx_word' id='word_1_317' title='bbox 1947 1007 2161 1079; x_wconf 81' lang='lat' dir='ltr'><strong>Cyrilli.</strong></span> <span class='ocrx_word' id='word_1_318' title='bbox 2179 1007 2313 1062; x_wconf 90' lang='lat' dir='ltr'><strong>Nam</strong></span> <span class='ocrx_word' id='word_1_319' title='bbox 2328 1008 2531 1079; x_wconf 84' lang='lat' dir='ltr'><strong>dialogi</strong></span> <span class='ocrx_word' id='word_1_320' title='bbox 2547 1009 2601 1062; x_wconf 93' lang='lat' dir='ltr'><strong>in</strong></span> <span class='ocrx_word' id='word_1_321' title='bbox 2620 1010 2809 1080; x_wconf 75' lang='lat' dir='ltr'><strong>prima:</strong></span> <span class='ocrx_word' id='word_1_322' title='bbox 2825 1010 2892 1064; x_wconf 89' lang='lat' dir='ltr'><strong>ad</strong></span> <span class='ocrx_word' id='word_1_323' title='bbox 2912 1010 3229 1066; x_wconf 90' lang='lat' dir='ltr'><strong>Corinthios</strong></span> <span class='ocrx_word' id='word_1_324' title='bbox 3247 1012 3426 1083; x_wconf 91' lang='lat' dir='ltr'><strong>capite</strong></span> <span class='ocrx_word' id='word_1_325' title='bbox 3462 1030 3527 1066; x_wconf 74' lang='lat' dir='ltr'><strong>xv</strong></span> 
     </span>
    </p>
   </div>
   <div class='ocr_carea' id='block_1_54' title="bbox 1949 1099 3523 1173">
    <p class='ocr_par' dir='ltr' id='par_1_54' title="bbox 1949 1099 3523 1173">
     <span class='ocr_line' id='line_1_54' title="bbox 1949 1099 3523 1173; baseline 0.003 -21"><span class='ocrx_word' id='word_1_326' title='bbox 1949 1107 2371 1165; x_wconf 88' lang='lat' dir='ltr'><strong>memorantur;</strong></span> <span class='ocrx_word' id='word_1_327' title='bbox 2407 1099 2766 1169; x_wconf 86' lang='lat' dir='ltr'><strong>reprehensio</strong></span> <span class='ocrx_word' id='word_1_328' title='bbox 2796 1101 2851 1155; x_wconf 93' lang='lat' dir='ltr'><strong>in</strong></span> <span class='ocrx_word' id='word_1_329' title='bbox 2879 1102 3058 1173; x_wconf 86' lang='lat' dir='ltr'><strong>capite</strong></span> <span class='ocrx_word' id='word_1_330' title='bbox 3089 1118 3141 1156; x_wconf 70' lang='grc' dir='ltr'><strong>χι</strong></span> <span class='ocrx_word' id='word_1_331' title='bbox 3166 1103 3423 1172; x_wconf 74' lang='lat' dir='ltr'><strong>Epistola:</strong></span> <span class='ocrx_word' id='word_1_332' title='bbox 3458 1103 3523 1159; x_wconf 87' lang='lat' dir='ltr'><strong>ad</strong></span> 
     </span>
    </p>
   </div>
   <div class='ocr_carea' id='block_1_55' title="bbox 1947 1187 3526 1263">
    <p class='ocr_par' dir='ltr' id='par_1_55' title="bbox 1947 1187 3526 1263">
     <span class='ocr_line' id='line_1_55' title="bbox 1947 1187 3526 1263; baseline 0.004 -20"><span class='ocrx_word' id='word_1_333' title='bbox 1947 1188 2349 1259; x_wconf 83' lang='lat' dir='ltr'><strong>Philippenses.</strong></span> <span class='ocrx_word' id='word_1_334' title='bbox 2382 1187 2583 1256; x_wconf 86' lang='lat' dir='ltr'><strong>Quare,</strong></span> <span class='ocrx_word' id='word_1_335' title='bbox 2620 1206 2745 1245; x_wconf 91' lang='lat' dir='ltr'><strong>cum</strong></span> <span class='ocrx_word' id='word_1_336' title='bbox 2774 1191 2972 1263; x_wconf 85' lang='lat' dir='ltr'><strong>dialogi</strong></span> <span class='ocrx_word' id='word_1_337' title='bbox 3002 1192 3237 1249; x_wconf 84' lang='lat' dir='ltr'><strong>confecti</strong></span> <span class='ocrx_word' id='word_1_338' title='bbox 3269 1193 3381 1248; x_wconf 90' lang='lat' dir='ltr'><strong>sint</strong></span> <span class='ocrx_word' id='word_1_339' title='bbox 3402 1206 3526 1249; x_wconf 85' lang='lat' dir='ltr'><strong>ante</strong></span> 
     </span>
    </p>
   </div>
   <div class='ocr_carea' id='block_1_56' title="bbox 1955 1279 3525 1351">
    <p class='ocr_par' dir='ltr' id='par_1_56' title="bbox 1955 1279 3525 1351">
     <span class='ocr_line' id='line_1_56' title="bbox 1955 1279 3525 1351; baseline 0.004 -18"><span class='ocrx_word' id='word_1_340' title='bbox 1955 1294 2154 1334; x_wconf 56' lang='lat' dir='ltr'><strong>annum</strong></span> <span class='ocrx_word' id='word_1_341' title='bbox 2202 1279 2326 1345; x_wconf 65' lang='lat'><strong>429,</strong></span> <span class='ocrx_word' id='word_1_342' title='bbox 2360 1280 2720 1351; x_wconf 88' lang='lat' dir='ltr'><strong>reprehensio</strong></span> <span class='ocrx_word' id='word_1_343' title='bbox 2771 1297 2918 1337; x_wconf 89' lang='lat' dir='ltr'><strong>anno</strong></span> <span class='ocrx_word' id='word_1_344' title='bbox 2968 1282 3066 1338; x_wconf 65' lang='grc'><strong>451</strong></span> <span class='ocrx_word' id='word_1_345' title='bbox 3097 1324 3111 1349; x_wconf 92' lang='grc'><em>,</em></span> <span class='ocrx_word' id='word_1_346' title='bbox 3160 1300 3386 1340; x_wconf 89' lang='lat' dir='ltr'><strong>necesse</strong></span> <span class='ocrx_word' id='word_1_347' title='bbox 3442 1294 3525 1340; x_wconf 86' lang='lat' dir='ltr'><strong>est</strong></span> 
     </span>
    </p>
   </div>
   <div class='ocr_carea' id='block_1_57' title="bbox 1947 1355 3527 1450">
    <p class='ocr_par' dir='ltr' id='par_1_57' title="bbox 1947 1355 3527 1450">
     <span class='ocr_line' id='line_1_57' title="bbox 1947 1355 3527 1450; baseline 0.001 -20"><span class='ocrx_word' id='word_1_348' title='bbox 1947 1355 2383 1431; x_wconf 62' lang='lat' dir='ltr'><strong>commentarios</strong></span> <span class='ocrx_word' id='word_1_349' title='bbox 2434 1376 2491 1431; x_wconf 92' lang='lat' dir='ltr'><strong>in</strong></span> <span class='ocrx_word' id='word_1_350' title='bbox 2550 1377 2704 1432; x_wconf 91' lang='lat' dir='ltr'><strong>Pauli</strong></span> <span class='ocrx_word' id='word_1_351' title='bbox 2752 1378 3024 1449; x_wconf 88' lang='lat' dir='ltr'><strong>Epistolas</strong></span> <span class='ocrx_word' id='word_1_352' title='bbox 3053 1378 3290 1450; x_wconf 89' lang='lat' dir='ltr'><strong>scriptos</strong></span> <span class='ocrx_word' id='word_1_353' title='bbox 3312 1394 3433 1434; x_wconf 91' lang='lat' dir='ltr'><strong>esse</strong></span> <span class='ocrx_word' id='word_1_354' title='bbox 3460 1394 3527 1433; x_wconf 87' lang='lat' dir='ltr'><strong>eo</strong></span> 
     </span>
    </p>
   </div>
   <div class='ocr_carea' id='block_1_58' title="bbox 1949 1466 3525 1542">
    <p class='ocr_par' dir='ltr' id='par_1_58' title="bbox 1949 1466 3525 1542">
     <span class='ocr_line' id='line_1_58' title="bbox 1949 1466 3525 1542; baseline 0.003 -22"><span class='ocrx_word' id='word_1_355' title='bbox 1949 1466 2213 1537; x_wconf 89' lang='lat' dir='ltr'><strong>temporis</strong></span> <span class='ocrx_word' id='word_1_356' title='bbox 2262 1467 2574 1531; x_wconf 87' lang='lat' dir='ltr'><strong>intervallo,</strong></span> <span class='ocrx_word' id='word_1_357' title='bbox 2616 1469 2761 1539; x_wconf 90' lang='lat' dir='ltr'><strong>quod</strong></span> <span class='ocrx_word' id='word_1_358' title='bbox 2808 1471 2877 1524; x_wconf 91' lang='lat' dir='ltr'><strong>ab</strong></span> <span class='ocrx_word' id='word_1_359' title='bbox 2906 1470 3183 1541; x_wconf 75' lang='lat' dir='ltr'><strong>Ephesius</strong></span> <span class='ocrx_word' id='word_1_360' title='bbox 3216 1469 3423 1542; x_wconf 75' lang='lat' dir='ltr'><strong>synodo</strong></span> <span class='ocrx_word' id='word_1_361' title='bbox 3457 1470 3525 1525; x_wconf 87' lang='lat' dir='ltr'><strong>ad</strong></span> 
     </span>
    </p>
   </div>
   <div class='ocr_carea' id='block_1_59' title="bbox 1949 1560 3527 1634">
    <p class='ocr_par' dir='ltr' id='par_1_59' title="bbox 1949 1560 3527 1634">
     <span class='ocr_line' id='line_1_59' title="bbox 1949 1560 3527 1634; baseline 0.002 -21"><span class='ocrx_word' id='word_1_362' title='bbox 1949 1574 2153 1613; x_wconf 90' lang='lat' dir='ltr'><strong>annum</strong></span> <span class='ocrx_word' id='word_1_363' title='bbox 2173 1560 2278 1614; x_wconf 73' lang='grc'><strong>455</strong></span> <span class='ocrx_word' id='word_1_364' title='bbox 2302 1560 2604 1616; x_wconf 82' lang='lat' dir='ltr'><strong>interﬂuxit</strong></span> <span class='ocrx_word' id='word_1_365' title='bbox 2634 1580 2646 1615; x_wconf 89' lang='lat'><strong>:</strong></span> <span class='ocrx_word' id='word_1_366' title='bbox 2685 1578 2796 1633; x_wconf 91' lang='lat' dir='ltr'><strong>quo</strong></span> <span class='ocrx_word' id='word_1_367' title='bbox 2828 1572 3072 1634; x_wconf 87' lang='lat' dir='ltr'><strong>tempore</strong></span> <span class='ocrx_word' id='word_1_368' title='bbox 3102 1563 3313 1618; x_wconf 87' lang='lat' dir='ltr'><strong>scilicet</strong></span> <span class='ocrx_word' id='word_1_369' title='bbox 3349 1562 3527 1616; x_wconf 85' lang='lat' dir='ltr'><strong>Theo—</strong></span> 
     </span>
    </p>
   </div>
   <div class='ocr_carea' id='block_1_60' title="bbox 1949 1650 3528 1726">
    <p class='ocr_par' dir='ltr' id='par_1_60' title="bbox 1949 1650 3528 1726">
     <span class='ocr_line' id='line_1_60' title="bbox 1949 1650 3528 1726; baseline -0.001 -20"><span class='ocrx_word' id='word_1_370' title='bbox 1949 1650 2176 1707; x_wconf 90' lang='lat' dir='ltr'><strong>doretus</strong></span> <span class='ocrx_word' id='word_1_371' title='bbox 2209 1661 2514 1707; x_wconf 89' lang='lat' dir='ltr'><strong>secesserat</strong></span> <span class='ocrx_word' id='word_1_372' title='bbox 2556 1663 2751 1723; x_wconf 91' lang='lat' dir='ltr'><strong>sponte</strong></span> <span class='ocrx_word' id='word_1_373' title='bbox 2774 1652 2998 1726; x_wconf 84' lang='lat' dir='ltr'><strong>Cyrum,</strong></span> <span class='ocrx_word' id='word_1_374' title='bbox 3033 1669 3145 1708; x_wconf 91' lang='lat' dir='ltr'><strong>non</strong></span> <span class='ocrx_word' id='word_1_375' title='bbox 3176 1660 3384 1708; x_wconf 90' lang='lat' dir='ltr'><strong>tantum</strong></span> <span class='ocrx_word' id='word_1_376' title='bbox 3411 1667 3528 1706; x_wconf 87' lang='lat' dir='ltr'><strong>mo-</strong></span> 
     </span>
    </p>
   </div>
   <div class='ocr_carea' id='block_1_61' title="bbox 1950 1741 3525 1816">
    <p class='ocr_par' dir='ltr' id='par_1_61' title="bbox 1950 1741 3525 1816">
     <span class='ocr_line' id='line_1_61' title="bbox 1950 1741 3525 1816; baseline 0.002 -20"><span class='ocrx_word' id='word_1_377' title='bbox 1950 1741 2086 1797; x_wconf 89' lang='lat' dir='ltr'><strong>leste</strong></span> <span class='ocrx_word' id='word_1_378' title='bbox 2135 1743 2318 1798; x_wconf 84' lang='lat' dir='ltr'><strong>ferens</strong></span> <span class='ocrx_word' id='word_1_379' title='bbox 2349 1743 2541 1798; x_wconf 89' lang='lat' dir='ltr'><strong>initam</strong></span> <span class='ocrx_word' id='word_1_380' title='bbox 2571 1758 2601 1798; x_wconf 89' lang='lat' dir='ltr'><strong>a</strong></span> <span class='ocrx_word' id='word_1_381' title='bbox 2640 1743 2851 1799; x_wconf 85' lang='lat' dir='ltr'><strong>Joanne</strong></span> <span class='ocrx_word' id='word_1_382' title='bbox 2882 1760 3007 1800; x_wconf 90' lang='lat' dir='ltr'><strong>cum</strong></span> <span class='ocrx_word' id='word_1_383' title='bbox 3046 1742 3253 1816; x_wconf 83' lang='lat' dir='ltr'><strong>Cyrillo</strong></span> <span class='ocrx_word' id='word_1_384' title='bbox 3292 1758 3481 1814; x_wconf 87' lang='lat' dir='ltr'><strong>pacem</strong></span> <span class='ocrx_word' id='word_1_385' title='bbox 3510 1760 3525 1805; x_wconf 89' lang='lat'><strong>;</strong></span> 
     </span>
    </p>
   </div>
   <div class='ocr_carea' id='block_1_62' title="bbox 1946 1834 3497 1906">
    <p class='ocr_par' dir='ltr' id='par_1_62' title="bbox 1946 1834 3497 1906">
     <span class='ocr_line' id='line_1_62' title="bbox 1946 1834 3497 1906; baseline -0.001 -17"><span class='ocrx_word' id='word_1_386' title='bbox 1946 1834 2041 1889; x_wconf 90' lang='lat' dir='ltr'><strong>sed</strong></span> <span class='ocrx_word' id='word_1_387' title='bbox 2077 1836 2244 1890; x_wconf 89' lang='lat' dir='ltr'><strong>etiam</strong></span> <span class='ocrx_word' id='word_1_388' title='bbox 2275 1835 2621 1891; x_wconf 83' lang='lat' dir='ltr'><strong>Antiochiam</strong></span> <span class='ocrx_word' id='word_1_389' title='bbox 2651 1852 2760 1893; x_wconf 90' lang='lat' dir='ltr'><strong>non</strong></span> <span class='ocrx_word' id='word_1_390' title='bbox 2803 1837 3054 1904; x_wconf 88' lang='lat' dir='ltr'><strong>veniens,</strong></span> <span class='ocrx_word' id='word_1_391' title='bbox 3107 1836 3211 1892; x_wconf 91' lang='lat' dir='ltr'><strong>nisi</strong></span> <span class='ocrx_word' id='word_1_392' title='bbox 3242 1851 3368 1892; x_wconf 90' lang='lat' dir='ltr'><strong>cum</strong></span> <span class='ocrx_word' id='word_1_393' title='bbox 3398 1851 3497 1906; x_wconf 73' lang='lat' dir='ltr'><strong>syn</strong></span> 
     </span>
    </p>
   </div>
   <div class='ocr_carea' id='block_1_63' title="bbox 1946 1926 2705 1999">
    <p class='ocr_par' dir='ltr' id='par_1_63' title="bbox 1946 1926 2705 1999">
     <span class='ocr_line' id='line_1_63' title="bbox 1946 1926 2705 1999; baseline 0 -17"><span class='ocrx_word' id='word_1_394' title='bbox 1946 1926 2070 1982; x_wconf 92' lang='lat' dir='ltr'><strong>odis</strong></span> <span class='ocrx_word' id='word_1_395' title='bbox 2099 1927 2366 1982; x_wconf 89' lang='lat' dir='ltr'><strong>interesse</strong></span> <span class='ocrx_word' id='word_1_396' title='bbox 2394 1935 2705 1999; x_wconf 85' lang='lat' dir='ltr'><strong>cogeretur.</strong></span> 
     </span>
    </p>
   </div>
   <div class='ocr_carea' id='block_1_64' title="bbox 2017 2016 3526 2085">
    <p class='ocr_par' dir='ltr' id='par_1_64' title="bbox 2017 2016 3526 2085">
     <span class='ocr_line' id='line_1_64' title="bbox 2017 2016 3526 2085; baseline 0.002 -15"><span class='ocrx_word' id='word_1_397' title='bbox 2017 2016 2103 2071; x_wconf 85' lang='lat' dir='ltr'><strong>IV.</strong></span> <span class='ocrx_word' id='word_1_398' title='bbox 2135 2017 2255 2083; x_wconf 84' lang='lat' dir='ltr'><strong>Quo</strong></span> <span class='ocrx_word' id='word_1_399' title='bbox 2276 2018 2510 2073; x_wconf 90' lang='lat' dir='ltr'><strong>consilio</strong></span> <span class='ocrx_word' id='word_1_400' title='bbox 2545 2018 2613 2073; x_wconf 92' lang='lat' dir='ltr'><strong>ad</strong></span> <span class='ocrx_word' id='word_1_401' title='bbox 2658 2017 3015 2073; x_wconf 83' lang='lat' dir='ltr'><strong>scribendum</strong></span> <span class='ocrx_word' id='word_1_402' title='bbox 3049 2019 3361 2085; x_wconf 86' lang='lat' dir='ltr'><strong>accesserit,</strong></span> <span class='ocrx_word' id='word_1_403' title='bbox 3416 2036 3526 2075; x_wconf 90' lang='lat' dir='ltr'><strong>non</strong></span> 
     </span>
    </p>
   </div>
   <div class='ocr_carea' id='block_1_65' title="bbox 1945 2109 3527 2181">
    <p class='ocr_par' dir='ltr' id='par_1_65' title="bbox 1945 2109 3527 2181">
     <span class='ocr_line' id='line_1_65' title="bbox 1945 2109 3527 2181; baseline 0.004 -20"><span class='ocrx_word' id='word_1_404' title='bbox 1945 2110 2169 2178; x_wconf 89' lang='lat' dir='ltr'><strong>aperit;</strong></span> <span class='ocrx_word' id='word_1_405' title='bbox 2222 2124 2422 2179; x_wconf 87' lang='lat' dir='ltr'><strong>neque,</strong></span> <span class='ocrx_word' id='word_1_406' title='bbox 2474 2117 2535 2163; x_wconf 91' lang='lat' dir='ltr'><strong>ut</strong></span> <span class='ocrx_word' id='word_1_407' title='bbox 2593 2109 2710 2165; x_wconf 81' lang='lat' dir='ltr'><strong>ﬁeri</strong></span> <span class='ocrx_word' id='word_1_408' title='bbox 2758 2112 2918 2176; x_wconf 89' lang='lat' dir='ltr'><strong>solet,</strong></span> <span class='ocrx_word' id='word_1_409' title='bbox 2974 2111 3119 2166; x_wconf 89' lang='lat' dir='ltr'><strong>inter</strong></span> <span class='ocrx_word' id='word_1_410' title='bbox 3147 2110 3527 2181; x_wconf 69' lang='lat' dir='ltr'><strong>praefandum;</strong></span> 
     </span>
    </p>
   </div>
   <div class='ocr_carea' id='block_1_66' title="bbox 1945 2201 3526 2272">
    <p class='ocr_par' dir='ltr' id='par_1_66' title="bbox 1945 2201 3526 2272">
     <span class='ocr_line' id='line_1_66' title="bbox 1945 2201 3526 2272; baseline 0.004 -19"><span class='ocrx_word' id='word_1_411' title='bbox 1945 2215 2126 2270; x_wconf 89' lang='lat' dir='ltr'><strong>neque</strong></span> <span class='ocrx_word' id='word_1_412' title='bbox 2157 2201 2212 2255; x_wconf 91' lang='lat' dir='ltr'><strong>in</strong></span> <span class='ocrx_word' id='word_1_413' title='bbox 2241 2201 2471 2271; x_wconf 89' lang='lat' dir='ltr'><strong>epistola</strong></span> <span class='ocrx_word' id='word_1_414' title='bbox 2504 2202 2682 2272; x_wconf 88' lang='lat' dir='ltr'><strong>prima</strong></span> <span class='ocrx_word' id='word_1_415' title='bbox 2714 2212 2770 2257; x_wconf 93' lang='lat' dir='ltr'><strong>et</strong></span> <span class='ocrx_word' id='word_1_416' title='bbox 2796 2202 3037 2258; x_wconf 83' lang='lat' dir='ltr'><strong>secunda</strong></span> <span class='ocrx_word' id='word_1_417' title='bbox 3070 2203 3138 2258; x_wconf 90' lang='lat' dir='ltr'><strong>ad</strong></span> <span class='ocrx_word' id='word_1_418' title='bbox 3186 2203 3447 2269; x_wconf 90' lang='lat' dir='ltr'><strong>amicum,</strong></span> <span class='ocrx_word' id='word_1_419' title='bbox 3496 2220 3526 2259; x_wconf 88' lang='lat' dir='ltr'><strong>a</strong></span> 
     </span>
    </p>
   </div>
   <div class='ocr_carea' id='block_1_67' title="bbox 1946 2291 3527 2367">
    <p class='ocr_par' dir='ltr' id='par_1_67' title="bbox 1946 2291 3527 2367">
     <span class='ocr_line' id='line_1_67' title="bbox 1946 2291 3527 2367; baseline 0.003 -22"><span class='ocrx_word' id='word_1_420' title='bbox 1946 2306 2056 2360; x_wconf 90' lang='lat' dir='ltr'><strong>quo</strong></span> <span class='ocrx_word' id='word_1_421' title='bbox 2085 2291 2191 2362; x_wconf 85' lang='lat' dir='ltr'><strong>legi</strong></span> <span class='ocrx_word' id='word_1_422' title='bbox 2220 2301 2527 2361; x_wconf 90' lang='lat' dir='ltr'><strong>optaverat,</strong></span> <span class='ocrx_word' id='word_1_423' title='bbox 2560 2292 2706 2363; x_wconf 89' lang='lat' dir='ltr'><strong>quod</strong></span> <span class='ocrx_word' id='word_1_424' title='bbox 2737 2294 3050 2365; x_wconf 88' lang='lat' dir='ltr'><strong>scripsisset</strong></span> <span class='ocrx_word' id='word_1_425' title='bbox 3075 2312 3091 2361; x_wconf 87' lang='lat'><strong>;</strong></span> <span class='ocrx_word' id='word_1_426' title='bbox 3116 2295 3316 2367; x_wconf 87' lang='lat' dir='ltr'><strong>conjici</strong></span> <span class='ocrx_word' id='word_1_427' title='bbox 3348 2304 3527 2350; x_wconf 87' lang='lat' dir='ltr'><strong>tamen</strong></span> 
     </span>
    </p>
   </div>
   <div class='ocr_carea' id='block_1_68' title="bbox 1948 2381 3530 2454">
    <p class='ocr_par' dir='ltr' id='par_1_68' title="bbox 1948 2381 3530 2454">
     <span class='ocr_line' id='line_1_68' title="bbox 1948 2381 3530 2454; baseline 0.002 -19"><span class='ocrx_word' id='word_1_428' title='bbox 1948 2381 2002 2435; x_wconf 94' lang='lat' dir='ltr'><strong>id</strong></span> <span class='ocrx_word' id='word_1_429' title='bbox 2038 2390 2218 2452; x_wconf 88' lang='lat' dir='ltr'><strong>potest</strong></span> <span class='ocrx_word' id='word_1_430' title='bbox 2250 2398 2318 2436; x_wconf 77' lang='lat' dir='ltr'><strong>ex</strong></span> <span class='ocrx_word' id='word_1_431' title='bbox 2369 2381 2689 2438; x_wconf 88' lang='lat' dir='ltr'><strong>conditione</strong></span> <span class='ocrx_word' id='word_1_432' title='bbox 2734 2384 3285 2453; x_wconf 80' lang='lat' dir='ltr'><strong>temporumzvoluit</strong></span> <span class='ocrx_word' id='word_1_433' title='bbox 3332 2400 3530 2454; x_wconf 89' lang='lat' dir='ltr'><strong>nempe</strong></span> 
     </span>
    </p>
   </div>
   <div class='ocr_carea' id='block_1_69' title="bbox 1947 2470 3534 2537">
    <p class='ocr_par' dir='ltr' id='par_1_69' title="bbox 1947 2470 3534 2537">
     <span class='ocr_line' id='line_1_69' title="bbox 1947 2470 3534 2537; baseline 0.003 -12"><span class='ocrx_word' id='word_1_434' title='bbox 1947 2471 2034 2525; x_wconf 91' lang='lat' dir='ltr'><strong>sui</strong></span> <span class='ocrx_word' id='word_1_435' title='bbox 2057 2486 2306 2526; x_wconf 88' lang='lat' dir='ltr'><strong>secessus</strong></span> <span class='ocrx_word' id='word_1_436' title='bbox 2335 2471 2449 2526; x_wconf 88' lang='lat' dir='ltr'><strong>otio</strong></span> <span class='ocrx_word' id='word_1_437' title='bbox 2479 2470 2611 2537; x_wconf 85' lang='lat' dir='ltr'><strong>frui,</strong></span> <span class='ocrx_word' id='word_1_438' title='bbox 2639 2484 2695 2526; x_wconf 85' lang='lat' dir='ltr'><strong>et</strong></span> <span class='ocrx_word' id='word_1_439' title='bbox 2728 2471 2975 2528; x_wconf 90' lang='lat' dir='ltr'><strong>animum</strong></span> <span class='ocrx_word' id='word_1_440' title='bbox 3019 2488 3252 2530; x_wconf 87' lang='lat' dir='ltr'><strong>avocare</strong></span> <span class='ocrx_word' id='word_1_441' title='bbox 3290 2488 3321 2528; x_wconf 91' lang='lat' dir='ltr'><strong>a</strong></span> <span class='ocrx_word' id='word_1_442' title='bbox 3364 2473 3534 2529; x_wconf 91' lang='lat' dir='ltr'><strong>rebus</strong></span> 
     </span>
    </p>
   </div>
   <div class='ocr_carea' id='block_1_70' title="bbox 1945 2563 3532 2636">
    <p class='ocr_par' dir='ltr' id='par_1_70' title="bbox 1945 2563 3532 2636">
     <span class='ocr_line' id='line_1_70' title="bbox 1945 2563 3532 2636; baseline 0.002 -19"><span class='ocrx_word' id='word_1_443' title='bbox 1945 2578 2068 2633; x_wconf 72' lang='lat' dir='ltr'><strong>qua:</strong></span> <span class='ocrx_word' id='word_1_444' title='bbox 2106 2563 2462 2635; x_wconf 84' lang='lat' dir='ltr'><strong>gerebantur,</strong></span> <span class='ocrx_word' id='word_1_445' title='bbox 2498 2579 2727 2635; x_wconf 70' lang='lat' dir='ltr'><strong>quaeque</strong></span> <span class='ocrx_word' id='word_1_446' title='bbox 2770 2563 2821 2620; x_wconf 89' lang='lat' dir='ltr'><strong>ei</strong></span> <span class='ocrx_word' id='word_1_447' title='bbox 2860 2563 3191 2620; x_wconf 88' lang='lat' dir='ltr'><strong>videbantur</strong></span> <span class='ocrx_word' id='word_1_448' title='bbox 3218 2570 3275 2620; x_wconf 90' lang='lat' dir='ltr'><strong>et</strong></span> <span class='ocrx_word' id='word_1_449' title='bbox 3304 2564 3532 2636; x_wconf 75' lang='lat' dir='ltr'><strong>ingrata:</strong></span> 
     </span>
    </p>
   </div>
   <div class='ocr_carea' id='block_1_71' title="bbox 1945 2655 2298 2709">
    <p class='ocr_par' dir='ltr' id='par_1_71' title="bbox 1945 2655 2298 2709">
     <span class='ocr_line' id='line_1_71' title="bbox 1945 2655 2298 2709; baseline 0.003 -1"><span class='ocrx_word' id='word_1_450' title='bbox 1945 2662 2000 2708; x_wconf 91' lang='lat' dir='ltr'><strong>et</strong></span> <span class='ocrx_word' id='word_1_451' title='bbox 2031 2655 2298 2709; x_wconf 69' lang='lat' dir='ltr'><strong>molestae.</strong></span> 
     </span>
    </p>
   </div>
   <div class='ocr_carea' id='block_1_72' title="bbox 2017 2746 3530 2818">
    <p class='ocr_par' dir='ltr' id='par_1_72' title="bbox 2017 2746 3530 2818">
     <span class='ocr_line' id='line_1_72' title="bbox 2017 2746 3530 2818; baseline 0.004 -18"><span class='ocrx_word' id='word_1_452' title='bbox 2017 2747 2081 2801; x_wconf 71' lang='grc' dir='ltr'><strong>ν.</strong></span> <span class='ocrx_word' id='word_1_453' title='bbox 2130 2747 2190 2801; x_wconf 90' lang='lat' dir='ltr'><strong>ln</strong></span> <span class='ocrx_word' id='word_1_454' title='bbox 2240 2746 2565 2802; x_wconf 70' lang='lat' dir='ltr'><strong>Praefatione</strong></span> <span class='ocrx_word' id='word_1_455' title='bbox 2612 2756 2847 2818; x_wconf 88' lang='lat' dir='ltr'><strong>occupat</strong></span> <span class='ocrx_word' id='word_1_456' title='bbox 2873 2749 3285 2805; x_wconf 88' lang='lat' dir='ltr'><strong>accusationem</strong></span> <span class='ocrx_word' id='word_1_457' title='bbox 3313 2765 3530 2815; x_wconf 86' lang='lat' dir='ltr'><strong>eorum,</strong></span> 
     </span>
    </p>
   </div>
   <div class='ocr_carea' id='block_1_73' title="bbox 1946 2836 3530 2912">
    <p class='ocr_par' dir='ltr' id='par_1_73' title="bbox 1946 2836 3530 2912">
     <span class='ocr_line' id='line_1_73' title="bbox 1946 2836 3530 2912; baseline 0.002 -18"><span class='ocrx_word' id='word_1_458' title='bbox 1946 2839 2038 2910; x_wconf 91' lang='lat' dir='ltr'><strong>qui</strong></span> <span class='ocrx_word' id='word_1_459' title='bbox 2072 2855 2215 2910; x_wconf 74' lang='lat' dir='ltr'><strong>aegre</strong></span> <span class='ocrx_word' id='word_1_460' title='bbox 2246 2839 2453 2893; x_wconf 80' lang='lat' dir='ltr'><strong>terrent</strong></span> <span class='ocrx_word' id='word_1_461' title='bbox 2476 2840 2544 2894; x_wconf 90' lang='lat' dir='ltr'><strong>ab</strong></span> <span class='ocrx_word' id='word_1_462' title='bbox 2591 2836 3055 2910; x_wconf 61' lang='lat' dir='ltr'><strong>aliquo&#39;tractari,</strong></span> <span class='ocrx_word' id='word_1_463' title='bbox 3093 2842 3240 2912; x_wconf 90' lang='lat' dir='ltr'><strong>quod</strong></span> <span class='ocrx_word' id='word_1_464' title='bbox 3268 2842 3372 2897; x_wconf 90' lang='lat' dir='ltr'><strong>viri</strong></span> <span class='ocrx_word' id='word_1_465' title='bbox 3418 2842 3530 2899; x_wconf 87' lang='lat' dir='ltr'><strong>duo</strong></span> 
     </span>
    </p>
   </div>
   <div class='ocr_carea' id='block_1_74' title="bbox 1945 2929 3534 3005">
    <p class='ocr_par' dir='ltr' id='par_1_74' title="bbox 1945 2929 3534 3005">
     <span class='ocr_line' id='line_1_74' title="bbox 1945 2929 3534 3005; baseline 0.003 -20"><span class='ocrx_word' id='word_1_466' title='bbox 1945 2930 2405 3001; x_wconf 56' lang='lat' dir='ltr'><strong>prastantissimi,</strong></span> <span class='ocrx_word' id='word_1_467' title='bbox 2436 2929 2863 3005; x_wconf 84' lang='lat' dir='ltr'><strong>Chrysostomus</strong></span> <span class='ocrx_word' id='word_1_468' title='bbox 2891 2944 3056 3004; x_wconf 87' lang='lat' dir='ltr'><strong>atque</strong></span> <span class='ocrx_word' id='word_1_469' title='bbox 3077 2933 3403 2989; x_wconf 86' lang='lat' dir='ltr'><strong>Theodorus</strong></span> <span class='ocrx_word' id='word_1_470' title='bbox 3419 2935 3534 2990; x_wconf 77' lang='lat' dir='ltr'><strong>Mo-</strong></span> 
     </span>
    </p>
   </div>
   <div class='ocr_carea' id='block_1_75' title="bbox 1946 3025 3533 3094">
    <p class='ocr_par' dir='ltr' id='par_1_75' title="bbox 1946 3025 3533 3094">
     <span class='ocr_line' id='line_1_75' title="bbox 1946 3025 3533 3094; baseline 0.004 -17"><span class='ocrx_word' id='word_1_471' title='bbox 1946 3031 2276 3092; x_wconf 88' lang='lat' dir='ltr'><strong>psuestenus</strong></span> <span class='ocrx_word' id='word_1_472' title='bbox 2327 3025 2345 3043; x_wconf 81' lang='lat'>&#39;</span> <span class='ocrx_word' id='word_1_473' title='bbox 2386 3040 2563 3094; x_wconf 88' lang='lat' dir='ltr'><strong>nuper</strong></span> <span class='ocrx_word' id='word_1_474' title='bbox 2607 3025 2993 3080; x_wconf 86' lang='lat' dir='ltr'><strong>absolvissent.</strong></span> <span class='ocrx_word' id='word_1_475' title='bbox 3025 3026 3134 3082; x_wconf 84' lang='lat' dir='ltr'><strong>llos</strong></span> <span class='ocrx_word' id='word_1_476' title='bbox 3164 3026 3313 3081; x_wconf 90' lang='lat' dir='ltr'><strong>enim</strong></span> <span class='ocrx_word' id='word_1_477' title='bbox 3339 3028 3533 3083; x_wconf 86' lang='lat' dir='ltr'><strong>ambos</strong></span> 
     </span>
    </p>
   </div>
   <div class='ocr_carea' id='block_1_76' title="bbox 1946 3115 3529 3187">
    <p class='ocr_par' dir='ltr' id='par_1_76' title="bbox 1946 3115 3529 3187">
     <span class='ocr_line' id='line_1_76' title="bbox 1946 3115 3529 3187; baseline 0.001 -17"><span class='ocrx_word' id='word_1_478' title='bbox 1946 3115 2218 3185; x_wconf 78' lang='lat' dir='ltr'><strong>signiﬁcat</strong></span> <span class='ocrx_word' id='word_1_479' title='bbox 2240 3116 2360 3170; x_wconf 89' lang='lat' dir='ltr'><strong>istis</strong></span> <span class='ocrx_word' id='word_1_480' title='bbox 2383 3115 2634 3181; x_wconf 88' lang='lat' dir='ltr'><strong>vocibus,</strong></span> <span class='ocrx_word' id='word_1_481' title='bbox 2668 3116 2806 3187; x_wconf 75' lang='grc' dir='ltr'><strong>μετὰ</strong></span> <span class='ocrx_word' id='word_1_482' title='bbox 2832 3115 2923 3169; x_wconf 77' lang='grc' dir='ltr'><strong>τὸν</strong></span> <span class='ocrx_word' id='word_1_483' title='bbox 2951 3116 3096 3169; x_wconf 82' lang='grc' dir='ltr'>δεῖνα</span> <span class='ocrx_word' id='word_1_484' title='bbox 3127 3116 3331 3171; x_wconf 72' lang='grc' dir='ltr'><strong>καὶτὸν</strong></span> <span class='ocrx_word' id='word_1_485' title='bbox 3361 3119 3529 3183; x_wconf 79' lang='grc' dir='ltr'><strong>δεῖνα,</strong></span> 
     </span>
    </p>
   </div>
   <div class='ocr_carea' id='block_1_77' title="bbox 1949 3206 3531 3278">
    <p class='ocr_par' dir='ltr' id='par_1_77' title="bbox 1949 3206 3531 3278">
     <span class='ocr_line' id='line_1_77' title="bbox 1949 3206 3531 3278; baseline 0.003 -18"><span class='ocrx_word' id='word_1_486' title='bbox 1949 3207 2074 3270; x_wconf 80' lang='grc' dir='ltr'><strong>τοὺς</strong></span> <span class='ocrx_word' id='word_1_487' title='bbox 2117 3207 2215 3277; x_wconf 83' lang='grc' dir='ltr'><strong>τῆς</strong></span> <span class='ocrx_word' id='word_1_488' title='bbox 2259 3207 2580 3278; x_wconf 74' lang='grc' dir='ltr'><strong>οἰκουμένης</strong></span> <span class='ocrx_word' id='word_1_489' title='bbox 2609 3206 2923 3276; x_wconf 78' lang='grc' dir='ltr'><strong>φωστῆρας,</strong></span> <span class='ocrx_word' id='word_1_490' title='bbox 2952 3215 3059 3262; x_wconf 82' lang='lat' dir='ltr'><strong>etc.</strong></span> <span class='ocrx_word' id='word_1_491' title='bbox 3089 3206 3312 3264; x_wconf 78' lang='lat' dir='ltr'><strong>Refellit</strong></span> <span class='ocrx_word' id='word_1_492' title='bbox 3343 3217 3531 3265; x_wconf 88' lang='lat' dir='ltr'><strong>autem</strong></span> 
     </span>
    </p>
   </div>
   <div class='ocr_carea' id='block_1_78' title="bbox 1948 3294 3532 3367">
    <p class='ocr_par' dir='ltr' id='par_1_78' title="bbox 1948 3294 3532 3367">
     <span class='ocr_line' id='line_1_78' title="bbox 1948 3294 3532 3367; baseline 0.001 -16"><span class='ocrx_word' id='word_1_493' title='bbox 1948 3296 2355 3351; x_wconf 87' lang='lat' dir='ltr'><strong>accusationem</strong></span> <span class='ocrx_word' id='word_1_494' title='bbox 2410 3295 2675 3365; x_wconf 78' lang='lat' dir='ltr'><strong>exemplis</strong></span> <span class='ocrx_word' id='word_1_495' title='bbox 2716 3311 2746 3349; x_wconf 91' lang='lat' dir='ltr'><strong>a</strong></span> <span class='ocrx_word' id='word_1_496' title='bbox 2772 3294 3053 3366; x_wconf 87' lang='lat' dir='ltr'><strong>Scriptura</strong></span> <span class='ocrx_word' id='word_1_497' title='bbox 3085 3296 3293 3366; x_wconf 90' lang='lat' dir='ltr'><strong>petitis,</strong></span> <span class='ocrx_word' id='word_1_498' title='bbox 3327 3296 3532 3367; x_wconf 88' lang='lat' dir='ltr'><strong>quibus</strong></span> 
     </span>
    </p>
   </div>
   <div class='ocr_carea' id='block_1_79' title="bbox 1949 3386 3532 3456">
    <p class='ocr_par' dir='ltr' id='par_1_79' title="bbox 1949 3386 3532 3456">
     <span class='ocr_line' id='line_1_79' title="bbox 1949 3386 3532 3456; baseline 0.003 -17"><span class='ocrx_word' id='word_1_499' title='bbox 1949 3386 2097 3456; x_wconf 90' lang='lat' dir='ltr'><strong>ipsos</strong></span> <span class='ocrx_word' id='word_1_500' title='bbox 2136 3386 2301 3441; x_wconf 89' lang='lat' dir='ltr'><strong>etiam</strong></span> <span class='ocrx_word' id='word_1_501' title='bbox 2340 3387 2583 3441; x_wconf 84' lang='lat' dir='ltr'><strong>minores</strong></span> <span class='ocrx_word' id='word_1_502' title='bbox 2625 3402 2656 3442; x_wconf 89' lang='lat' dir='ltr'><strong>a</strong></span> <span class='ocrx_word' id='word_1_503' title='bbox 2688 3386 2801 3442; x_wconf 85' lang='lat' dir='ltr'><strong>Deo</strong></span> <span class='ocrx_word' id='word_1_504' title='bbox 2840 3387 3015 3456; x_wconf 82' lang='lat' dir='ltr'><strong>gratia</strong></span> <span class='ocrx_word' id='word_1_505' title='bbox 3059 3386 3292 3443; x_wconf 87' lang='lat' dir='ltr'><strong>donatos</strong></span> <span class='ocrx_word' id='word_1_506' title='bbox 3320 3388 3387 3443; x_wconf 89' lang='lat' dir='ltr'><strong>ad</strong></span> <span class='ocrx_word' id='word_1_507' title='bbox 3432 3403 3532 3443; x_wconf 86' lang='lat' dir='ltr'><strong>co-</strong></span> 
     </span>
    </p>
   </div>
   <div class='ocr_carea' id='block_1_80' title="bbox 1947 3477 3529 3550">
    <p class='ocr_par' dir='ltr' id='par_1_80' title="bbox 1947 3477 3529 3550">
     <span class='ocr_line' id='line_1_80' title="bbox 1947 3477 3529 3550; baseline 0.003 -19"><span class='ocrx_word' id='word_1_508' title='bbox 1947 3477 2261 3548; x_wconf 89' lang='lat' dir='ltr'><strong>gnoscenda</strong></span> <span class='ocrx_word' id='word_1_509' title='bbox 2301 3478 2562 3550; x_wconf 88' lang='lat' dir='ltr'><strong>mysteria</strong></span> <span class='ocrx_word' id='word_1_510' title='bbox 2602 3477 2819 3549; x_wconf 90' lang='lat' dir='ltr'><strong>probat.</strong></span> <span class='ocrx_word' id='word_1_511' title='bbox 2868 3478 2987 3534; x_wconf 86' lang='lat' dir='ltr'><strong>Jam</strong></span> <span class='ocrx_word' id='word_1_512' title='bbox 3020 3493 3155 3533; x_wconf 87' lang='lat' dir='ltr'><strong>vero</strong></span> <span class='ocrx_word' id='word_1_513' title='bbox 3192 3493 3529 3549; x_wconf 86' lang='lat' dir='ltr'><strong>proponens,</strong></span> 
     </span>
    </p>
   </div>
   <div class='ocr_carea' id='block_1_81' title="bbox 1947 3567 3529 3639">
    <p class='ocr_par' dir='ltr' id='par_1_81' title="bbox 1947 3567 3529 3639">
     <span class='ocr_line' id='line_1_81' title="bbox 1947 3567 3529 3639; baseline 0.002 -17"><span class='ocrx_word' id='word_1_514' title='bbox 1947 3583 2055 3639; x_wconf 88' lang='lat' dir='ltr'><strong>qua</strong></span> <span class='ocrx_word' id='word_1_515' title='bbox 2100 3568 2310 3623; x_wconf 85' lang='lat' dir='ltr'><strong>ratione</strong></span> <span class='ocrx_word' id='word_1_516' title='bbox 2345 3568 2655 3638; x_wconf 78' lang='lat' dir='ltr'><strong>exponendi</strong></span> <span class='ocrx_word' id='word_1_517' title='bbox 2691 3567 2958 3624; x_wconf 91' lang='lat' dir='ltr'><strong>utendum</strong></span> <span class='ocrx_word' id='word_1_518' title='bbox 2989 3575 3168 3639; x_wconf 89' lang='lat' dir='ltr'><strong>putet,</strong></span> <span class='ocrx_word' id='word_1_519' title='bbox 3198 3568 3442 3624; x_wconf 91' lang='lat' dir='ltr'><strong>ostendit</strong></span> <span class='ocrx_word' id='word_1_520' title='bbox 3470 3584 3529 3625; x_wconf 82' lang='lat' dir='ltr'><strong>se</strong></span> 
     </span>
    </p>
   </div>
   <div class='ocr_carea' id='block_1_82' title="bbox 1948 3660 3527 3731">
    <p class='ocr_par' dir='ltr' id='par_1_82' title="bbox 1948 3660 3527 3731">
     <span class='ocr_line' id='line_1_82' title="bbox 1948 3660 3527 3731; baseline 0.001 -16"><span class='ocrx_word' id='word_1_521' title='bbox 1948 3677 2045 3716; x_wconf 89' lang='lat' dir='ltr'><strong>sua</strong></span> <span class='ocrx_word' id='word_1_522' title='bbox 2077 3661 2219 3715; x_wconf 86' lang='lat' dir='ltr'><strong>velle</strong></span> <span class='ocrx_word' id='word_1_523' title='bbox 2264 3661 2531 3717; x_wconf 89' lang='lat' dir='ltr'><strong>brevitate</strong></span> <span class='ocrx_word' id='word_1_524' title='bbox 2564 3661 2816 3715; x_wconf 89' lang='lat' dir='ltr'><strong>homines</strong></span> <span class='ocrx_word' id='word_1_525' title='bbox 2857 3661 2925 3715; x_wconf 91' lang='lat' dir='ltr'><strong>ad</strong></span> <span class='ocrx_word' id='word_1_526' title='bbox 2955 3660 3249 3731; x_wconf 88' lang='lat' dir='ltr'><strong>legendum</strong></span> <span class='ocrx_word' id='word_1_527' title='bbox 3283 3661 3527 3726; x_wconf 88' lang='lat' dir='ltr'><strong>allicere,</strong></span> 
     </span>
    </p>
   </div>
   <div class='ocr_carea' id='block_1_83' title="bbox 1947 3752 3531 3825">
    <p class='ocr_par' dir='ltr' id='par_1_83' title="bbox 1947 3752 3531 3825">
     <span class='ocr_line' id='line_1_83' title="bbox 1947 3752 3531 3825; baseline 0.001 -19"><span class='ocrx_word' id='word_1_528' title='bbox 1947 3768 2088 3823; x_wconf 90' lang='lat' dir='ltr'><strong>quos</strong></span> <span class='ocrx_word' id='word_1_529' title='bbox 2116 3752 2493 3825; x_wconf 80' lang='lat' dir='ltr'><strong>Chrysostomi</strong></span> <span class='ocrx_word' id='word_1_530' title='bbox 2522 3753 2909 3823; x_wconf 87' lang='lat' dir='ltr'><strong>Theodorique</strong></span> <span class='ocrx_word' id='word_1_531' title='bbox 2962 3752 3203 3807; x_wconf 88' lang='lat' dir='ltr'><strong>oratoria</strong></span> <span class='ocrx_word' id='word_1_532' title='bbox 3241 3753 3531 3823; x_wconf 81' lang='lat' dir='ltr'><strong>prolixitas</strong></span> 
     </span>
    </p>
   </div>
   <div class='ocr_carea' id='block_1_84' title="bbox 1948 3845 2302 3899">
    <p class='ocr_par' dir='ltr' id='par_1_84' title="bbox 1948 3845 2302 3899">
     <span class='ocr_line' id='line_1_84' title="bbox 1948 3845 2302 3899; baseline -0.003 0"><span class='ocrx_word' id='word_1_533' title='bbox 1948 3845 2302 3899; x_wconf 88' lang='lat' dir='ltr'><strong>absterreret.</strong></span> 
     </span>
    </p>
   </div>
   <div class='ocr_carea' id='block_1_85' title="bbox 2018 3934 3529 4007">
    <p class='ocr_par' dir='ltr' id='par_1_85' title="bbox 2018 3934 3529 4007">
     <span class='ocr_line' id='line_1_85' title="bbox 2018 3934 3529 4007; baseline 0 -16"><span class='ocrx_word' id='word_1_534' title='bbox 2018 3937 2108 3991; x_wconf 81' lang='lat' dir='ltr'><strong>Vl.</strong></span> <span class='ocrx_word' id='word_1_535' title='bbox 2156 3936 2337 3992; x_wconf 89' lang='lat' dir='ltr'><strong>Locus</strong></span> <span class='ocrx_word' id='word_1_536' title='bbox 2383 3952 2549 4007; x_wconf 91' lang='lat' dir='ltr'><strong>porro</strong></span> <span class='ocrx_word' id='word_1_537' title='bbox 2600 3936 2811 4006; x_wconf 91' lang='lat' dir='ltr'><strong>primus</strong></span> <span class='ocrx_word' id='word_1_538' title='bbox 2858 3934 2926 3990; x_wconf 89' lang='lat' dir='ltr'><strong>ad</strong></span> <span class='ocrx_word' id='word_1_539' title='bbox 2972 3934 3312 4003; x_wconf 69' lang='lat' dir='ltr'><strong>Corinthios,</strong></span> <span class='ocrx_word' id='word_1_540' title='bbox 3336 3935 3391 3990; x_wconf 90' lang='lat' dir='ltr'><strong>in</strong></span> <span class='ocrx_word' id='word_1_541' title='bbox 3417 3951 3529 4006; x_wconf 91' lang='lat' dir='ltr'><strong>quo</strong></span> 
     </span>
    </p>
   </div>
   <div class='ocr_carea' id='block_1_86' title="bbox 1951 4023 3530 4095">
    <p class='ocr_par' dir='ltr' id='par_1_86' title="bbox 1951 4023 3530 4095">
     <span class='ocr_line' id='line_1_86' title="bbox 1951 4023 3530 4095; baseline 0 -15"><span class='ocrx_word' id='word_1_542' title='bbox 1951 4026 2013 4081; x_wconf 84' lang='lat' dir='ltr'><strong>ﬁt</strong></span> <span class='ocrx_word' id='word_1_543' title='bbox 2070 4040 2252 4081; x_wconf 85' lang='lat' dir='ltr'><strong>sermo</strong></span> <span class='ocrx_word' id='word_1_544' title='bbox 2301 4025 2369 4081; x_wconf 91' lang='lat' dir='ltr'><strong>de</strong></span> <span class='ocrx_word' id='word_1_545' title='bbox 2428 4024 2659 4095; x_wconf 88' lang='lat' dir='ltr'><strong>dialogis</strong></span> <span class='ocrx_word' id='word_1_546' title='bbox 2705 4023 2969 4080; x_wconf 89' lang='lat' dir='ltr'><strong>adversus</strong></span> <span class='ocrx_word' id='word_1_547' title='bbox 3024 4024 3282 4090; x_wconf 90' lang='lat' dir='ltr'><strong>Arianos,</strong></span> <span class='ocrx_word' id='word_1_548' title='bbox 3332 4025 3412 4080; x_wconf 88' lang='lat' dir='ltr'><strong>sic</strong></span> <span class='ocrx_word' id='word_1_549' title='bbox 3471 4041 3530 4081; x_wconf 87' lang='lat' dir='ltr'><strong>se</strong></span> 
     </span>
    </p>
   </div>
   <div class='ocr_carea' id='block_1_87' title="bbox 1948 4116 3532 4187">
    <p class='ocr_par' dir='ltr' id='par_1_87' title="bbox 1948 4116 3532 4187">
     <span class='ocr_line' id='line_1_87' title="bbox 1948 4116 3532 4187; baseline -0.001 -14"><span class='ocrx_word' id='word_1_550' title='bbox 1948 4119 2115 4175; x_wconf 87' lang='lat' dir='ltr'><strong>habet</strong></span> <span class='ocrx_word' id='word_1_551' title='bbox 2141 4137 2154 4173; x_wconf 92' lang='lat'><strong>:</strong></span> <span class='ocrx_word' id='word_1_552' title='bbox 2214 4138 2231 4170; x_wconf 78' lang='grc' dir='ltr'>ι</span> <span class='ocrx_word' id='word_1_553' title='bbox 2256 4116 2415 4172; x_wconf 84' lang='lat' dir='ltr'><strong>Hunc</strong></span> <span class='ocrx_word' id='word_1_554' title='bbox 2462 4117 2644 4172; x_wconf 92' lang='lat' dir='ltr'><strong>locum</strong></span> <span class='ocrx_word' id='word_1_555' title='bbox 2673 4116 2732 4182; x_wconf 90' lang='lat' dir='ltr'><strong>ii,</strong></span> <span class='ocrx_word' id='word_1_556' title='bbox 2756 4116 2849 4187; x_wconf 90' lang='lat' dir='ltr'><strong>qui</strong></span> <span class='ocrx_word' id='word_1_557' title='bbox 2875 4132 2998 4172; x_wconf 91' lang='lat' dir='ltr'><strong>cum</strong></span> <span class='ocrx_word' id='word_1_558' title='bbox 3025 4117 3156 4172; x_wconf 88' lang='lat' dir='ltr'><strong>Ario</strong></span> <span class='ocrx_word' id='word_1_559' title='bbox 3176 4125 3233 4171; x_wconf 93' lang='lat' dir='ltr'><strong>et</strong></span> <span class='ocrx_word' id='word_1_560' title='bbox 3258 4117 3532 4173; x_wconf 87' lang='lat' dir='ltr'><strong>Eunomio</strong></span> 
     </span>
    </p>
   </div>
   <div class='ocr_carea' id='block_1_88' title="bbox 1948 4209 3529 4277">
    <p class='ocr_par' dir='ltr' id='par_1_88' title="bbox 1948 4209 3529 4277">
     <span class='ocr_line' id='line_1_88' title="bbox 1948 4209 3529 4277; baseline -0.001 -10"><span class='ocrx_word' id='word_1_561' title='bbox 1948 4212 2214 4277; x_wconf 90' lang='lat' dir='ltr'><strong>sentiunt,</strong></span> <span class='ocrx_word' id='word_1_562' title='bbox 2244 4211 2298 4266; x_wconf 91' lang='lat' dir='ltr'><strong>in</strong></span> <span class='ocrx_word' id='word_1_563' title='bbox 2325 4226 2421 4265; x_wconf 92' lang='lat' dir='ltr'><strong>ore</strong></span> <span class='ocrx_word' id='word_1_564' title='bbox 2453 4210 2655 4265; x_wconf 90' lang='lat' dir='ltr'><strong>habere</strong></span> <span class='ocrx_word' id='word_1_565' title='bbox 2682 4209 2900 4265; x_wconf 87' lang='lat' dir='ltr'><strong>assidue</strong></span> <span class='ocrx_word' id='word_1_566' title='bbox 2948 4219 3373 4275; x_wconf 86' lang='lat' dir='ltr'><strong>consueverunt,</strong></span> <span class='ocrx_word' id='word_1_567' title='bbox 3408 4211 3529 4266; x_wconf 80' lang='lat' dir='ltr'><strong>exi-</strong></span> 
     </span>
    </p>
   </div>
   <div class='ocr_carea' id='block_1_89' title="bbox 1948 4301 3527 4373">
    <p class='ocr_par' dir='ltr' id='par_1_89' title="bbox 1948 4301 3527 4373">
     <span class='ocr_line' id='line_1_89' title="bbox 1948 4301 3527 4373; baseline -0.003 -12"><span class='ocrx_word' id='word_1_568' title='bbox 1948 4306 2255 4363; x_wconf 87' lang='lat' dir='ltr'><strong>stimantes.</strong></span> <span class='ocrx_word' id='word_1_569' title='bbox 2289 4304 2394 4359; x_wconf 91' lang='lat' dir='ltr'><strong>hac</strong></span> <span class='ocrx_word' id='word_1_570' title='bbox 2442 4303 2656 4357; x_wconf 88' lang='lat' dir='ltr'><strong>ratione</strong></span> <span class='ocrx_word' id='word_1_571' title='bbox 2705 4318 2762 4357; x_wconf 89' lang='lat' dir='ltr'><strong>se</strong></span> <span class='ocrx_word' id='word_1_572' title='bbox 2821 4302 2889 4357; x_wconf 91' lang='lat' dir='ltr'><strong>de</strong></span> <span class='ocrx_word' id='word_1_573' title='bbox 2938 4301 3214 4373; x_wconf 87' lang='lat' dir='ltr'><strong>Unigeniti</strong></span> <span class='ocrx_word' id='word_1_574' title='bbox 3262 4301 3527 4373; x_wconf 85' lang='lat' dir='ltr'><strong>dignitate</strong></span> 
     </span>
    </p>
   </div>
   <div class='ocr_carea' id='block_1_90' title="bbox 1948 4378 3526 4450">
    <p class='ocr_par' dir='ltr' id='par_1_90' title="bbox 1948 4378 3526 4450">
     <span class='ocr_line' id='line_1_90' title="bbox 1948 4378 3526 4450; baseline -0.003 0"><span class='ocrx_word' id='word_1_575' title='bbox 1948 4396 2241 4450; x_wconf 88' lang='lat' dir='ltr'><strong>detrahere</strong></span> <span class='ocrx_word' id='word_1_576' title='bbox 2285 4378 2350 4447; x_wconf 76' lang='grc'><strong>⁸⁸.</strong></span> <span class='ocrx_word' id='word_1_577' title='bbox 2391 4413 2408 4444; x_wconf 75' lang='grc' dir='ltr'><strong>ι</strong></span> <span class='ocrx_word' id='word_1_578' title='bbox 2438 4392 2617 4447; x_wconf 91' lang='lat' dir='ltr'><strong>Locus</strong></span> <span class='ocrx_word' id='word_1_579' title='bbox 2637 4407 2767 4446; x_wconf 87' lang='lat' dir='ltr'><strong>vero</strong></span> <span class='ocrx_word' id='word_1_580' title='bbox 2798 4400 2921 4446; x_wconf 87' lang='lat' dir='ltr'><strong>est:</strong></span> <span class='ocrx_word' id='word_1_581' title='bbox 2957 4411 2974 4443; x_wconf 74' lang='grc' dir='ltr'>ι</span> <span class='ocrx_word' id='word_1_582' title='bbox 3010 4391 3147 4448; x_wconf 90' lang='lat' dir='ltr'><strong>Cum</strong></span> <span class='ocrx_word' id='word_1_583' title='bbox 3180 4401 3365 4447; x_wconf 89' lang='lat' dir='ltr'><strong>autem</strong></span> <span class='ocrx_word' id='word_1_584' title='bbox 3397 4393 3526 4447; x_wconf 83' lang='lat' dir='ltr'><strong>sub-</strong></span> 
     </span>
    </p>
   </div>
   <div class='ocr_carea' id='block_1_91' title="bbox 282 4480 3527 4559">
    <p class='ocr_par' dir='ltr' id='par_1_91' title="bbox 282 4480 3527 4559">
     <span class='ocr_line' id='line_1_91' title="bbox 282 4480 3527 4559; baseline 0.001 -24"><span class='ocrx_word' id='word_1_585' title='bbox 282 4490 456 4537; x_wconf 87' lang='lat' dir='ltr'><strong>contra</strong></span> <span class='ocrx_word' id='word_1_586' title='bbox 507 4480 730 4537; x_wconf 64' lang='lat' dir='ltr'><strong>Graecos</strong></span> <span class='ocrx_word' id='word_1_587' title='bbox 773 4480 1117 4551; x_wconf 90' lang='lat' dir='ltr'><strong>scripsimus,</strong></span> <span class='ocrx_word' id='word_1_588' title='bbox 1165 4488 1222 4537; x_wconf 91' lang='lat' dir='ltr'><strong>et</strong></span> <span class='ocrx_word' id='word_1_589' title='bbox 1255 4480 1524 4535; x_wconf 88' lang='lat' dir='ltr'><strong>adversus</strong></span> <span class='ocrx_word' id='word_1_590' title='bbox 1566 4480 1839 4547; x_wconf 76' lang='lat' dir='ltr'><strong>hzcreses;</strong></span> <span class='ocrx_word' id='word_1_591' title='bbox 1876 4490 1918 4545; x_wconf 88' lang='lat' dir='ltr'><strong>D</strong></span> <span class='ocrx_word' id='word_1_592' title='bbox 1942 4488 2088 4557; x_wconf 87' lang='lat' dir='ltr'><strong>jecta</strong></span> <span class='ocrx_word' id='word_1_593' title='bbox 2138 4486 2214 4559; x_wconf 75' lang='lat' dir='ltr'><strong>illi</strong></span> <span class='ocrx_word' id='word_1_594' title='bbox 2262 4484 2468 4539; x_wconf 83' lang='lat' dir='ltr'><strong>fuerint</strong></span> <span class='ocrx_word' id='word_1_595' title='bbox 2511 4485 2717 4549; x_wconf 88' lang='lat' dir='ltr'><strong>omnia,</strong></span> <span class='ocrx_word' id='word_1_596' title='bbox 2764 4492 2896 4539; x_wconf 89' lang='lat' dir='ltr'><strong>tunc</strong></span> <span class='ocrx_word' id='word_1_597' title='bbox 2942 4492 3000 4538; x_wconf 90' lang='lat' dir='ltr'><strong>et</strong></span> <span class='ocrx_word' id='word_1_598' title='bbox 3046 4484 3162 4554; x_wconf 86' lang='lat' dir='ltr'><strong>ipse</strong></span> <span class='ocrx_word' id='word_1_599' title='bbox 3196 4483 3368 4537; x_wconf 86' lang='lat' dir='ltr'><strong>Filius</strong></span> <span class='ocrx_word' id='word_1_600' title='bbox 3393 4484 3527 4538; x_wconf 80' lang='lat' dir='ltr'><strong>sub~</strong></span> 
     </span>
    </p>
   </div>
   <div class='ocr_carea' id='block_1_92' title="bbox 285 4572 3525 4646">
    <p class='ocr_par' dir='ltr' id='par_1_92' title="bbox 285 4572 3525 4646">
     <span class='ocr_line' id='line_1_92' title="bbox 285 4572 3525 4646; baseline 0 -19"><span class='ocrx_word' id='word_1_601' title='bbox 285 4579 385 4627; x_wconf 87' lang='lat' dir='ltr'><strong>tum</strong></span> <span class='ocrx_word' id='word_1_602' title='bbox 437 4575 494 4630; x_wconf 93' lang='lat' dir='ltr'><strong>in</strong></span> <span class='ocrx_word' id='word_1_603' title='bbox 540 4574 628 4639; x_wconf 92' lang='lat' dir='ltr'><strong>iis,</strong></span> <span class='ocrx_word' id='word_1_604' title='bbox 681 4588 806 4645; x_wconf 54' lang='lat' dir='ltr'><strong>quas</strong></span> <span class='ocrx_word' id='word_1_605' title='bbox 852 4572 1114 4628; x_wconf 91' lang='lat' dir='ltr'><strong>adversus</strong></span> <span class='ocrx_word' id='word_1_606' title='bbox 1177 4588 1400 4643; x_wconf 86' lang='lat' dir='ltr'><strong>magos;</strong></span> <span class='ocrx_word' id='word_1_607' title='bbox 1460 4581 1724 4642; x_wconf 66' lang='lat' dir='ltr'><strong>praaterea</strong></span> <span class='ocrx_word' id='word_1_608' title='bbox 1786 4575 1843 4628; x_wconf 90' lang='lat' dir='ltr'><strong>in</strong></span> <span class='ocrx_word' id='word_1_609' title='bbox 1942 4578 2127 4646; x_wconf 85' lang='lat' dir='ltr'><strong>jectus</strong></span> <span class='ocrx_word' id='word_1_610' title='bbox 2152 4575 2259 4629; x_wconf 90' lang='lat' dir='ltr'><strong>erit</strong></span> <span class='ocrx_word' id='word_1_611' title='bbox 2290 4574 2364 4639; x_wconf 91' lang='lat' dir='ltr'><strong>ei,</strong></span> <span class='ocrx_word' id='word_1_612' title='bbox 2395 4574 2489 4645; x_wconf 91' lang='lat' dir='ltr'><strong>qui</strong></span> <span class='ocrx_word' id='word_1_613' title='bbox 2516 4573 2879 4644; x_wconf 84' lang='lat' dir='ltr'><strong>subjecitsibi</strong></span> <span class='ocrx_word' id='word_1_614' title='bbox 2901 4574 3085 4628; x_wconf 91' lang='lat' dir='ltr'><strong>omnia</strong></span> <span class='ocrx_word' id='word_1_615' title='bbox 3117 4572 3161 4627; x_wconf 69' lang='grc' dir='ltr'><strong>τ.</strong></span> <span class='ocrx_word' id='word_1_616' title='bbox 3200 4592 3217 4623; x_wconf 79' lang='grc' dir='ltr'><strong><em>ι</em></strong></span> <span class='ocrx_word' id='word_1_617' title='bbox 3247 4572 3419 4639; x_wconf 85' lang='lat' dir='ltr'><strong>Quem</strong></span> <span class='ocrx_word' id='word_1_618' title='bbox 3441 4574 3525 4628; x_wconf 92' lang='lat' dir='ltr'><strong>lo-</strong></span> 
     </span>
    </p>
   </div>
   <div class='ocr_carea' id='block_1_93' title="bbox 284 4664 1847 4737">
    <p class='ocr_par' dir='ltr' id='par_1_93' title="bbox 284 4664 1847 4737">
     <span class='ocr_line' id='line_1_93' title="bbox 284 4664 1847 4737; baseline 0.002 -19"><span class='ocrx_word' id='word_1_619' title='bbox 284 4666 708 4723; x_wconf 75' lang='lat' dir='ltr'><strong>coartationibus</strong></span> <span class='ocrx_word' id='word_1_620' title='bbox 726 4665 1149 4737; x_wconf 88' lang='lat' dir='ltr'><strong>Prophetarum,</strong></span> <span class='ocrx_word' id='word_1_621' title='bbox 1167 4672 1224 4720; x_wconf 92' lang='lat' dir='ltr'><strong>et</strong></span> <span class='ocrx_word' id='word_1_622' title='bbox 1248 4666 1304 4719; x_wconf 91' lang='lat' dir='ltr'><strong>in</strong></span> <span class='ocrx_word' id='word_1_623' title='bbox 1326 4664 1692 4735; x_wconf 88' lang='lat' dir='ltr'><strong>Epistolarum</strong></span> <span class='ocrx_word' id='word_1_624' title='bbox 1716 4682 1847 4736; x_wconf 89' lang='lat' dir='ltr'><strong>apo-</strong></span> 
     </span>
    </p>
   </div>
   <div class='ocr_carea' id='block_1_94' title="bbox 287 4758 1095 4815">
    <p class='ocr_par' dir='ltr' id='par_1_94' title="bbox 287 4758 1095 4815">
     <span class='ocr_line' id='line_1_94' title="bbox 287 4758 1095 4815; baseline -0.002 -4"><span class='ocrx_word' id='word_1_625' title='bbox 287 4758 583 4815; x_wconf 81' lang='lat' dir='ltr'><strong>stolicarum</strong></span> <span class='ocrx_word' id='word_1_626' title='bbox 607 4758 1041 4815; x_wconf 88' lang='lat' dir='ltr'><strong>commentariis.</strong></span> <span class='ocrx_word' id='word_1_627' title='bbox 1075 4780 1095 4808; x_wconf 74' lang='grc' dir='ltr'><strong><em>ι</em></strong></span> 
     </span>
    </p>
   </div>
   <div class='ocr_carea' id='block_1_95' title="bbox 343 4848 1846 4922">
    <p class='ocr_par' dir='ltr' id='par_1_95' title="bbox 343 4848 1846 4922">
     <span class='ocr_line' id='line_1_95' title="bbox 343 4848 1846 4922; baseline -0.001 -17"><span class='ocrx_word' id='word_1_628' title='bbox 343 4849 404 4906; x_wconf 90' lang='lat' dir='ltr'><strong>ll.</strong></span> <span class='ocrx_word' id='word_1_629' title='bbox 445 4852 694 4907; x_wconf 77' lang='lat' dir='ltr'><strong>Meminit</strong></span> <span class='ocrx_word' id='word_1_630' title='bbox 748 4858 1015 4922; x_wconf 62' lang='lat' dir='ltr'><strong>praeterea</strong></span> <span class='ocrx_word' id='word_1_631' title='bbox 1055 4849 1286 4921; x_wconf 89' lang='lat' dir='ltr'><strong>epistola</strong></span> <span class='ocrx_word' id='word_1_632' title='bbox 1317 4850 1367 4914; x_wconf 92' lang='grc'><strong>1,</strong></span> <span class='ocrx_word' id='word_1_633' title='bbox 1391 4848 1445 4914; x_wconf 94' lang='lat'><strong>2,</strong></span> <span class='ocrx_word' id='word_1_634' title='bbox 1478 4848 1566 4914; x_wconf 84' lang='lat'><strong>82,</strong></span> <span class='ocrx_word' id='word_1_635' title='bbox 1596 4850 1715 4913; x_wconf 83' lang='grc'><strong>115,</strong></span> <span class='ocrx_word' id='word_1_636' title='bbox 1751 4849 1846 4904; x_wconf 89' lang='lat' dir='ltr'><strong>sed</strong></span> 
     </span>
    </p>
   </div>
   <div class='ocr_carea' id='block_1_96' title="bbox 289 4941 1840 5011">
    <p class='ocr_par' dir='ltr' id='par_1_96' title="bbox 289 4941 1840 5011">
     <span class='ocr_line' id='line_1_96' title="bbox 289 4941 1840 5011; baseline -0.001 -15"><span class='ocrx_word' id='word_1_637' title='bbox 289 4943 441 5009; x_wconf 87' lang='lat' dir='ltr'><strong>prima</strong></span> <span class='ocrx_word' id='word_1_638' title='bbox 483 4953 540 5001; x_wconf 89' lang='lat' dir='ltr'><strong>et</strong></span> <span class='ocrx_word' id='word_1_639' title='bbox 565 4943 814 5001; x_wconf 86' lang='lat' dir='ltr'><strong>secunda</strong></span> <span class='ocrx_word' id='word_1_640' title='bbox 852 4942 1057 4998; x_wconf 91' lang='lat' dir='ltr'><strong>nullam</strong></span> <span class='ocrx_word' id='word_1_641' title='bbox 1088 4943 1295 4998; x_wconf 83' lang='lat' dir='ltr'><strong>habent</strong></span> <span class='ocrx_word' id='word_1_642' title='bbox 1336 4941 1600 5011; x_wconf 88' lang='lat' dir='ltr'><strong>temporis</strong></span> <span class='ocrx_word' id='word_1_643' title='bbox 1633 4952 1840 5005; x_wconf 90' lang='lat' dir='ltr'><strong>notam,</strong></span> 
     </span>
    </p>
   </div>
   <div class='ocr_carea' id='block_1_97' title="bbox 293 5032 1844 5106">
    <p class='ocr_par' dir='ltr' id='par_1_97' title="bbox 293 5032 1844 5106">
     <span class='ocr_line' id='line_1_97' title="bbox 293 5032 1844 5106; baseline -0.005 -12"><span class='ocrx_word' id='word_1_644' title='bbox 293 5032 432 5106; x_wconf 76' lang='grc'><strong>276</strong></span> <span class='ocrx_word' id='word_1_645' title='bbox 467 5035 673 5091; x_wconf 87' lang='lat' dir='ltr'><strong>habent</strong></span> <span class='ocrx_word' id='word_1_646' title='bbox 715 5033 841 5090; x_wconf 63' lang='lat' dir='ltr'><strong>alia:</strong></span> <span class='ocrx_word' id='word_1_647' title='bbox 886 5033 1010 5089; x_wconf 63' lang='lat' dir='ltr'><strong>duae</strong></span> <span class='ocrx_word' id='word_1_648' title='bbox 1037 5050 1052 5088; x_wconf 92' lang='lat'><strong>:</strong></span> <span class='ocrx_word' id='word_1_649' title='bbox 1084 5049 1209 5088; x_wconf 87' lang='lat' dir='ltr'><strong>nam</strong></span> <span class='ocrx_word' id='word_1_650' title='bbox 1237 5042 1470 5103; x_wconf 89' lang='lat' dir='ltr'><strong>utraque</strong></span> <span class='ocrx_word' id='word_1_651' title='bbox 1505 5044 1844 5087; x_wconf 84' lang='lat' dir='ltr'><strong>commenta-</strong></span> 
     </span>
    </p>
   </div>
   <div class='ocr_carea' id='block_1_98' title="bbox 294 5124 1841 5196">
    <p class='ocr_par' dir='ltr' id='par_1_98' title="bbox 294 5124 1841 5196">
     <span class='ocr_line' id='line_1_98' title="bbox 294 5124 1841 5196; baseline -0.002 -15"><span class='ocrx_word' id='word_1_652' title='bbox 294 5124 386 5181; x_wconf 82' lang='lat' dir='ltr'><strong>rios</strong></span> <span class='ocrx_word' id='word_1_653' title='bbox 429 5137 676 5185; x_wconf 87' lang='lat' dir='ltr'><strong>recenset</strong></span> <span class='ocrx_word' id='word_1_654' title='bbox 727 5126 877 5182; x_wconf 90' lang='lat' dir='ltr'><strong>inter</strong></span> <span class='ocrx_word' id='word_1_655' title='bbox 924 5141 1090 5196; x_wconf 91' lang='lat' dir='ltr'><strong>opera</strong></span> <span class='ocrx_word' id='word_1_656' title='bbox 1144 5134 1274 5181; x_wconf 88' lang='lat' dir='ltr'><strong>ante</strong></span> <span class='ocrx_word' id='word_1_657' title='bbox 1326 5141 1499 5179; x_wconf 89' lang='lat' dir='ltr'><strong>annos</strong></span> <span class='ocrx_word' id='word_1_658' title='bbox 1551 5125 1841 5179; x_wconf 87' lang='lat' dir='ltr'><strong>duodecim</strong></span> 
     </span>
    </p>
   </div>
   <div class='ocr_carea' id='block_1_99' title="bbox 288 5217 1842 5293">
    <p class='ocr_par' dir='ltr' id='par_1_99' title="bbox 288 5217 1842 5293">
     <span class='ocr_line' id='line_1_99' title="bbox 288 5217 1842 5293; baseline -0.002 -20"><span class='ocrx_word' id='word_1_659' title='bbox 288 5217 441 5288; x_wconf 80' lang='lat' dir='ltr'><strong>edita;</strong></span> <span class='ocrx_word' id='word_1_660' title='bbox 469 5221 562 5279; x_wconf 89' lang='lat' dir='ltr'><strong>sed</strong></span> <span class='ocrx_word' id='word_1_661' title='bbox 588 5222 749 5293; x_wconf 89' lang='lat' dir='ltr'><strong>prior</strong></span> <span class='ocrx_word' id='word_1_662' title='bbox 763 5218 894 5275; x_wconf 89' lang='lat' dir='ltr'><strong>data</strong></span> <span class='ocrx_word' id='word_1_663' title='bbox 914 5227 1019 5285; x_wconf 89' lang='lat' dir='ltr'><strong>est,</strong></span> <span class='ocrx_word' id='word_1_664' title='bbox 1041 5228 1103 5274; x_wconf 87' lang='lat' dir='ltr'><strong>ut</strong></span> <span class='ocrx_word' id='word_1_665' title='bbox 1119 5234 1260 5291; x_wconf 66' lang='lat' dir='ltr'><strong>saepe</strong></span> <span class='ocrx_word' id='word_1_666' title='bbox 1277 5217 1540 5282; x_wconf 84' lang='lat' dir='ltr'><strong>diximus,</strong></span> <span class='ocrx_word' id='word_1_667' title='bbox 1558 5232 1701 5272; x_wconf 91' lang='lat' dir='ltr'><strong>anno</strong></span> <span class='ocrx_word' id='word_1_668' title='bbox 1718 5217 1842 5282; x_wconf 67' lang='grc'><strong>445,</strong></span> 
     </span>
    </p>
   </div>
   <div class='ocr_carea' id='block_1_100' title="bbox 340 5376 831 5448">
    <p class='ocr_par' dir='ltr' id='par_1_100' title="bbox 340 5376 831 5448">
     <span class='ocr_line' id='line_1_100' title="bbox 340 5376 831 5448; baseline -0.014 -8"><span class='ocrx_word' id='word_1_669' title='bbox 340 5376 360 5420; x_wconf 71' lang='grc' dir='ltr'>ί</span> <span class='ocrx_word' id='word_1_670' title='bbox 391 5380 560 5439; x_wconf 84' lang='lat' dir='ltr'><strong>lCor.</strong></span> <span class='ocrx_word' id='word_1_671' title='bbox 594 5398 690 5448; x_wconf 81' lang='lat' dir='ltr'><strong>xv,</strong></span> <span class='ocrx_word' id='word_1_672' title='bbox 731 5378 831 5434; x_wconf 89' lang='lat'><strong>28.</strong></span> 
     </span>
    </p>
   </div>
   <div class='ocr_carea' id='block_1_101' title="bbox 1948 4664 3530 4735">
    <p class='ocr_par' dir='ltr' id='par_1_101' title="bbox 1948 4664 3530 4735">
     <span class='ocr_line' id='line_1_101' title="bbox 1948 4664 3530 4735; baseline -0.001 -15"><span class='ocrx_word' id='word_1_673' title='bbox 1948 4681 2074 4721; x_wconf 91' lang='lat' dir='ltr'><strong>cum</strong></span> <span class='ocrx_word' id='word_1_674' title='bbox 2098 4674 2387 4735; x_wconf 88' lang='lat' dir='ltr'><strong>postquam</strong></span> <span class='ocrx_word' id='word_1_675' title='bbox 2415 4665 2749 4719; x_wconf 88' lang='lat' dir='ltr'><strong>declarasset</strong></span> <span class='ocrx_word' id='word_1_676' title='bbox 2774 4664 3002 4734; x_wconf 79' lang='lat' dir='ltr'><strong>prolixe,</strong></span> <span class='ocrx_word' id='word_1_677' title='bbox 3028 4664 3347 4718; x_wconf 87' lang='lat' dir='ltr'><strong>memoratis</strong></span> <span class='ocrx_word' id='word_1_678' title='bbox 3365 4664 3530 4718; x_wconf 80' lang='lat' dir='ltr'><strong>Chri-</strong></span> 
     </span>
    </p>
   </div>
   <div class='ocr_carea' id='block_1_102' title="bbox 1947 4751 3531 4817">
    <p class='ocr_par' dir='ltr' id='par_1_102' title="bbox 1947 4751 3531 4817">
     <span class='ocr_line' id='line_1_102' title="bbox 1947 4751 3531 4817; baseline 0.001 -9"><span class='ocrx_word' id='word_1_679' title='bbox 1947 4754 2019 4809; x_wconf 88' lang='lat' dir='ltr'><strong>sti</strong></span> <span class='ocrx_word' id='word_1_680' title='bbox 2071 4753 2285 4808; x_wconf 89' lang='lat' dir='ltr'><strong>naturis</strong></span> <span class='ocrx_word' id='word_1_681' title='bbox 2334 4752 2570 4817; x_wconf 89' lang='lat' dir='ltr'><strong>duabus,</strong></span> <span class='ocrx_word' id='word_1_682' title='bbox 2629 4752 2850 4807; x_wconf 90' lang='lat' dir='ltr'><strong>tandem</strong></span> <span class='ocrx_word' id='word_1_683' title='bbox 2904 4751 3102 4806; x_wconf 92' lang='lat' dir='ltr'><strong>addit:</strong></span> <span class='ocrx_word' id='word_1_684' title='bbox 3155 4771 3174 4803; x_wconf 76' lang='grc' dir='ltr'>ι</span> <span class='ocrx_word' id='word_1_685' title='bbox 3209 4752 3410 4808; x_wconf 83' lang='lat' dir='ltr'><strong>Verum</strong></span> <span class='ocrx_word' id='word_1_686' title='bbox 3458 4753 3531 4810; x_wconf 85' lang='lat' dir='ltr'><strong>de</strong></span> 
     </span>
    </p>
   </div>
   <div class='ocr_carea' id='block_1_103' title="bbox 1948 4844 3528 4916">
    <p class='ocr_par' dir='ltr' id='par_1_103' title="bbox 1948 4844 3528 4916">
     <span class='ocr_line' id='line_1_103' title="bbox 1948 4844 3528 4916; baseline 0.001 -16"><span class='ocrx_word' id='word_1_687' title='bbox 1948 4846 2036 4900; x_wconf 87' lang='lat' dir='ltr'><strong>his</strong></span> <span class='ocrx_word' id='word_1_688' title='bbox 2064 4846 2286 4916; x_wconf 90' lang='lat' dir='ltr'><strong>c0piose</strong></span> <span class='ocrx_word' id='word_1_689' title='bbox 2333 4845 2701 4900; x_wconf 88' lang='lat' dir='ltr'><strong>disseruimus</strong></span> <span class='ocrx_word' id='word_1_690' title='bbox 2754 4845 2809 4898; x_wconf 90' lang='lat' dir='ltr'><strong>in</strong></span> <span class='ocrx_word' id='word_1_691' title='bbox 2866 4844 3072 4899; x_wconf 88' lang='lat' dir='ltr'><strong>nostris</strong></span> <span class='ocrx_word' id='word_1_692' title='bbox 3127 4844 3392 4900; x_wconf 88' lang='lat' dir='ltr'><strong>adversus</strong></span> <span class='ocrx_word' id='word_1_693' title='bbox 3432 4861 3528 4903; x_wconf 75' lang='lat' dir='ltr'><strong>eos</strong></span> 
     </span>
    </p>
   </div>
   <div class='ocr_carea' id='block_1_104' title="bbox 1947 4935 3528 5006">
    <p class='ocr_par' dir='ltr' id='par_1_104' title="bbox 1947 4935 3528 5006">
     <span class='ocr_line' id='line_1_104' title="bbox 1947 4935 3528 5006; baseline -0.001 -14"><span class='ocrx_word' id='word_1_694' title='bbox 1947 4937 2466 4992; x_wconf 88' lang='lat' dir='ltr'><strong>concertationibus.</strong></span> <span class='ocrx_word' id='word_1_695' title='bbox 2493 4957 2509 4987; x_wconf 73' lang='grc' dir='ltr'><strong>ι</strong></span> <span class='ocrx_word' id='word_1_696' title='bbox 2532 4936 2743 4999; x_wconf 66' lang='lat' dir='ltr'><strong>Graace,</strong></span> <span class='ocrx_word' id='word_1_697' title='bbox 2765 4937 2821 4989; x_wconf 83' lang='grc' dir='ltr'><strong>ὲν</strong></span> <span class='ocrx_word' id='word_1_698' title='bbox 2836 4937 2946 4998; x_wconf 87' lang='grc' dir='ltr'><strong>τοῖς</strong></span> <span class='ocrx_word' id='word_1_699' title='bbox 2963 4935 3098 5006; x_wconf 77' lang='grc' dir='ltr'><strong>πρὸς</strong></span> <span class='ocrx_word' id='word_1_700' title='bbox 3114 4935 3312 5000; x_wconf 75' lang='grc' dir='ltr'><strong>αὐτοὺς</strong></span> <span class='ocrx_word' id='word_1_701' title='bbox 3328 4937 3528 5004; x_wconf 79' lang='grc' dir='ltr'><strong>ἀγῶσι.</strong></span> 
     </span>
    </p>
   </div>
   <div class='ocr_carea' id='block_1_105' title="bbox 1948 5027 3527 5099">
    <p class='ocr_par' dir='ltr' id='par_1_105' title="bbox 1948 5027 3527 5099">
     <span class='ocr_line' id='line_1_105' title="bbox 1948 5027 3527 5099; baseline -0.001 -15"><span class='ocrx_word' id='word_1_702' title='bbox 1948 5030 2165 5099; x_wconf 85' lang='lat' dir='ltr'><strong>Agones</strong></span> <span class='ocrx_word' id='word_1_703' title='bbox 2215 5044 2347 5083; x_wconf 90' lang='lat' dir='ltr'><strong>vero</strong></span> <span class='ocrx_word' id='word_1_704' title='bbox 2405 5036 2534 5082; x_wconf 91' lang='lat' dir='ltr'><strong>sunt</strong></span> <span class='ocrx_word' id='word_1_705' title='bbox 2581 5035 2785 5083; x_wconf 70' lang='lat' dir='ltr'><strong>mutua:</strong></span> <span class='ocrx_word' id='word_1_706' title='bbox 2836 5027 3248 5098; x_wconf 85' lang='lat' dir='ltr'><strong>conﬂigentium</strong></span> <span class='ocrx_word' id='word_1_707' title='bbox 3303 5028 3527 5098; x_wconf 87' lang='lat' dir='ltr'><strong>petitio-</strong></span> 
     </span>
    </p>
   </div>
   <div class='ocr_carea' id='block_1_106' title="bbox 1952 5118 3527 5190">
    <p class='ocr_par' dir='ltr' id='par_1_106' title="bbox 1952 5118 3527 5190">
     <span class='ocr_line' id='line_1_106' title="bbox 1952 5118 3527 5190; baseline -0.001 -16"><span class='ocrx_word' id='word_1_708' title='bbox 1952 5136 2069 5182; x_wconf 86' lang='lat' dir='ltr'><strong>nes,</strong></span> <span class='ocrx_word' id='word_1_709' title='bbox 2125 5120 2288 5190; x_wconf 77' lang='grc'><strong>277</strong></span> <span class='ocrx_word' id='word_1_710' title='bbox 2333 5134 2455 5188; x_wconf 68' lang='lat' dir='ltr'><strong>quae</strong></span> <span class='ocrx_word' id='word_1_711' title='bbox 2484 5119 2706 5188; x_wconf 87' lang='lat' dir='ltr'><strong>proprie</strong></span> <span class='ocrx_word' id='word_1_712' title='bbox 2733 5118 2932 5189; x_wconf 85' lang='lat' dir='ltr'><strong>dialogi</strong></span> <span class='ocrx_word' id='word_1_713' title='bbox 2957 5128 3108 5185; x_wconf 90' lang='lat' dir='ltr'><strong>sunt,</strong></span> <span class='ocrx_word' id='word_1_714' title='bbox 3132 5119 3370 5174; x_wconf 82' lang='lat' dir='ltr'><strong>maxime</strong></span> <span class='ocrx_word' id='word_1_715' title='bbox 3398 5134 3527 5174; x_wconf 89' lang='lat' dir='ltr'><strong>cum</strong></span> 
     </span>
    </p>
   </div>
   <div class='ocr_carea' id='block_1_107' title="bbox 1952 5210 3526 5283">
    <p class='ocr_par' dir='ltr' id='par_1_107' title="bbox 1952 5210 3526 5283">
     <span class='ocr_line' id='line_1_107' title="bbox 1952 5210 3526 5283; baseline 0.001 -16"><span class='ocrx_word' id='word_1_716' title='bbox 1952 5213 2204 5283; x_wconf 84' lang='lat' dir='ltr'><strong>polemici</strong></span> <span class='ocrx_word' id='word_1_717' title='bbox 2252 5212 2544 5266; x_wconf 84' lang='lat' dir='ltr'><strong>exsistunt.</strong></span> <span class='ocrx_word' id='word_1_718' title='bbox 2600 5210 2675 5266; x_wconf 91' lang='lat' dir='ltr'><strong>De</strong></span> <span class='ocrx_word' id='word_1_719' title='bbox 2727 5212 2973 5282; x_wconf 88' lang='lat' dir='ltr'><strong>Apostoli</strong></span> <span class='ocrx_word' id='word_1_720' title='bbox 3020 5212 3145 5268; x_wconf 91' lang='lat' dir='ltr'><strong>loco</strong></span> <span class='ocrx_word' id='word_1_721' title='bbox 3197 5212 3415 5269; x_wconf 89' lang='lat' dir='ltr'><strong>dicetur</strong></span> <span class='ocrx_word' id='word_1_722' title='bbox 3468 5213 3526 5268; x_wconf 84' lang='lat' dir='ltr'><strong>in</strong></span> 
     </span>
    </p>
   </div>
   <div class='ocr_carea' id='block_1_108' title="bbox 1596 5484 2184 5543">
    <p class='ocr_par' dir='ltr' id='par_1_108' title="bbox 1596 5484 2184 5543">
     <span class='ocr_line' id='line_1_108' title="bbox 1596 5484 2184 5543; baseline -0.007 0"><span class='ocrx_word' id='word_1_723' title='bbox 1596 5486 1910 5543; x_wconf 64' lang='lat' dir='ltr'><strong>SClil&#39;Lle</strong></span> <span class='ocrx_word' id='word_1_724' title='bbox 1952 5484 2184 5539; x_wconf 74' lang='lat' dir='ltr'><strong>NOT.’E.</strong></span> 
     </span>
    </p>
   </div>
   <div class='ocr_carea' id='block_1_109' title="bbox 321 5648 1843 5726">
    <p class='ocr_par' dir='ltr' id='par_1_109' title="bbox 321 5652 1843 5726">
     <span class='ocr_line' id='line_1_109' title="bbox 321 5652 1843 5726; baseline -0.015 -1"><span class='ocrx_word' id='word_1_725' title='bbox 321 5664 356 5698; x_wconf 86' lang='lat'><strong>&quot;</strong></span> <span class='ocrx_word' id='word_1_726' title='bbox 378 5665 571 5723; x_wconf 58' lang='lat' dir='ltr'><strong>Esca-Ii.</strong></span> <span class='ocrx_word' id='word_1_727' title='bbox 598 5658 803 5721; x_wconf 82' lang='lat' dir='ltr'><strong>Editio</strong></span> <span class='ocrx_word' id='word_1_728' title='bbox 837 5652 1011 5726; x_wconf 73' lang='lat' dir='ltr'><strong>prior</strong></span> <span class='ocrx_word' id='word_1_729' title='bbox 1031 5653 1281 5726; x_wconf 68' lang='lat' dir='ltr'><strong>habebat</strong></span> <span class='ocrx_word' id='word_1_730' title='bbox 1326 5653 1595 5726; x_wconf 69' lang='lat' dir='ltr'><strong>Jercmirc.</strong></span> <span class='ocrx_word' id='word_1_731' title='bbox 1628 5653 1759 5726; x_wconf 55' lang='lat' dir='ltr'><strong>Yitl.</strong></span> <span class='ocrx_word' id='word_1_732' title='bbox 1785 5668 1843 5703; x_wconf 87' lang='lat' dir='ltr'><strong>su</strong></span> 
     </span>
    </p>
   </div>
   <div class='ocr_carea' id='block_1_110' title="bbox 1954 5648 3521 5726">
    <p class='ocr_par' dir='ltr' id='par_1_110' title="bbox 1956 5648 3521 5726">
     <span class='ocr_line' id='line_1_110' title="bbox 1956 5648 3521 5726; baseline 0.001 -21"><span class='ocrx_word' id='word_1_733' title='bbox 1956 5693 1969 5712; x_wconf 90' lang='lat'><strong>,</strong></span> <span class='ocrx_word' id='word_1_734' title='bbox 2006 5660 2045 5706; x_wconf 91' lang='lat' dir='ltr'><strong>t.</strong></span> <span class='ocrx_word' id='word_1_735' title='bbox 2078 5651 2142 5715; x_wconf 87' lang='lat' dir='ltr'><strong>ll,</strong></span> <span class='ocrx_word' id='word_1_736' title='bbox 2170 5650 2430 5726; x_wconf 48' lang='lat'><strong>[9.1045,</strong></span> <span class='ocrx_word' id='word_1_737' title='bbox 2455 5661 2659 5726; x_wconf 78' lang='lat' dir='ltr'><strong>notata.</strong></span> <span class='ocrx_word' id='word_1_738' title='bbox 2740 5652 2783 5682; x_wconf 83' lang='grc'><strong><em>⁶²</em></strong></span> <span class='ocrx_word' id='word_1_739' title='bbox 2822 5648 3521 5726; x_wconf 58' lang='lat' dir='ltr'><strong>Cunt:_ApoIl_inario._D_e</strong></span> 
     </span>
    </p>
   </div>
   <div class='ocr_carea' id='block_1_111' title="bbox 258 5797 1013 5879">
    <p class='ocr_par' dir='ltr' id='par_1_111' title="bbox 258 5797 1013 5879">
     <span class='ocr_line' id='line_1_111' title="bbox 258 5797 1013 5879; baseline -0.004 -12"><span class='ocrx_word' id='word_1_740' title='bbox 258 5807 294 5841; x_wconf 75' lang='lat'>&quot;</span> <span class='ocrx_word' id='word_1_741' title='bbox 316 5797 497 5868; x_wconf 63' lang='lat' dir='ltr'><strong>nai&#39;t.</strong></span> <span class='ocrx_word' id='word_1_742' title='bbox 531 5809 625 5876; x_wconf 80' lang='grc' dir='ltr'><strong>ιιι,</strong></span> <span class='ocrx_word' id='word_1_743' title='bbox 654 5821 721 5879; x_wconf 85' lang='lat' dir='ltr'><strong>p.</strong></span> <span class='ocrx_word' id='word_1_744' title='bbox 749 5797 865 5857; x_wconf 70' lang='lat'><strong>271</strong></span> <span class='ocrx_word' id='word_1_745' title='bbox 894 5809 1013 5865; x_wconf 80' lang='lat' dir='ltr'><strong>seq-</strong></span> 
     </span>
    </p>
   </div>
   <div class='ocr_carea' id='block_1_112' title="bbox 261 5720 3501 5868">
    <p class='ocr_par' dir='ltr' id='par_1_112' title="bbox 261 5720 3501 5868">
     <span class='ocr_line' id='line_1_112' title="bbox 261 5720 3501 5811; baseline -0.004 -28"><span class='ocrx_word' id='word_1_746' title='bbox 261 5735 342 5794; x_wconf 72' lang='lat' dir='ltr'><strong>hac</strong></span> <span class='ocrx_word' id='word_1_747' title='bbox 697 5720 919 5796; x_wconf 37' lang='lat' dir='ltr'><strong>vidfp.</strong></span> <span class='ocrx_word' id='word_1_748' title='bbox 954 5724 1073 5779; x_wconf 71' lang='lat' dir='ltr'><strong>M9.</strong></span> <span class='ocrx_word' id='word_1_749' title='bbox 1151 5726 1195 5757; x_wconf 75' lang='grc'><strong>⁵³</strong></span> <span class='ocrx_word' id='word_1_750' title='bbox 1236 5724 1412 5779; x_wconf 82' lang='lat' dir='ltr'><strong>Prwd.</strong></span> <span class='ocrx_word' id='word_1_751' title='bbox 1451 5733 1589 5778; x_wconf 83' lang='lat' dir='ltr'><strong>auct.</strong></span> <span class='ocrx_word' id='word_1_752' title='bbox 1625 5723 1874 5779; x_wconf 84' lang='lat' dir='ltr'><strong>Oudinus</strong></span> <span class='ocrx_word' id='word_1_753' title='bbox 1913 5722 1949 5775; x_wconf 91' lang='grc' dir='ltr'><strong>Ι.</strong></span> <span class='ocrx_word' id='word_1_754' title='bbox 1999 5738 2047 5775; x_wconf 85' lang='lat' dir='ltr'><strong>c.</strong></span> <span class='ocrx_word' id='word_1_755' title='bbox 2086 5738 2141 5791; x_wconf 89' lang='lat' dir='ltr'><strong>p.</strong></span> <span class='ocrx_word' id='word_1_756' title='bbox 2176 5720 2330 5787; x_wconf 88' lang='grc'><strong>1081,</strong></span> <span class='ocrx_word' id='word_1_757' title='bbox 2370 5722 2522 5776; x_wconf 86' lang='lat' dir='ltr'><strong>addit</strong></span> <span class='ocrx_word' id='word_1_758' title='bbox 2567 5731 2802 5791; x_wconf 80' lang='lat' dir='ltr'><strong>putatus.</strong></span> <span class='ocrx_word' id='word_1_759' title='bbox 2883 5722 2925 5752; x_wconf 62' lang='lat'><strong>‘3&quot;</strong></span> <span class='ocrx_word' id='word_1_760' title='bbox 2968 5720 3088 5774; x_wconf 72' lang='lat' dir='ltr'><strong>Vid.</strong></span> <span class='ocrx_word' id='word_1_761' title='bbox 3134 5729 3172 5773; x_wconf 92' lang='lat' dir='ltr'><strong>t.</strong></span> <span class='ocrx_word' id='word_1_762' title='bbox 3204 5720 3246 5787; x_wconf 87' lang='grc' dir='ltr'><strong>Ι,</strong></span> <span class='ocrx_word' id='word_1_763' title='bbox 3295 5736 3348 5791; x_wconf 95' lang='lat' dir='ltr'><strong>p.</strong></span> <span class='ocrx_word' id='word_1_764' title='bbox 3404 5724 3501 5774; x_wconf 69' lang='lat' dir='ltr'><strong>l&#39;Iti</strong></span> 
     </span>
     <span class='ocr_line' id='line_1_113' title="bbox 261 5755 1013 5868; baseline -0.003 -1"><span class='ocrx_word' id='word_1_765' title='bbox 261 5755 497 5868; x_wconf 60' lang='grc' dir='ltr'><strong>ηνίᾶι.</strong></span> <span class='ocrx_word' id='word_1_766' title='bbox 531 5809 625 5868; x_wconf 86' lang='lat' dir='ltr'><strong>m.</strong></span> <span class='ocrx_word' id='word_1_767' title='bbox 657 5797 865 5868; x_wconf 68' lang='grc'><strong>1)-271</strong></span> <span class='ocrx_word' id='word_1_768' title='bbox 894 5809 1013 5865; x_wconf 82' lang='lat' dir='ltr'><strong>seq-</strong></span> 
     </span>
    </p>
   </div>
  </div>
