3926 6216
355 305 458 371 227

355 510 622 580 logorum.

425 601 536 656 VII.
587 603 646 657 In
683 611 1088 665 commentariis
1118 612 1183 665 ad
1221 626 1381 682 caput
1424 633 1488 670 xx
1520 618 1584 672 ad
1621 619 1930 691 Philippen-

354 706 462 754 ses,
487 707 608 746 cum
643 699 991 765 exposuisset
1011 702 1227 756 celebre
1245 703 1376 758 illud
1397 707 1602 762 dictum
1635 710 1881 780 Apostoli
1912 732 1924 767 :

354 779 463 834 Hoc
505 785 642 838 enim
688 789 875 840 sentite
918 793 974 842 in
1018 793 1191 856 vobis,
1241 796 1380 863 quod
1415 807 1462 850 et
1507 800 1562 852 in
1597 779 1800 857 Christo
1839 804 1928 858 Je-

352 878 460 921 sus
489 912 502 934 ,
541 882 671 938 etc.,
711 877 884 946 pergit
920 878 974 930 in
1020 879 1138 934 haec
1181 884 1346 937 verba
1389 902 1402 938 :
1449 905 1467 937 ι
1508 887 1733 944 Omnem
1780 903 1926 948 certe

353 958 584 1015 haeresin
619 980 718 1033 per
767 982 938 1034 pauca
989 969 1103 1024 hate
1136 973 1306 1027 verba
1339 981 1667 1048 expugnavit
1709 982 1926 1040 divinus

350 1051 662 1120 Apostolus,
701 1063 812 1110 tum
835 1074 931 1113 eos
951 1063 1043 1131 qui
1079 1062 1421 1120 divinitatem
1470 1069 1740 1141 Unigeniti
1777 1074 1918 1131 blas-

351 1142 628 1212 phemant,
655 1155 709 1201 et
744 1149 836 1216 qui
891 1152 1010 1220 ejus
1037 1154 1428 1212 humanitatem
1448 1171 1668 1231 negant,
1695 1173 1808 1218 tum
1829 1182 1924 1222 eos

350 1239 646 1300 praeterea,
704 1237 797 1305 qui
860 1239 1180 1310 hypostases
1235 1261 1331 1299 seu
1387 1263 1650 1316 personas
1698 1256 1919 1310 confun-

348 1319 485 1374 dunt
501 1322 637 1377 “"7.
652 1345 670 1377 ι
682 1327 906 1394 Deinde,
927 1332 1208 1388 conlutato
1226 1335 1462 1392 Sabellio
1474 1356 1596 1395 cum
1611 1345 1742 1411 suis,
1759 1356 1922 1418 atque

344 1409 508 1466 etiam
538 1414 669 1469 Ario
702 1426 757 1471 et
795 1418 1087 1488 Eunomio,
1124 1424 1193 1479 de
1227 1427 1407 1484 forma
1429 1431 1525 1486 Dei
1556 1441 1612 1488 et
1633 1409 1772 1491 servi
1807 1409 1920 1494 d-is-

344 1511 499 1569 putat
534 1507 790 1561 eumdem
855 1509 910 1564 in
956 1515 1201 1582 modum,
1244 1535 1353 1587 quo
1396 1522 1599 1578 fecerat
1633 1527 1688 1580 in
1733 1545 1920 1599 repre-

346 1590 610 1650 hensione
628 1600 1093 1672 anathematismi;
1115 1615 1171 1661 et
1187 1610 1406 1664 tandem
1433 1616 1742 1672 concludit:
1774 1641 1791 1671 ‹
1813 1622 1918 1676 Sed

343 1680 410 1735 de
431 1683 520 1739 his
546 1686 712 1742 etiam
743 1690 872 1746 alibi
907 1696 1125 1765 copiose
1161 1699 1544 1759 disseruimus.
1585 1728 1602 1757 ι

412 1773 550 1829 VIII.
580 1775 992 1837 Observandum
1019 1801 1183 1856 porro
1234 1790 1639 1850 Theodoretum
1673 1815 1917 1869 quacun-

341 1878 448 1932 que
471 1863 596 1919 data
629 1869 915 1926 occasione
951 1874 1133 1930 invehi
1165 1878 1218 1931 in
1260 1879 1446 1936 Arium
1474 1895 1529 1939 et
1549 1886 1912 1958 Eunomium;

341 1953 396 2008 in
422 1953 794 2012 Macedonium
812 1961 879 2016 de
903 1963 1139 2033 Spiritus
1162 1971 1333 2023 sancti
1353 1953 1914 2038 consubstantialitate

338 2045 476 2099 male
525 2048 882 2119 sentientem;
934 2054 989 2108 in
1027 2072 1124 2111 eos
1176 2060 1271 2129 qui
1326 2064 1662 2133 passibilem,
1711 2072 1914 2142 quique

339 2145 634 2204 mortuum,
662 2148 717 2194 et
761 2144 1077 2212 pontificem
1108 2159 1378 2217 nostrum,
1411 2155 1581 2210 Deum
1610 2175 1728 2216 esse
1762 2163 1908 2219 dice-

338 2234 478 2291 rent,
506 2227 599 2297 qui
631 2244 895 2298 personas
925 2234 981 2288 in
1005 2235 1225 2292 Christo
1251 2241 1668 2312 confunderent,
1699 2265 1810 2305 non
1831 2253 1914 2306 di-

335 2314 470 2370 visis
526 2317 593 2372 iis
625 2335 746 2388 qua
787 2321 855 2378 de
900 2323 1122 2382 Christo
1170 2329 1427 2386 dicuntur
1476 2335 1530 2390 in
1570 2336 1908 2409 Scripturis:

333 2420 443 2474 quo
474 2405 618 2462 facto
652 2409 992 2471 demonstrat
1029 2418 1301 2488 opinionis
1325 2437 1524 2480 nostrae
1555 2405 1911 2498 probabilita-

335 2501 444 2548 tem
484 2494 551 2551 de
583 2505 826 2582 tempore
864 2511 921 2559 et
943 2510 1171 2565 consilio
1201 2515 1438 2584 suscepti
1471 2494 1675 2588 operis,
1714 2540 1910 2597 nempe

333 2593 457 2654 post
489 2589 756 2658 synodum
804 2592 1133 2662 Ephesinam
1161 2608 1216 2654 et
1252 2618 1440 2672 pacem
1491 2605 1701 2676 initam,
1748 2589 1909 2684 quam

332 2692 454 2733 cum
479 2695 621 2751 egre
654 2681 844 2750 ferret,
869 2687 1017 2741 nulla
1042 2705 1152 2744 non
1179 2708 1312 2747 usus
1338 2703 1422 2749 est
1446 2703 1703 2768 carpendi
1730 2681 1907 2778 capita

330 2767 630 2840 Cyrilliana
667 2779 1102 2844 opportunitate.

400 2860 489 2915 IX.
516 2863 584 2916 Et
607 2879 736 2920 vero
769 2869 970 2936 quibus
987 2871 1230 2942 Apostoli
1264 2877 1398 2935 locis
1418 2885 1763 2952 potissimum
1789 2904 1906 2946 rem

329 2961 483 3004 suam
524 2951 579 3006 in
623 2956 1053 3024 reprehensione
1089 2965 1330 3033 capitum
1371 2951 1641 3029 coniicere
1679 2977 1784 3032 sibi
1821 2979 1907 3033 vi-

326 3057 420 3097 sus
445 3052 582 3109 erat,
625 3047 691 3101 ad
733 3047 833 3105 hos
877 3052 1124 3124 singulos
1170 3059 1376 3116 diutius
1410 3064 1465 3117 in
1493 3072 1901 3128 commentariis

325 3132 512 3200 hmret,
539 3141 823 3210 carpitque
871 3122 1038 3200 tacito
1080 3152 1326 3219 nomine,
1373 3167 1596 3227 propter
1628 3169 1894 3232 tempora,
1931 3122 1976 3182 ε

323 3241 489 3294 quem
533 3239 694 3286 antea
725 3235 901 3302 palam
939 3251 1212 3308 arguerat.
1261 3245 1497 3317 Legendi
1544 3267 1650 3321 pne
1691 3258 1901 3312 caeteris

323 3317 428 3372 loci
462 3318 551 3374 isti
577 3321 778 3392 Ephes.
815 3341 854 3390 t,
883 3327 980 3395 20;
1012 3330 1223 3388 Coloss.
1257 3353 1329 3402 ιι,
1362 3339 1420 3405 8;
1459 3317 1694 3415 Philipp.
1731 3365 1799 3414 ιι,
1825 3351 1894 3416 5;

323 3408 487 3465 llebr.
524 3428 562 3476 ι,
597 3415 694 3481 ll;
733 3433 804 3481 Iv,
831 3419 932 3486 ης
965 3438 1017 3486 v,
1051 3424 1074 3476 l
1104 3434 1160 3478 et
1185 3427 1272 3482 10.

393 3502 460 3558 Χ.
495 3504 804 3572 Quinetiam
848 3512 901 3566 in
957 3531 1052 3569 eos
1088 3521 1318 3575 maxime
1353 3522 1641 3583 haereticos
1688 3529 1896 3586 invehi-

321 3602 430 3660 tur,
472 3613 707 3666 quorum
757 3603 1074 3660 societatem
1127 3608 1329 3680 Cyrillo
1379 3613 1433 3668 in
1473 3620 1896 3686 reprehensione

320 3686 561 3756 capitum
601 3690 812 3762 objicit,
868 3696 1057 3752 Arium
1102 3709 1157 3753 et
1203 3703 1553 3773 Eunomium,
1606 3720 1712 3766 etc.
1755 3714 1894 3780 Quid

319 3777 465 3844 quod
503 3778 570 3832 de
593 3778 766 3837 forma
797 3786 941 3838 servi
973 3795 1028 3840 et
1058 3789 1313 3857 pontiﬁce
1359 3795 1470 3850 Deo
1491 3837 1505 3861 ,
1550 3800 1741 3855 eadem
1779 3777 1894 3860 l‘erc

319 3866 486 3925 habet
537 3871 590 3925 in
626 3877 1068 3942 commentariis,
1115 3889 1279 3950 atque
1329 3885 1385 3939 in
1431 3891 1888 3962 reprehensione;

316 3958 510 4014 eodem
540 3964 832 4035 utrobique
859 3969 1022 4025 modo
1058 3972 1486 4032 incarnationem
1513 3983 1767 4051 explicat,
1796 4002 1893 4056 per

319 4048 660 4107 indutionem
701 4065 759 4110 et
812 4057 1268 4120 inhabitationem
1319 4048 1638 4126 hominis_a
1687 4048 1887 4132 Verbo.

315 4233 615 4300 attentius,
675 4238 809 4307 quin
863 4245 1118 4300 eumdem
1168 4248 1225 4302 in
1289 4258 1524 4322 utroque
1586 4233 1885 4326 spiritum,

314 4324 672 4398 eamdemque
695 4329 1000 4389 doctrinam
1025 4351 1300 4409 agnoscat.

646 4497 674 4567 §
709 4497 772 4554 11.
807 4531 878 4542 ——
906 4503 1140 4562 Historia
1164 4510 1532 4571 ecclesiastica.

380 4639 422 4694 1.
476 4643 616 4700 Sunt
648 4649 742 4718 qui
776 4651 1181 4714 Theodoretum
1221 4672 1414 4733 putent
1447 4668 1696 4726 Historia:
1722 4677 1884 4730 eccle-

306 4731 532 4787 siastica:
579 4753 851 4809 nusquam
901 4731 1274 4808 meminisset:
1312 4773 1420 4812 non
1452 4759 1753 4818 diﬂitentur
1799 4767 1877 4821 illi

310 4827 512 4888 tamen,
540 4827 706 4898 278
734 4835 867 4901 quin
895 4854 1015 4893 eam
1045 4841 1160 4912 ipse
1197 4831 1481 4916 agnoverit
1513 4853 1662 4908 velut
1683 4871 1836 4911 suam
1862 4876 1877 4924 ;

307 4913 750 5012 quandoquidem
778 4923 831 4978 in
867 4943 932 4982 ea
961 4913 1295 4991 mentionem
1330 4937 1459 4994 fecit
1481 4941 1758 5012 Philol/rei,
1782 4913 1883 5003 ceu

307 5002 571 5074 religiosae
601 5009 845 5071 historia:
877 5033 908 5072 a
948 5035 1006 5074 se
1031 5029 1375 5099 conscriptae.

373 5094 439 5150 Il.
465 5096 620 5193 Quod
663 5102 719 5157 in
747 5121 810 5161 ea
847 5108 1104 5168 Philotimi
1136 5094 1450 5178 meminisse
1477 5124 1687 5193 dicunt,
1725 5129 1882 5187 facile

305 5189 591 5244 consentio
618 5209 632 5244 :
659 5197 910 5253 meminit
934 5203 1104 5271 enim,
1141 5223 1253 5264 non
1285 5215 1474 5280 semel,
1510 5225 1569 5272 ut
1600 5219 1677 5274 illi
1701 5222 1876 5290 aiunt,

377 5345 402 5384 ⁸
431 5345 667 5421 Philipp.
705 5369 764 5421 ll,
800 5357 834 5412 5

1467 327 1837 388 GARNERI‘I
1887 332 2382 401 DlSSEIlTATIO
2423 344 2504 406 II.

358 417 676 474 recensione
726 432 819 477 aut
861 430 1162 484 assertione
1192 434 1375 502 potius
1406 436 1781 506 hujuscemodi
1815 441 1933 495 dia-
1965 451 2004 502 Α

3513 359 3623 420 2‘28

2037 447 2131 500 sed
2173 451 2393 519 sacpius.
2437 453 2591 519 Quod
2627 472 2791 525 porro
2837 469 3056 530 negant,
3088 462 3254 533 hujus
3281 467 3623 522 mentionem

2032 537 2224 594 fecisse
2280 543 2334 596 in
2383 545 2506 598 aliis
2558 549 2853 615 operibus,
2893 554 3146 607 assentiri
3203 571 3310 610 non
3366 572 3620 626 possum,

2030 637 2255 696 propter
2291 641 2478 700 aperta
2513 636 2679 689 verba
2705 653 2826 706 qua:
2861 639 3112 709 leguntur
3159 642 3211 695 in
3247 643 3388 697 libro
3416 661 3465 698 Iv
3493 646 3621 700 [Iw-

2029 719 2311 772 reticarum
2338 721 2662 791 fabularum,
2690 742 2810 797 cap.
2845 729 2895 782 1.
2929 730 3222 799 Poslquam
3245 733 3393 786 enim
3433 733 3618 788 Theo-

2027 808 2254 865 doretus
2299 815 2469 868 multa
2513 815 2580 870 de
2634 817 2765 872 Ario
2817 823 3082 886 narravit,
3121 838 3244 878 mox
3287 825 3615 896 subjungit:

2034 917 2053 948 ‹
2095 898 2201 955 Sed
2254 919 2378 956 cum
2427 905 2543 960 haec
2593 907 2646 962 in
2702 909 2938 964 Historia
2996 914 3348 969 ecclesiastica
3391 917 3618 987 copiose

2026 993 2466 1061 conscripserim,
2491 1011 2960 1066 supervacaneum
2997 1011 3129 1072 puto
3162 1005 3254 1059 hic
3281 1005 3470 1062 dicere
3493 1009 3561 1062 ⁸⁸.
3589 1029 3607 1060 ι

2026 1078 2093 1132 Ει
2139 1083 2322 1134 statim
2353 1086 2530 1154 capite
2565 1087 2619 1150 2,
2662 1088 2754 1142 ubi
2789 1089 2857 1144 de
2901 1092 3150 1148 Eudoxio
3176 1095 3288 1165 agit
3321 1115 3334 1148 :
3370 1116 3388 1148 ι
3423 1098 3503 1153 Ac
3540 1114 3616 1154 ne

2024 1173 2280 1227 omnibus
2302 1175 2556 1232 dicendis
2574 1179 2674 1234 sim
2697 1181 2942 1250 longior;
2967 1185 3167 1241 horum
3184 1190 3331 1243 enim
3357 1193 3612 1246 omnium

2027 1260 2081 1313 in
2113 1278 2278 1332 opere
2307 1266 2399 1319 illo
2421 1270 2644 1324 memini
2669 1272 2734 1326 θ’.
2769 1293 2786 1324 ι
2822 1275 3037 1329 Τούτων
3055 1279 3162 1350 γὰρ
3187 1281 3404 1336 πάντων
3434 1283 3612 1354 ἐμνή-

2024 1353 2155 1422 σθην
2193 1356 2250 1408 ὲν
2279 1360 2341 1427 τῇ
2374 1359 2555 1430 ἐκείνῃ
2589 1368 2902 1436 συγγραφῇ.

2091 1444 2179 1498 III.
2207 1447 2571 1506 Meminerant
2590 1464 2789 1522 praeter
2804 1456 3210 1515 Theodoretum
3241 1463 3354 1529 alii,
3383 1463 3610 1521 Genna-

2021 1533 2144 1590 dius
2169 1538 2246 1600 ⁷⁰,
2287 1538 2644 1599 Cassiodorus
2672 1547 2741 1611 “,
2779 1547 3005 1604 Photius
3050 1553 3116 1611 τ’.
3167 1562 3224 1608 et
3260 1556 3611 1627 Nicephorus

2019 1627 2275 1685 Callistus
2298 1633 2364 1686 ⁷⁸.
2408 1634 2512 1688 Sed
2541 1635 2857 1693 Gennadius
2897 1642 3078 1696 verbis
3128 1645 3424 1700 admodum
3472 1665 3606 1718 per-

2020 1721 2213 1790 plexis,
2248 1739 2370 1793 qute
2411 1741 2536 1780 mox
2585 1728 2652 1783 ad
2697 1745 2928 1788 examen
2965 1737 3352 1794 vocabuntur:
3383 1739 3608 1795 Cassio-

1947 1782 1990 1840 B
2018 1782 2187 1867 dorus
2216 1782 2408 1885 magna
2438 1832 2562 1872 cum
2590 1820 2772 1886 laude,
2804 1832 2864 1878 ut
2887 1827 2978 1894 qui
3008 1826 3304 1885 Latinitate
3339 1832 3603 1888 donatam

2015 1904 2084 1956 ab
2130 1905 2438 1976 Epiphanio
2496 1910 2834 1969 Scholastico
2881 1919 3157 1974 contraxit
3194 1920 3248 1975 in
3285 1924 3599 1992 epitomen,

2013 1994 2295 2064 voluitque
2337 2012 2458 2052 esse
2493 2007 2703 2068 partem
2736 2002 3009 2071 historiae,
3041 2024 3206 2077 quam
3242 2010 3604 2080 Tripartitam

2012 2096 2233 2144 vocant.
2269 2089 2288 2110 θ
2329 2090 2558 2147 Photius
2608 2095 2796 2150 critice
2839 2114 2852 2150 :
2897 2118 2914 2148 ι
2946 2099 3111 2155 Lecta
3151 2111 3234 2156 est
3266 2102 3604 2160 Theodoreti

2014 2178 2246 2234 Historia
2291 2182 2661 2240 ecclesiastica.
2699 2187 2954 2244 Omnium
2987 2207 3125 2261 quos
3155 2194 3398 2264 proxime
3424 2200 3609 2252 nomi-

2010 2270 2136 2324 navi
2169 2268 2566 2341 (nominaverat
2591 2278 2913 2346 Eusebium,
2951 2283 3254 2350 Socratem,
3281 2286 3603 2358 Evagrium,

2012 2356 2424 2433 Sozomenum),
2461 2369 2882 2423 convenientem
2905 2373 3078 2443 magis
3112 2374 3360 2432 historia:
3394 2380 3604 2450 stylum

2011 2448 2236 2504 adhibet
2272 2467 2286 2504 :
2321 2452 2503 2508 clarus
2547 2456 2692 2510 enirn
2749 2467 2805 2512 et
2850 2462 3070 2530 grandis
3117 2471 3222 2530 est,
3262 2448 3604 2538 minimeque

2012 2540 2363 2608 redundans,
2399 2546 2504 2601 nisi
2540 2549 2686 2617 quod
2729 2553 3177 2612 translationibus
3217 2560 3481 2617 audacius
3507 2562 3603 2616 in-

2012 2633 2248 2699 terdum,
2273 2645 2327 2690 et
2361 2653 2500 2707 pene
2547 2641 2732 2710 inepte
2769 2653 2977 2700 utatur.
3009 2667 3027 2698 ι
3057 2648 3404 2719 Nicephorus
3425 2655 3604 2710 verbo

2009 2740 2122 2779 uno
2152 2743 2165 2778 :
2202 2745 2218 2776 ι
2245 2727 2563 2785 Elaboravit
2587 2740 2642 2785 et
2677 2733 2783 2786 alia
2807 2735 2936 2800 duo,
2957 2754 3190 2807 quorum
3216 2757 3385 2798 unum
3413 2744 3598 2800 Histo-

2010 2816 2148 2869 riam
2195 2817 2620 2884 ecclesiasticam,
2666 2825 2898 2881 alterum
2934 2829 3290 2900 Philotimum,
3334 2851 3428 2890 seu
3462 2839 3597 2891 reli-

2008 2902 2214 2972 giosam
2250 2906 2553 2974 historiam,
2584 2924 2763 2968 vocat.
2799 2935 2816 2966 ι

2079 2993 2354 3051 Audacem
2389 2999 2554 3069 igitur
2605 3011 2770 3074 atque
2805 3007 2972 3061 etiam
3005 3008 3380 3080 impudentem
3427 3030 3600 3085 opor-

2008 3090 2086 3138 tet
2117 3101 2243 3140 eum
2282 3105 2421 3154 esse,
2449 3092 2540 3160 qui
2577 3097 2714 3164 opus
2749 3096 2822 3150 ita
2851 3106 3063 3164 notum,
3100 3101 3174 3155 ita
3200 3111 3482 3172 testatum,
3518 3107 3598 3163 ita

2008 3181 2354 3236 manifestum
2395 3184 2722 3242 Theodoreti
2751 3206 2870 3244 esse
2917 3202 3097 3261 neget,
3157 3203 3218 3248 ut
3270 3196 3499 3260 Coccus,
3535 3210 3599 3254 et

2007 3273 2096 3326 alii
2129 3289 2238 3327 non
2274 3275 2528 3332 meliores
2565 3297 2578 3332 :
2611 3281 2744 3334 certi
2792 3283 3019 3352 rejicere
3060 3285 3264 3354 scripta
3312 3295 3594 3352 veterum,

2005 3363 2402 3434 qualiacunque
2453 3369 2670 3423 tandem
2700 3371 2830 3437 sint,
2865 3372 2912 3426 si
2967 3373 3082 3427 suis
3136 3376 3474 3432 novitatibus
3502 3379 3595 3434 in-

2006 3457 2375 3512 commodent.

2074 3569 2160 3624 IV.
2229 3570 2348 3636 Quo
2409 3581 2654 3642 tempore
2693 3577 2894 3646 scripta
2935 3577 3006 3631 sit
3029 3579 3092 3641 ⁵⁵,
3123 3595 3286 3633 nemo
3310 3579 3589 3638 hactenus

2003 3669 2155 3714 certo
2183 3662 2458 3720 deﬁnivit.
2495 3667 2609 3721 Nec
2636 3668 2781 3722 enim
2809 3670 2919 3724 ulla
2955 3687 3078 3740 pars
3111 3672 3226 3727 visa
3257 3682 3342 3727 est
3369 3683 3592 3742 tempo-

2002 3752 2080 3807 ris
2117 3762 2302 3808 notam
2357 3757 2634 3825 praeferre.
2681 3760 2799 3814 Non
2835 3761 3102 3831 pra-ratio,
3145 3764 3199 3817 in
3245 3780 3352 3834 qua
3397 3775 3587 3822 tamen

1999 3844 2138 3898 solet
2168 3845 2369 3914 aliquid
2402 3850 2669 3918 ejusmodi
2708 3855 2964 3921 praemitti
2993 3872 3006 3907 :
3037 3871 3146 3908 non
3185 3855 3327 3921 linis,
3362 3857 3457 3911 ubi
3501 3875 3592 3913 re-

1999 3934 2251 3989 feruntur
2289 3940 2583 4006 praesulum
2634 3944 2854 3997 nomina
2880 3985 2892 4007 ,
2925 3946 3016 4014 qui
3059 3947 3363 4016 majoribus
3391 3949 3589 4004 Eccle~

1997 4028 2092 4082 siis
2125 4029 2464 4098 praefuerunt
2495 4049 2640 4087 :non
2664 4035 2834 4090 series
2860 4035 3120 4101 historiae,
3160 4057 3176 4087 ι
3208 4054 3329 4107 quae
3357 4051 3583 4095 centum

1995 4119 2310 4188 ctquinque
2340 4137 2608 4176 annorum
2650 4131 2864 4194 tempus
2921 4127 3326 4196 complectitur,
3366 4130 3434 4184 ab
3460 4131 3582 4186 Arii

1994 4211 2212 4264 vesania
2254 4211 2545 4282 incipiens,
2590 4215 2956 4286 desinensque
2997 4219 3051 4272 in
3077 4219 3230 4273 obitu
3276 4221 3580 4278 illustrium

1993 4298 2235 4355 virorum
2268 4303 2542 4359 Theodori
2576 4316 2632 4360 et
2655 4307 2922 4362 Theodoti
2949 4310 3012 4364 ⁷⁵.
3049 4330 3068 4361 ι

2060 4412 2122 4466 ν.
2160 4413 2407 4469 Proclive
2431 4424 2575 4469 esset
2596 4418 2806 4487 opinari
2848 4436 2915 4474 eo
2951 4431 3194 4492 tempore
3215 4425 3577 4492 elaboratam,

1989 4516 2100 4569 quo
2121 4501 2327 4565 ﬁnitur,
2374 4504 2427 4558 id
2458 4514 2562 4570 est,
2590 4522 2734 4561 anno
2758 4507 2960 4562 Christi
2999 4511 3135 4580 427;
3161 4513 3266 4567 nisi
3301 4514 3576 4581 obstaret,

1989 4591 2136 4659 quod
2163 4592 2217 4646 in
2241 4593 2380 4648 libro
2399 4596 2578 4664 primo
2602 4607 2906 4669 quartoque
2933 4603 3138 4657 mentio
3162 4604 3254 4659 ﬁat
3279 4605 3539 4661 Philothei
3553 4627 3577 4674 ;

1989 4681 2047 4735 in
2076 4683 2299 4752 quinto,
2343 4695 2617 4742 molarum
2660 4689 2896 4745 Nestorii
2940 4709 3103 4749 causa
3155 4711 3458 4766 pugnarum
3503 4701 3576 4753 de

1987 4771 2114 4828 fide.
2168 4774 2302 4829 Cum
2335 4777 2482 4831 enim
2526 4779 2844 4849 Apollinarii
2897 4783 3131 4841 haeresin
3191 4788 3577 4844 Theodoretus

1987 4875 2265 4921 narrasset
2292 4885 2304 4920 :
2329 4869 2494 4938 279
2526 4889 2544 4920 ε
2575 4871 2654 4924 Ex
2687 4872 2789 4926 hac
2827 4874 3034 4941 radice,
3070 4877 3249 4946 inquit
3271 4879 3338 4943 ",
3389 4881 3443 4933 in
3468 4880 3576 4935 Ec—

1985 4953 2169 5010 clesiis
2193 4967 2382 5012 natum
2412 4967 2516 5026 est,
2546 4962 2692 5030 quod
2717 4979 2823 5018 una
2855 4967 3038 5021 carnis
3064 4976 3120 5022 et
3145 4969 3450 5025 divinitatis
3470 4987 3575 5026 na-

1989 5055 2111 5102 tura
2143 5048 2383 5114 dicitur,
2427 5053 2685 5122 quodque
2737 5055 3014 5112 divinitati
3041 5059 3322 5130 Unigeniti
3375 5062 3572 5130 passio

1985 5137 2299 5202 ascribitur,
2336 5151 2392 5196 et
2420 5143 2524 5197 alia
2567 5144 2619 5197 id
2653 5160 2854 5214 genus,
2897 5147 2966 5202 de
2993 5149 3194 5219 quibus
3234 5152 3568 5221 populorum

1984 5229 2441 5301 sacerdotumque
2491 5237 2791 5292 certamina
2837 5239 3188 5296 exstiterunt.
3228 5260 3246 5293 ι
3278 5241 3410 5309 Quae
3449 5241 3571 5298 duo

1640 5517 1960 5574 SCHULZII
1995 5517 2230 5575 NOTAE.

300 5692 344 5725 το
365 5623 1439 5738 ⁶ἧζ⁶⁷.ξὶ²ε⁴ξ,ςξειέηει]ξ-εάοξειτκειμνεεεο
1478 5655 1718 5738 ’.κνῖσ-
1752 5664 1790 5738 ις
1811 5655 1901 5738 ων

377 5693 1247 5794 ρέουὶν..,ἱξςτςξιιλέ-ῖξίέίρῗξξῖγ’⁷11
1450 5693 1532 5778 ad.
1918 5693 1980 5777 r't’.

301 5779 351 5832 p.
394 5767 509 5824 188.
586 5775 631 5806 νε
657 5778 771 5834 Vid.
815 5767 1151 5844 ηίδῖἶέρὲῐξι.
1189 5767 1920 5856 ν,ὀῖ’ἕό.““τλ”’ί”ιέἱ1ῖξὲγῖνὲ

1939 5670 1992 5724 p.
2025 5656 2148 5710 455.
2226 5655 2269 5687 οδ
2307 5655 2427 5711 Vid.
2457 5665 2494 5711 ι.
2521 5658 2607 5722 IV,

2646 5677 2698 5730 p.
2737 5662 2841 5719 552
2885 5682 3000 5740 seq.
3078 5666 3303 5740 "tua,
3334 5684 3387 5740 ρ.
3421 5672 3553 5731 555.

2059 5728 2101 5758 τ’
2129 5724 2263 5780 Cod.
2307 5725 2392 5780 3i.
2471 5728 2516 5761 ⁷³
2551 5724 2668 5784 ΜΗ.
2703 5749 2808 5796 xw,
2864 5751 2909 5789 ο.
2965 5724 3052 5791 Bt.
3131 5737 3173 5770 7‘
3203 5724 3550 5812 Vident—itit;
