3926 6216
270 240 364 303 229

1412 233 1508 293 DE
1542 232 1797 292 LIBRIS
1829 232 2335 296 THEODORETI-

3390 237 3497 300 230

269 350 373 420 ipse
397 345 562 416 capita
623 343 835 415 Cyrillo
885 343 1125 413 obiicere
1174 342 1402 397 solebat.
1451 343 1614 413 Atqui
1665 349 1828 396 motae
1861 352 1898 399 Α
1933 350 2047 407 tus;
2085 359 2173 397 res
2197 344 2343 397 enim
2372 341 2688 413 complexus
2703 350 2786 399 est
2808 352 3024 400 centum
3056 353 3111 400 et
3137 345 3492 418 quadraginta

266 449 382 497 sunt
413 438 576 492 turbae
615 453 765 489 anno
807 435 930 497 429,
969 443 1026 489 et
1073 432 1375 488 Philotimus
1409 434 1566 503 longe
1612 432 1823 487 tardius

265 530 428 586 editus
462 539 545 582 est
566 528 641 588 ",
689 540 887 595 nempe
920 540 1063 579 anno
1092 526 1196 579 LM
1228 534 1321 579 aut
1350 526 1473 587 445,
1511 534 1660 579 certe
1710 539 1822 577 non

267 629 374 690 post
397 618 517 672 uti.

326 707 405 762 Vl.
438 705 701 761 Nonnulli
742 711 958 775 tempus
993 702 1331 776 coniiciunt,
1370 705 1569 772 partim
1609 717 1676 757 ex
1718 717 1819 766 eo,

263 798 391 867 quod
430 804 693 868 regnante
744 795 1052 851 Theodosio
1076 794 1279 864 scripta
1306 794 1404 859 sit;
1450 794 1646 864 partim
1674 793 1821 863 quod

262 890 310 941 in
338 888 481 942 nullo
511 887 619 942 alio
651 902 821 955 Opere
848 886 1178 956 appelletur;
1208 886 1318 941 imo
1346 901 1448 941 nec
1471 885 1527 939 in
1555 886 1680 940 ullis
1692 884 1822 956 Epi-

260 979 438 1044 stolis,
484 979 541 1031 iu
586 978 794 1047 quibus
843 985 1022 1032 tamen
1072 985 1269 1031 caetera
1312 984 1610 1031 censentur
1647 993 1659 1029 :
1693 975 1819 1030 inde

258 1069 390 1122 enim
414 1067 760 1122 concludunt
807 1066 946 1121 hanc
983 1066 1456 1121 elucubrationem
1496 1065 1666 1121 fuisse
1725 1073 1821 1121 aut

257 1159 487 1214 omnium
529 1169 867 1229 postremam
886 1200 902 1223 ,
930 1167 1026 1213 aut
1055 1168 1458 1229 postremarum
1488 1173 1674 1213 unam.
1710 1158 1819 1214 Ve-

257 1265 365 1304 rum
392 1251 542 1320 quod
587 1250 657 1305 de
698 1265 867 1321 regno
899 1249 1190 1304 Theodosii
1223 1248 1473 1312 an‘ertur,
1515 1263 1639 1303 mox
1671 1264 1819 1303 com-

256 1342 564 1410 probabitur
593 1342 781 1412 :quod
822 1340 891 1395 de
941 1341 1159 1395 silentio
1204 1341 1454 1404 additur,
1500 1341 1710 1409 prolata
1750 1356 1818 1395 ex

255 1429 381 1484 libro
440 1441 647 1500 quarto
694 1430 1076 1485 ereticarum
1121 1428 1427 1501 fabularum
1482 1428 1817 1484 Theodoreti

254 1522 403 1575 verba
439 1523 778 1592 improbant.

313 1613 416 1668 VII.
450 1612 675 1668 Certius
702 1613 908 1682 aliquid
941 1612 1008 1668 de
1037 1627 1181 1667 anno
1212 1610 1507 1668 coniicitur
1564 1627 1633 1667 ex
1674 1612 1817 1667 libro

1925 448 2194 487 annorum
2205 474 2218 487 .

1993 523 2061 577 Χ.
2107 524 2244 579 Cum
2270 525 2464 580 scribit
2505 543 2564 583 se
2587 526 2874 581 historiam
2896 535 3118 582 centum
3157 536 3216 584 et
3250 529 3494 600 quinque

1923 626 2194 667 annorum
2217 614 2493 681 texuisse,
2548 635 2566 667 ι
2607 616 2809 686 quippe
2844 632 2966 687 quae
3003 618 3071 673 ab
3112 617 3229 673 Arii
3272 621 3495 675 vesania

1923 704 2215 775 incipiens,
2263 705 2476 761 desinat
2533 707 2587 761 in
2639 707 2793 762 obitu
2840 708 3198 764 laudabilium
3247 711 3493 765 virorum

1923 795 2200 852 Theodori
2243 807 2301 851 et
2352 798 2622 854 Theodoti
2643 800 2729 852 '°:
2763 820 2781 850 ο
2812 808 3031 870 oportet
3069 816 3195 856 eum
3251 800 3494 857 historias

1923 886 2141 941 initium
2177 886 2399 941 duxisse
2425 888 2495 941 ab
2525 904 2669 943 anno
2695 888 2818 943 322.
2851 890 2981 945 lude
3013 891 3161 945 enim
3192 890 3259 946 ad
3281 892 3492 947 obitum

1923 977 2201 1033 Theodori
2227 987 2284 1032 et
2318 978 2588 1033 Theodoti
2615 980 2855 1049 spatium
2885 980 2986 1035 105
3020 997 3287 1036 annorum
3313 982 3483 1038 inter-

1922 1068 2114 1134 ﬂuxit;
2146 1068 2420 1139 siquidem
2444 1068 2689 1123 defuncti
2723 1080 2854 1125 sunt
2883 1071 3045 1125 ambo
3077 1086 3221 1126 anno
3239 1070 3363 1127 427.

1991 1159 2084 1215 Kl.
2110 1159 2215 1215 Sed
2243 1158 2522 1229 quomodo
2550 1159 2743 1214 scribit
2773 1173 2830 1213 se
2857 1158 2926 1213 ab
2969 1159 3085 1215 Arii
3107 1164 3126 1181 '
3153 1161 3374 1216 vesania
3409 1161 3494 1216 in-

1919 1253 2151 1322 cepisse,
2178 1267 2302 1305 cum
2333 1250 2627 1305 haereticus
2656 1250 2747 1304 ille
2774 1249 3082 1305 insaniendi
3114 1249 3330 1304 initium
3350 1251 3493 1306 fece-

1921 1343 1991 1395 rit
2008 1342 2117 1411 jam
2143 1340 2270 1395 inde
2303 1340 2372 1394 ab
2392 1355 2535 1393 anno
2563 1339 2686 1393 515.
2710 1336 2998 1403 Quomodo
3019 1344 3207 1391 contra
3245 1338 3313 1392 ab
3348 1353 3492 1391 anno

1918 1433 2023 1487 522
2056 1433 2342 1487 historiam
2373 1430 2663 1485 inchoasse
2687 1428 2976 1491 dicendus,
3005 1442 3128 1482 cum
3171 1444 3281 1492 res,
3307 1429 3490 1483 subla-

1920 1526 1989 1579 tis
2019 1524 2265 1595 tyrannis
2297 1522 2592 1585 Maxentio,
2625 1520 2939 1585 Maximino,
2964 1527 3021 1574 et
3051 1520 3283 1586 Licinio,
3312 1529 3493 1591 gestas

1918 1632 1977 1671 se
2007 1631 2235 1671 narrare
2268 1613 2550 1670 fateatur?
2582 1612 2863 1683 Siquidem
2904 1612 3150 1667 Licinius
3203 1628 3348 1667 anno
3386 1612 3491 1668 525

252 1719 299 1769 ν,
331 1718 449 1773 cap.
485 1703 576 1757 58.
616 1703 802 1758 Audas
823 1704 1001 1768 enim,
1048 1704 1204 1772 cujus
1243 1702 1452 1756 mentio
1493 1701 1553 1755 fit
1587 1717 1654 1756 eo
1684 1701 1810 1767 loci,
1849 1694 1888 1744 Β
1915 1707 2167 1762 sublatus
2187 1706 2278 1761 sit.
2315 1707 2517 1760 Verum
2547 1703 2617 1758 ab
2642 1718 2711 1756 eo
2735 1709 2982 1772 tempore
3003 1701 3228 1773 incepit,
3259 1717 3371 1772 quo
3397 1718 3492 1758 ve-

254 1793 303 1848 in
334 1794 563 1850 Perside
591 1809 786 1864 passus
808 1803 893 1849 est
916 1793 1005 1849 die
1037 1793 1099 1849 l6
1123 1794 1248 1849 Maii
1289 1809 1436 1849 anno
1451 1793 1575 1858 420,
1601 1793 1704 1850 sub
1730 1792 1810 1849 Is-

252 1885 471 1955 degerde
521 1900 650 1955 rege
675 1925 691 1949 ,
726 1884 895 1954 Magis
927 1885 1365 1955 persecutionem
1403 1884 1760 1941 suadentibus
1795 1901 1809 1938 :

249 1977 385 2047 atqui
440 1977 633 2032 Audas
687 1976 1032 2032 occasionem
1090 1974 1241 2030 dedit
1295 1974 1704 2045 persecutioni,
1753 1981 1813 2029 ut

252 2078 485 2137 constat;
506 2079 562 2124 et
584 2069 970 2125 Theodoretus
997 2069 1164 2124 tradit
1194 2069 1657 2139 persecutionem,
1682 2078 1814 2124 tunc

250 2177 359 2217 eum
387 2163 686 2227 scriberet,
706 2164 820 2233 jam
856 2162 1081 2219 durasse
1120 2163 1343 2235 triginta
1375 2162 1534 2218 annis
1569 2164 1815 2219 :scribe-

251 2250 332 2306 hat
355 2253 526 2324 igitur
551 2267 699 2308 anno
721 2252 846 2308 450.
1804 2318 1807 2321 Α

312 2343 441 2398 Vlll.
474 2344 599 2398 Non
645 2344 715 2400 de
743 2359 891 2400 anno
933 2353 1181 2410 tantum,
1229 2344 1325 2401 sed
1367 2344 1436 2400 de
1476 2346 1603 2401 anni
1647 2346 1811 2401 etiam

249 2442 386 2501 parte
408 2434 552 2488 certi
589 2434 799 2504 aliquid
820 2434 982 2490 statui
1012 2444 1198 2505 potest
1222 2454 1235 2489 :
1276 2452 1403 2491 nam
1433 2437 1814 2495 Theodoretus

248 2533 399 2593 caput
436 2526 510 2579 36
537 2524 669 2579 libri
701 2526 880 2595 quinti
907 2526 1159 2591 absolvit,
1191 2526 1501 2581 Theodosio
1529 2527 1709 2583 adhuc
1730 2527 1812 2580 vi-

249 2625 419 2672 vente.
446 2615 589 2671 Cum
626 2617 774 2671 enim
813 2625 999 2688 ageret
1028 2617 1095 2673 de
1147 2618 1396 2688 reliquiis
1436 2618 1812 2690 Chrysostomi

246 2706 771 2778 Constantinopolim
806 2708 1035 2764 relatis:
1078 2728 1096 2760 ι
1137 2707 1317 2774 Hunc,
1372 2709 1553 2779 inquit
1581 2707 1651 2776 ⁷⁸,
1692 2710 1813 2765 the-

247 2813 457 2854 saurum
488 2800 546 2854 in
569 2800 763 2855 urbem
789 2799 977 2854 intulit
1007 2799 1074 2864 is,
1106 2802 1200 2871 qui
1237 2801 1470 2871 imperio
1498 2816 1648 2856 nunc
1675 2802 1816 2872 poti-

251 2899 345 2953 tur.
372 2892 467 2962 qui
502 2892 591 2947 avi
626 2907 827 2946 nomen
856 2893 1102 2955 sortitus,
1148 2895 1270 2964 ejus
1301 2908 1518 2964 quoque
1555 2893 1814 2964 pietatem

247 2995 417 3036 servat
440 2984 845 3052 incorruptam.
886 2982 986 3037 Hic
1008 2984 1197 3039 oculos
1219 2993 1274 3038 et
1292 2983 1535 3040 frontem
1560 2985 1616 3039 in
1632 2985 1813 3040 loculo

248 3069 500 3140 deﬁgens,
524 3086 628 3139 pro
658 3071 985 3141 parentibus
1006 3087 1197 3141 preces
1219 3072 1376 3134 fudit,
1402 3079 1458 3127 et
1491 3074 1560 3128 iis
1591 3074 1684 3144 qui
1719 3090 1816 3143 per

248 3159 603 3229 ignorantiam
628 3169 941 3230 peccarant,
980 3172 1040 3217 ut
1074 3161 1401 3233 ignosceret,
1435 3163 1809 3233 supplicavit.»

246 3248 371 3303 Cum
394 3265 530 3319 ergo
554 3248 903 3305 Theodosius
932 3250 1132 3306 obierit
1150 3251 1238 3306 die
1268 3252 1337 3306 29
1362 3252 1489 3308 Julii
1517 3269 1662 3308 anno
1691 3253 1814 3319 450,

249 3340 647 3412 imperiumque
682 3341 986 3396 Marcianus
1006 3358 1037 3397 a
1066 3343 1357 3399 Pulcheria
1375 3351 1678 3415 senatuque
1703 3346 1816 3399 ele-

249 3440 361 3486 ctus
392 3432 756 3502 capessiverit
779 3432 868 3488 die
887 3433 959 3488 25
991 3433 1256 3505 Augusti;
1298 3445 1513 3505 oportet
1542 3444 1603 3489 ut
1635 3435 1817 3506 priore

248 3525 364 3578 auui
388 3531 547 3594 parte
568 3523 865 3580 Historiam
882 3523 1261 3581 Theodoretus
1284 3536 1379 3581 aut
1404 3529 1816 3598 conscripserit,

245 3621 331 3666 aut
379 3621 534 3667 certe
584 3612 914 3679 absolverit;
967 3614 1212 3669 nondum
1257 3615 1467 3670 scilicet
1517 3616 1720 3671 auditis
1760 3618 1816 3671 in

247 3698 465 3758 Oriente
485 3702 557 3756 de
579 3702 735 3757 obitu
767 3702 1061 3759 Theodosii
1095 3705 1334 3773 nuntiis,
1366 3705 1461 3777 qui
1486 3707 1665 3763 solent
1695 3723 1815 3763 esse

247 3790 327 3847 his
354 3793 424 3849 de
451 3793 621 3849 rebus
651 3793 943 3850 celerrimi.

310 3882 401 3938 IX.
463 3883 699 3954 Scripsit
748 3885 1131 3941 Theodoretus
1162 3926 1177 3952 ,
1224 3886 1372 3956 quod
1429 3886 1545 3958 ipse
1592 3887 1815 3957 quidem

249 3974 430 4039 tradit,
493 3976 565 4029 τὰ
605 3975 901 4047 λειπόμενα
945 3976 1043 4047 τῆς
1087 3977 1625 4047 Ἐκκλησιαστικῆς
1659 3981 1818 4033 ιστο-

244 4064 392 4130 ρΙας·
451 4081 593 4136 quas
615 4081 780 4122 voces
821 4069 1217 4137 interpretatur
1246 4069 1332 4122 vir
1360 4068 1610 4123 eruditus
1629 4110 1643 4133 ,
1668 4072 1819 4125 velut

248 4152 475 4218 diceret,
515 4170 577 4210 ea
619 4172 739 4226 quae
785 4156 998 4213 Socrati
1039 4157 1487 4229 Sozomenoque,
1526 4160 1660 4215 viris
1706 4176 1816 4216 non

250 4244 631 4302 scientissimis
658 4263 844 4303 rerum
875 4249 1253 4314 orientalium,
1275 4251 1507 4315 desunt,
1536 4266 1615 4313 se,
1640 4252 1733 4319 qui
1760 4252 1813 4304 in

1912 1797 2065 1852 sania
2088 1795 2207 1850 Arii
2245 1810 2356 1850 non
2378 1796 2490 1866 jam
2517 1808 2576 1849 se
2605 1791 2840 1863 Egypto
2867 1792 3159 1856 continuit,
3184 1791 3281 1848 sed
3313 1791 3493 1847 allatis

1912 1886 1983 1942 ad
2009 1888 2398 1958 imperatorem
2425 1884 2670 1955 querelis
2703 1883 2789 1938 ita”
2814 1882 3019 1953 erupit,
3054 1892 3116 1938 ut
3152 1883 3223 1939 de
3248 1884 3489 1955 cogenda

1911 1980 2123 2053 synodo
2146 1979 2366 2034 Nicaeus
2393 1976 2662 2032 continuo
2696 1976 3032 2045 cogitaretur
3059 1993 3070 2027 :
3097 1974 3296 2030 idvero
3310 1976 3487 2030 conti-

1911 2073 1989 2143 git
2041 2071 2188 2126 circa
2226 2085 2430 2124 annum
2467 2067 2591 2122 522.
2646 2066 2765 2133 Quo
2795 2067 2961 2121 etiam
3013 2081 3159 2122 anno
3202 2067 3385 2122 victus
3414 2068 3488 2123 ita

1910 2171 2029 2218 erat
2051 2161 2312 2225 Licinius,
2339 2168 2400 2215 ut
2429 2159 2641 2214 sublata
2668 2158 2842 2228 ipsius
2872 2157 3119 2229 tyrannis
3155 2158 3354 2214 merito
3379 2158 3488 2215 dici

1911 2258 2099 2318 queat.

1983 2340 2098 2395 ΧΠ.
2129 2340 2190 2396 ld
2228 2340 2414 2411 operis
2441 2338 2676 2397 Photius
2725 2353 2835 2393 non
2881 2337 3234 2394 mediocriter
3278 2339 3486 2407 laudat,

1912 2431 2239 2501 praefertque
2255 2430 2518 2495 Socratis,
2542 2429 2829 2485 Sozomeni
2869 2427 3196 2499 Evagriique
3212 2429 3486 2487 historiis:

1913 2538 2023 2592 quo
2062 2523 2258 2576 merito
2285 2522 2401 2591 ipse
2428 2520 2663 2587 viderit;
2694 2519 2750 2574 in
2792 2534 2859 2574 eo
2881 2527 3063 2574 tamen
3098 2519 3375 2577 desiderat
3401 2522 3483 2576 di-

1914 2616 2113 2673 ctionis
2137 2616 2554 2687 proprietatem.
2579 2613 2720 2669 Sunt
2742 2612 2837 2683 qui
2876 2612 3193 2668 desiderent
3216 2614 3490 2669 etiamdi-

1913 2706 2257 2777 ligentiorem
2287 2714 2596 2773 temporum
2637 2700 3049 2758 distinctionem
3108 2711 3274 2772 atque
3304 2719 3488 2758 rerum

1913 2798 2187 2853 ordinem.

1982 2890 2119 2944 Xﬂl.
2151 2887 2354 2959 Objicit
2393 2886 2691 2958 Gregorius
2736 2884 2961 2955 Magnus
3007 2886 3270 2939 memoria
3305 2885 3491 2956 lapsus

1918 2982 1972 3035 in
2000 2978 2325 3050 appellando
2353 2978 2572 3032 nomine
2590 2976 2658 3043 δι,
2685 2976 2968 3046 multiplex
2987 2975 3332 3030 mendacium
3355 2976 3489 3030 alia-

1917 3087 2023 3143 que
2053 3070 2249 3141 ﬂagitia
2279 3087 2291 3123 :
2334 3090 2353 3121 c
2397 3068 2504 3123 Sed
2538 3069 2708 3138 ipsam
2740 3083 2960 3138 quoque
2986 3066 3274 3121 Sozomeni
3305 3067 3489 3123 Histo-

1918 3165 2053 3217 riam
2103 3163 2260 3217 sedes
2307 3160 2604 3230 apostolica
2647 3159 2897 3228 accipere
2946 3167 3185 3220 recusat,
3230 3160 3486 3228 quoniam

1917 3254 2088 3309 multa
2115 3252 2396 3316 mentitur,
2429 3260 2486 3306 et
2510 3251 2859 3305 Theodorum
2909 3250 3253 3320 Mopsuestia:
3282 3252 3489 3319 laudat,

1917 3353 1974 3399 et
2009 3359 2182 3414 usque
2236 3342 2304 3397 ad
2343 3341 2506 3397 finem
2557 3342 2743 3397 obitus
2782 3343 2870 3396 sui
2918 3357 3175 3412 magnum
3208 3342 3491 3398 doctorem

1918 3436 2089 3491 fuisse
2119 3434 2395 3505 perhibet.
2440 3434 2628 3487 Restat
2667 3449 2796 3505 ergo
2830 3440 2911 3498 ut,
2949 3432 2993 3488 si
3034 3431 3160 3503 quis
3208 3434 3491 3489 historiam

1918 3528 2066 3582 illam
2100 3526 2325 3596 recipit,
2355 3524 2564 3596 synodo
2592 3526 2694 3594 piae
2721 3525 2998 3580 memoriae
3026 3523 3321 3580 Justiniani
3355 3535 3495 3580 tem-

1916 3618 2144 3689 poribus
2183 3616 2251 3672 de
2290 3617 2470 3672 tribus
2509 3616 2763 3686 capitulis
2792 3615 2947 3670 facta:
2984 3615 3347 3671 contradicat.
3386 3617 3490 3683 Qui

1916 3725 2048 3781 ergo
2093 3709 2224 3764 huic
2252 3707 2526 3763 contraria
2566 3708 2748 3762 dicere
2790 3721 2900 3759 non
2928 3705 3093 3771 valet,
3136 3705 3282 3760 illam
3324 3706 3494 3761 histo-

1916 3804 2054 3858 riam
2080 3816 2303 3856 necesse
2334 3808 2419 3854 est
2445 3807 2507 3853 ut
2538 3799 2815 3869 repellat.»
2839 3796 3199 3852 Sozomenum
3221 3798 3357 3854 dixit
3393 3815 3493 3869 pro

1917 3889 2319 3944 Theodoreto“
2353 3906 2366 3941 :
2395 3903 2574 3957 neque
2620 3886 2768 3942 enim
2808 3885 3077 3941 hactenus
3101 3887 3334 3943 eruditis
3362 3875 3490 3958 per.-

1916 3981 2092 4036 suasit
2134 3978 2534 4034 illustrissimus
2585 3978 2876 4032 Annalium
2914 3979 3229 4049 scriptor“,
3286 3981 3492 4052 Grego-

1916 4072 2061 4125 rium
2087 4070 2255 4125 verbo
2286 4085 2397 4124 non
2420 4085 2539 4124 esse
2573 4071 2804 4139 lapsum.

1990 4162 2129 4216 XIV.
2156 4160 2430 4216 Iudicium
2475 4167 2623 4214 certe
2657 4158 2906 4230 Gregorii
2956 4159 3132 4231 Magni
3171 4161 3239 4216 de
3268 4163 3490 4217 menda-

1917 4250 2017 4305 ciis
2048 4250 2399 4312 Theodoreti,
2444 4249 2498 4303 id
2531 4257 2634 4312 est,
2670 4249 2737 4303 de
2768 4250 3009 4319 peccatis
3051 4250 3317 4307 adversus
3349 4261 3489 4306 tem-

248 4333 474 4392 Oriente
508 4337 733 4406 viveret,
772 4335 1261 4412 intelligentiorem
1298 4343 1575 4411 supplere.
1613 4343 1814 4397 Verum
1847 4370 1896 4427 υ
1923 4356 2115 4411 porum
2139 4350 2195 4395 et
2226 4354 2409 4394 rerum
2439 4340 2740 4403 rationem,
2784 4339 3069 4396 manifeste
3098 4343 3367 4397 Baronius
3396 4359 3491 4413 ap-

254 4443 357 4483 non
384 4431 558 4496 aliud,
585 4433 797 4502 opinor,
824 4432 914 4488 his
941 4434 1171 4489 vocibus
1194 4433 1464 4498 innuitur,
1482 4449 1644 4502 quam
1668 4433 1815 4502 quod

252 4517 628 4576 Theodoretus
650 4523 870 4578 Eusebii
893 4524 1133 4578 voluerit
1150 4523 1446 4579 Historiam
1470 4524 1811 4578 continuare.

255 4609 343 4664 Ait
359 4611 510 4665 enim
534 4613 613 4665 "':
648 4632 665 4663 ι
690 4612 831 4680 Quia
873 4615 1147 4669 Eusebius
1191 4614 1510 4669 Palaestinus
1541 4629 1572 4666 a
1614 4612 1817 4667 sanctis

252 4702 515 4771 apostolis
543 4704 947 4775 mexorsus
974 4708 1140 4762 resin
1157 4707 1416 4762 Ecclesiis
1444 4714 1622 4775 gestas
1644 4720 1816 4774 usque

254 4790 318 4843 ad
353 4789 694 4848 Constantini
732 4796 846 4850 Deo
898 4796 1082 4852 dilecti
1114 4797 1425 4867 imperium,
1459 4796 1814 4865 conscripsit;

254 4894 355 4951 ego
402 4882 547 4947 inde,
579 4884 670 4939 ubi
704 4884 795 4939 ille
842 4886 1122 4942 scribendi
1165 4887 1329 4941 finem
1366 4886 1497 4941 fecit
1519 4927 1534 4951 ,
1571 4886 1815 4943 historiae

257 4983 393 5024 tum:
416 4970 608 5026 ducam
634 4973 871 5029 initium.
906 4993 925 5026 ι
957 4975 1199 5045 Idipsum
1226 4983 1383 5030 antea
1406 4974 1657 5029 Socrates
1680 4989 1818 5044 prm—

255 5059 468 5116 atiterat
494 5080 507 5117 :
532 5063 658 5120 inde
682 5065 828 5119 enim
854 5082 1102 5132 exorsus,
1136 5066 1229 5122 ubi
1248 5067 1512 5121 Eusebius
1540 5066 1703 5121 ﬁnem
1736 5066 1820 5120 fe-

258 5161 430 5217 cerat,
460 5155 672 5227 longius
702 5157 932 5214 deduxit
965 5160 1273 5224 historiam,
1304 5176 1467 5231 quam
1504 5161 1821 5215 Theodore—

1922 4430 2198 4501 probavit,
2229 4430 2514 4500 productis
2540 4430 2697 4499 281
2736 4437 2882 4485 tomo
2927 4430 2995 4485 IV
3023 4431 3115 4497 (ne
3143 4431 3275 4500 quid
3311 4432 3489 4486 dicam

1921 4522 1989 4576 de
2030 4520 2097 4574 lll
2121 4527 2177 4575 et
2190 4520 2254 4592 ν)
2283 4520 2565 4590 plusquam
2593 4519 2907 4589 quindecim
2931 4520 3241 4583 errdribus;
3263 4537 3401 4591 quos
3432 4522 3489 4577 in

1923 4613 2091 4668 haece
2130 4611 2355 4665 historia
2384 4611 2854 4681 deprehendisset.
2886 4610 3119 4665 Protulit
3149 4612 3286 4666 alios
3322 4629 3488 4683 quos-

1923 4703 2047 4758 dam
2087 4701 2142 4756 in
2169 4702 2315 4756 notis
2355 4702 2470 4756 suis
2493 4700 2740 4755 Valesius
2771 4718 2783 4753 :
2817 4715 2919 4755 nec
2959 4714 3150 4755 omnes
3177 4709 3357 4758 tamen
3404 4719 3490 4758 re-

1922 4793 2156 4857 censuit,
2210 4799 2292 4857 ut,
2346 4790 2492 4862 quod
2545 4790 2824 4845 Bonifacio
2878 4790 3131 4846 Zozimus
3176 4792 3232 4846 in
3280 4808 3492 4849 summo

1924 4884 2241 4955 pontiﬁcatu
2265 4882 2594 4938 successisse
2624 4881 2857 4945 dicatur,
2885 4896 3010 4935 cum
3035 4882 3285 4938 Zosimus
3304 4894 3491 4939 contra

1921 4975 2202 5031 Bonifacio
2260 4973 2589 5038 decesserit,
2632 4981 2738 5027 etc.
2800 4973 2933 5028 Tam
2975 4974 3280 5044 frequentis
3310 4974 3496 5044 lapsus

1923 5083 2085 5124 causa
2112 5081 2236 5120 mox
2264 5064 2546 5119 afferetur.

1999 5158 2089 5212 XV
2146 5157 2204 5211 in
2226 5150 2376 5210 hunc
2404 5154 2649 5211 laborem
2676 5157 2925 5212 incubuit
2949 5157 3017 5212 ab
3035 5157 3227 5213 amicis
3254 5167 3491 5229 rogatus,

1582 5311 1906 5368 SCHULle
1945 5306 2178 5365 NOTAE.

333 5487 525 5566 i'uwd-
542 5512 723 5566 supra,
754 5511 878 5566 pag.
906 5495 1035 5566 264.Δ
1106 5496 1151 5527 ⁷⁸
1183 5494 1319 5549 Hist.
1342 5494 1463 5566 etcf.
1491 5495 1527 5548 l.
1551 5512 1602 5555 v,
1628 5510 1675 5546 (τ.
1707 5494 1793 5547 56.

1940 5494 2407 5553 Vid.Prooemium
2442 5499 2574 5552 Hist.
2595 5500 2716 5552 mi.
2794 5498 2840 5530 ⁸ο
2873 5499 3004 5553 "ist.
3032 5501 3153 5555 eccl.
3179 5517 3214 5555 ι.
3240 5519 3292 5566 v,
3319 5516 3367 5556 e.
3401 5502 3490 5557 59.

263 5558 308 5591 ⁸¹
344 5559 462 5635 Lib.
486 5581 572 5629 vn,
594 5558 775 5635 epist..-
787 5558 875 5635 δί.

950 5565 995 5637 δέ
1012 5564 1091 5620 Ad
1125 5565 1365 5637 socratis
1394 5565 1691 5637 Historiam
1720 5563 1897 5637 coclea.
1924 5566 2024 5637 alii
2057 5566 2173 5637 hzcc
2204 5569 2411 5623 referre
2451 5571 2758 5631 voluerunt,
2779 5569 2872 5621 sed
2903 5571 3082 5625 minus
3107 5563 3352 5637 recte,'ut
3376 5587 3493 5625 mo-

263 5631 389 5685 nuit
431 5631 742 5707 lttigiusDc
784 5634 1028 5690 Biblioth.
1062 5645 1109 5689 et
1150 5635 1360 5692 Catenis
1396 5634 1528 5697 ΡΡ.Ι
1556 5650 1609 5705 p.
1648 5634 1768 5688 750.
1845 5635 1890 5666 ⁸³
1922 5635 2043 5689 Vid.
2082 5636 2372 5693 Baronium
2419 5639 2473 5692 in
2497 5639 2719 5704 κίνυται,
2745 5650 2780 5691 ι.
2814 5639 2874 5703 ν,
2913 5655 2965 5707 p.
3001 5641 3124 5697 572.
