3926 6216
456 293 561 361 231

1589 290 1966 351 GARNERII
2005 289 2499 351 DISSERTATIO
2536 289 2620 350 ΙΙ.

3608 290 3711 359 23?.

459 421 574 463 non
593 401 739 475 quod
764 399 1056 459 crederent
1082 414 1222 470 opus
1239 412 1360 455 esse
1384 398 1437 453 id
1474 398 1581 470 agi,
1603 397 1749 469 quod
1777 398 2036 454 Socrates
2064 407 2106 460 Α
2135 388 2296 453 enim'
2308 397 2652 470 frequentius
2681 398 2883 470 objecit
2918 396 3143 469 Cyrillo,
3165 412 3330 468 quam
3366 400 3512 469 quod
3538 400 3606 456 ab
3635 402 3707 459 is-

469 499 916 562 Sozomenusque
964 491 1376 561 praestitissent,
1410 488 1506 543 sed
1542 498 1604 543 ut
1648 488 1751 543 hac
1802 503 2038 558 occupa-

466 589 619 643 tione
664 584 909 640 animum
954 581 1245 638 scribentis
1287 596 1318 637 a
1351 580 1678 637 calamitatis
1711 580 2041 653 cogitatione

468 678 827 733 abducerent.

536 765 678 820 XVI.
704 762 1114 834 Oportuitvero
1144 762 1286 816 miro
1325 760 1380 816 in
1411 760 1466 816 id
1492 760 1676 818 studio
1706 759 1840 816 ferri
1864 759 2045 815 Theo-

467 859 744 921 doretum,
772 864 832 911 ut
863 854 957 925 qui
1001 870 1096 910 sex
1137 854 1412 910 mensium
1448 854 1627 924 spatio
1662 861 1773 908 tam
1803 852 2043 908 laborio-

464 965 583 1008 sam
610 947 894 1006 historiam
926 946 1181 1003 texuerit.
1207 946 1388 1014 Quare
1414 946 1566 1001 credi
1585 954 1769 1017 posset
1788 960 1927 1015 opus
1947 957 2046 1015 per

471 1044 651 1097 otium
683 1049 842 1096 antea
874 1039 1180 1103 inchoasse,
1205 1054 1353 1094 nunc
1382 1038 1700 1103 absolvisse,
1727 1037 1834 1093 nisi
1862 1046 2047 1092 texen-

470 1132 555 1189 dae
587 1132 828 1187 historiae
857 1130 1080 1186 modum
1124 1130 1411 1193 tenuisset,
1445 1130 1541 1200 qui
1579 1145 1691 1185 non
1723 1129 2047 1184 diuturnum

468 1224 712 1296 exigeret
732 1231 948 1293 tempus
972 1222 1043 1278 ab
1073 1222 1295 1277 homine
1328 1238 1513 1277 rerum
1550 1223 1757 1278 sciente
1786 1229 1843 1277 et
1865 1235 2049 1291 prom-

468 1322 564 1385 pto
591 1313 838 1369 scribere
874 1330 889 1367 :
927 1313 1097 1369 totius
1122 1311 1270 1367 enim
1309 1327 1435 1383 pars
1458 1312 1659 1378 media,
1682 1322 1844 1382 atque
1881 1312 2046 1368 etiam

470 1405 666 1477 major,
692 1405 855 1475 plena
880 1412 967 1460 est
1008 1404 1259 1474 epistolis
1287 1405 1582 1477 synodieis,
1612 1404 2049 1474 testimoniisque

470 1494 717 1559 insertis,
750 1509 874 1563 quae
904 1493 1171 1549 brevibus
1199 1493 1609 1549 narrationibus
1625 1501 2046 1549 connectuntur.

543 1586 707 1643 XVII.
739 1584 895 1652 Quod
923 1585 968 1639 si
1001 1583 1386 1639 Theodoretus
1413 1585 1481 1639 ad
1521 1584 1876 1640 scribendum
1894 1584 2052 1639 abre-

471 1688 600 1750 ptus
617 1686 704 1734 est
718 1685 852 1734 testu
875 1675 1182 1747 praefervidi
1208 1675 1433 1735 doloris,
1453 1676 1672 1747 ingenio
1693 1675 1968 1731 abutentis
1983 1675 2050 1730 ad

2144 489 2215 544 tis
2240 504 2493 544 errorum
2524 488 2799 560 magistris
2834 502 3011 552 suam,
3039 487 3153 542 sive
3172 486 3242 542 de
3267 488 3471 544 unione
3495 499 3709 546 natura-

2143 596 2287 645 rum,
2321 580 2435 635 sive
2461 580 2528 636 de
2552 580 2904 652 processione
2939 578 3180 651 Spiritus
3202 579 3397 646 sancti,
3414 580 3709 637 doctrinam

2143 673 2420 744 acceperit
2446 674 2470 727 ?

2215 766 2334 821 XX.
2358 765 2566 837 Opinor
2590 765 2759 838 igitur
2797 764 3061 836 primum,
3079 764 3187 820 hoc
3212 779 3353 836 opus
3389 763 3710 821 Theodoreti

2144 859 2293 914 aliud
2321 858 2462 913 nihil
2487 873 2609 913 esse
2630 865 2830 928 praeter
2848 860 2866 879 ‘
2883 856 3172 911 historiam
3194 855 3408 910 Arianae
3428 854 3708 917 hrereseos,

2146 949 2261 1005 sive
2289 950 2346 1005 in
2371 949 2572 1021 seipsa,
2605 950 2719 1005 sive
2746 949 2801 1004 in
2837 947 3153 1020 propagine.
3195 945 3426 1011 Deinde,
3459 945 3628 1017 ipsam
3650 963 3713 1001 eo

2145 1042 2379 1097 consilio
2418 1043 2678 1113 scriptam
2720 1040 2912 1106 fuisse,
2950 1050 3011 1095 ut
3044 1038 3471 1094 ostenderentur
3522 1039 3710 1099 fontes,

2146 1149 2214 1190 ex
2276 1135 2480 1205 quibus
2533 1133 2886 1190 Theodoreto
2932 1134 3257 1189 viderentur
3317 1132 3425 1186 orti
3479 1146 3710 1195 errores,

2147 1240 2286 1295 quos
2306 1225 2595 1297 aﬂingebat
2618 1224 2939 1281 Catholicis.
2973 1223 3184 1288 Tertio,
3208 1224 3265 1278 in
3299 1222 3539 1287 Arianis,
3566 1221 3715 1277 unio-

2148 1318 2235 1374 nis
2291 1318 2644 1389 hypostaticae
2694 1317 3046 1383 defensores;
3089 1317 3145 1371 in
3191 1314 3432 1369 Eusebio
3475 1314 3715 1369 Nicome-

2148 1407 2348 1474 diensi,
2369 1408 2658 1480 Cyrillum;
2694 1407 2750 1463 in
2783 1408 3082 1464 Athanasio
3106 1416 3269 1478 atque
3284 1406 3449 1461 etiam
3473 1405 3529 1460 in
3558 1404 3715 1476 Chry-

2149 1506 2425 1563 sostomo,
2462 1498 2816 1565 Nestorium;
2863 1499 2998 1554 alios
3024 1497 3259 1553 Nestorii
3284 1495 3492 1551 amicos
3519 1495 3575 1549 in
3605 1495 3716 1549 aliis

2151 1589 2502 1644 adumbratos
2523 1606 2663 1646 esse.
2706 1590 2914 1658 Quarto
2939 1590 3178 1661 denique
3200 1588 3464 1662 Cyrillum
3503 1596 3559 1642 et
3591 1587 3716 1642 Pro-

2151 1681 2297 1735 clum
2328 1681 2383 1735 in
2412 1681 2499 1747 iis,
2517 1682 2609 1752 qui
2628 1682 2923 1738 Diodorum
2942 1682 3265 1737 Tarsensem
3292 1689 3349 1736 et
3376 1679 3716 1734 Theodorum

471 1766 771 1822 vindictam
808 1765 877 1821 de
906 1764 1234 1821 adversariis
1260 1766 1583 1822 sumendam
1602 1766 1669 1830 “,
1706 1765 2049 1820 admirabili-
2080 1768 2121 1823 Β
2150 1772 2622 1841 Mopsuestenum,
2660 1774 2813 1829 velut
2856 1774 3177 1840 haereticos,
3206 1773 3428 1843 scriptis
3460 1772 3715 1842 factisque

474 1859 602 1914 tatis
651 1857 886 1914 multum
935 1857 1178 1912 brevitas
1230 1857 1494 1928 temporis
1550 1856 1764 1910 amittet
1804 1874 1817 1909 :
1858 1865 2049 1910 notum

473 1951 622 2008 enim
671 1950 805 2020 quid
833 1949 1007 2019 possit
1034 1948 1288 2004 facundia
1312 1948 1573 2009 irascens,
1598 1962 1871 2017 quamque
1904 1946 2049 2001 cele-

475 2054 564 2095 res
603 2038 805 2094 habeat
837 2047 1039 2101 motus,
1085 2053 1211 2094 cum
1258 2053 1316 2094 se
1355 2047 1451 2094 aut
1482 2037 1801 2098 ulciscitur,
1834 2048 1929 2092 aut
1957 2037 2052 2092 de-

473 2130 669 2197 fendit,
695 2130 997 2201 praesertim
1021 2130 1064 2185 si
1091 2130 1370 2195 defendit,
1409 2131 1484 2185 ita
1514 2137 1575 2185 ut
1601 2145 1852 2201 regerere
1877 2129 2052 2199 possit

473 2224 771 2280 artificiose
791 2224 1001 2279 crimen
1028 2223 1083 2278 in
1109 2222 1468 2278 adversarios.

548 2336 739 2393 XVIII.
778 2336 958 2406 Atque
1003 2337 1122 2392 haec
1159 2351 1322 2390 causa
1360 2342 1447 2390 est
1494 2349 1605 2389 non
1655 2333 2049 2405 improbabilis,

476 2429 624 2487 unde
659 2436 741 2485 tot
784 2428 1243 2484 hallucinationes
1271 2426 1547 2481 historicas
1587 2424 1854 2497 originem
1885 2426 2051 2481 duxe-

478 2524 593 2579 rint
624 2541 637 2577 :
666 2521 940 2593 siquidem
969 2534 1214 2592 praeceps
1244 2527 1300 2574 et
1331 2517 1683 2574 turbulentus
1713 2518 1929 2573 animus
1961 2533 2052 2574 so-

475 2614 554 2672 let
578 2615 681 2670 sibi
718 2613 888 2685 magis
914 2628 1078 2683 quam
1114 2611 1237 2667 aliis
1269 2611 1589 2676 attendere;
1615 2610 1858 2681 dumque
1896 2620 2049 2665 motu

480 2721 583 2762 suo
630 2705 924 2776 abripitur,
953 2704 1009 2759 in
1039 2702 1311 2775 adiunctis
1333 2717 1515 2758 rerum
1550 2702 2053 2773 circumspiciendis

481 2798 692 2853 haerere
707 2810 819 2850 non
843 2803 1048 2866 potest.

549 2907 692 2964 XIX.
747 2907 864 2963 Jam
912 2920 1047 2961 vero
1089 2904 1234 2978 quod
1293 2913 1519 2976 propter
1553 2903 1840 2959 levandam
1886 2904 2053 2959 animi

481 2998 866 3071 :cgritudinem
907 2996 1287 3053 Theodoretus
1316 2996 1383 3053 ad
1427 2996 1775 3052 scribendum
1811 3011 2055 3051 accesse-

2152 1865 2542 1931 traduxissent,
2576 1865 2740 1921 tacite
2777 1875 2909 1922 tunc
2934 1866 3130 1932 refelli,
3168 1880 3294 1921 cum
3316 1874 3550 1934 uterque
3576 1864 3717 1919 velut

2152 1957 2279 2013 ﬁdei
2308 1957 2564 2013 defensor
2597 1958 2877 2015 inducitur
2891 1960 2957 2013 ⁸⁸.

2221 2046 2363 2101 XXI.
2386 2046 2590 2102 Horum
2623 2055 2858 2117 quatuor
2876 2048 3152 2119 opinionis
3174 2062 3307 2104 meae
3339 2046 3580 2118 capitum
3619 2045 3719 2116 pri-

2153 2156 2303 2195 mum
2332 2141 2487 2196 facile
2509 2141 2612 2196 sibi
2643 2141 2997 2211 persuadebit
3028 2141 3097 2205 is,
3130 2140 3224 2210 qui
3248 2140 3376 2195 totis
3393 2139 3633 2209 quinque
3656 2137 3717 2190 li-

2152 2229 2266 2284 bris
2284 2229 2432 2284 aliud
2461 2230 2599 2284 nihil
2629 2245 2728 2300 per
2755 2245 2813 2284 se
2836 2231 3057 2285 tractari
3080 2229 3395 2291 adverterit,
3421 2244 3585 2299 quam
3609 2241 3719 2298 quas

2154 2319 2221 2373 ad
2270 2319 2503 2374 baaresin
2530 2319 2787 2374 Arianam
2829 2321 3164 2389 spectant".
3217 2320 3349 2388 Quae
3381 2320 3529 2375 enim
3562 2320 3717 2375 attin-

2153 2420 2357 2484 guntur
2386 2423 2668 2483 prteterea,
2701 2411 2945 2484 episodia
2988 2412 3235 2483 quredam
3265 2419 3424 2477 sunt,
3454 2425 3557 2467 nec
3600 2426 3717 2483 pro-

2154 2504 2283 2569 lixa,
2324 2519 2426 2558 nec
2450 2503 2778 2573 frequentia.

2216 2618 2381 2673 XXII.
2410 2619 2675 2673 Narratur
2704 2617 2758 2672 in
2793 2616 2935 2671 libro
2965 2616 3142 2688 primo
3161 2657 3176 2682 ,
3204 2632 3313 2687 quo
3344 2631 3532 2672 rerum
3566 2624 3717 2680 statu,

2154 2726 2266 2782 quo
2305 2712 2364 2766 in
2407 2713 2549 2775 loco,
2598 2710 2821 2765 haeresis
2859 2708 3078 2774 Ariana,
3106 2708 3346 2779 quando,
3371 2725 3485 2778 quo
3510 2715 3719 2779 parente

2153 2812 2282 2859 nata
2305 2803 2395 2867 sit,
2437 2818 2573 2872 quas
2606 2812 2790 2872 partes
2824 2801 3101 2866 habuerit,
3150 2816 3287 2872 quas
3323 2800 3718 2863 conversiones,

2155 2912 2399 2966 quasque
2427 2895 2662 2951 diversis
2694 2894 3033 2965 temporibus
3071 2893 3291 2959 formas,
3323 2909 3354 2948 a
3394 2894 3599 2963 quibus
3625 2891 3719 2946 im-

2156 2996 2411 3059 pugnata,
2445 3004 2583 3060 quas
2613 2987 2847 3043 moverit
2873 2996 2929 3042 et
2955 2995 3186 3057 quantas
3215 2986 3423 3051 turbas,
3461 2985 3722 3058 quomodo

483 3093 575 3156 rit,
595 3092 751 3147 facile
769 3090 1005 3161 probant
1028 3088 1271 3145 conditio
1301 3098 1607 3161 temporum
1629 3087 1697 3152 ⁸⁵,
1725 3087 2056 3143 Theodoreti
2086 3098 2129 3158 ο
2159 3077 2352 3133 Nicaeae
2401 3075 2656 3132 damllala
2695 3076 2795 3143 sil;
2832 3085 3034 3147 quanta
3070 3078 3244 3147 pietas
3288 3076 3634 3133 Constantini
3672 3076 3722 3130 in

481 3186 782 3257 ingenium,
822 3191 878 3239 et
912 3184 1028 3254 ipsa
1065 3182 1252 3248 etiam,
1292 3181 1337 3237 si
1370 3183 1532 3253 paulo
1572 3182 1835 3238 attentius
1880 3181 2060 3236 consi-

482 3274 728 3339 deretur,
766 3273 1017 3328 historia.
1044 3273 1178 3328 Nam
1228 3272 1551 3327 incredibile
1589 3288 1701 3326 non
1739 3280 1823 3325 est
1860 3279 2061 3343 myste-

484 3365 552 3419 rii
593 3364 845 3419 nonnihil
874 3364 929 3417 in
963 3379 1027 3419 ea
1046 3363 1218 3419 latere
1238 3404 1252 3427 ,
1291 3379 1394 3418 nec
1419 3364 1537 3418 sine
1563 3363 1872 3433 conquisita
1903 3362 2059 3418 calli-

483 3455 611 3511 dius
632 3470 817 3519 cauam
844 3453 1131 3510 exordium
1170 3453 1297 3508 duc‘i
1325 3453 1393 3506 ab
1420 3461 1545 3508 ortu
1566 3454 1792 3509 heeresis
1822 3455 2057 3516 Arianae,

486 3545 785 3603 terminum
812 3545 943 3617 poni
971 3546 1027 3600 in
1058 3544 1328 3599 Theodoti
1377 3544 1763 3615 Theodorique
1801 3546 1977 3609 obitu,
2006 3543 2061 3600 id

484 3647 590 3705 est,
625 3639 679 3693 in
710 3646 958 3708 tempore
1006 3651 1116 3705 quo
1155 3635 1443 3691 Nestorius
1484 3634 1728 3690 Sisinnio
1784 3636 1840 3690 in
1876 3635 2061 3691 sedem

488 3728 643 3785 urbis
685 3727 846 3799 regite
883 3724 1169 3781 successit.
1221 3724 1357 3781 Nam
1400 3740 1523 3780 cum
1583 3724 1805 3780 haeresis
1852 3725 2064 3781 Arianae

484 3819 801 3877 exstiterint
844 3827 1028 3890 partes
1054 3816 1208 3872 duae:
1252 3816 1443 3881 altera,
1472 3831 1593 3887 qua:
1620 3813 1898 3870 Christum
1939 3830 2064 3886 per-

486 3911 691 3975 fectum
721 3925 844 3965 esse
882 3910 1087 3975 Deum;
1122 3908 1291 3963 altera
1313 3948 1327 3972 ,
1360 3922 1481 3978 quae
1527 3907 1832 3977 perfectum
1887 3906 2063 3960 homi-

488 4016 614 4056 nem
644 4005 868 4071 negaret
900 4015 914 4052 :
943 3997 1326 4054 Theodoretus
1352 3997 1528 4052 videri
1563 4005 1742 4067 potest
1777 3997 2063 4069 utriusque

488 4095 662 4167 partis
709 4092 996 4148 historiam
1040 4108 1207 4164 opera
1262 4108 1369 4147 una
1407 4092 1646 4148 voluisse
1697 4108 2060 4163 componere;

485 4185 586 4243 sed
609 4182 809 4256 prioris
839 4197 1054 4248 revera,
1106 4182 1431 4253 posterioris
1464 4183 1615 4237 velut
1646 4181 1701 4236 in
1729 4181 1985 4253 imagine,
2008 4190 2064 4236 et

489 4275 913 4346 αἰνιγματικῶς.
959 4274 1146 4329 Potest
1185 4272 1349 4330 etiam
1381 4273 1578 4341 videri,
1627 4273 1758 4329 dum
1806 4273 2062 4329 Arianam

488 4366 724 4425 haeresin
762 4366 925 4436 282
950 4365 1233 4431 describit,
1264 4367 1576 4432 ostendere,
1609 4383 1747 4438 quas
1796 4383 1897 4422 suo
1922 4377 2060 4422 tem-

2160 3168 2287 3231 fide,
2318 3182 2443 3223 cum
2485 3168 2747 3222 adversus
2775 3168 3007 3223 Arianos
3030 3169 3254 3233 tuenda,
3290 3177 3404 3224 tum
3441 3169 3587 3240 apud
3614 3166 3725 3223 inﬁ-

2158 3259 2309 3316 deles
2333 3260 2714 3332 propaganda;
2739 3270 2874 3330 quot
2907 3268 3087 3316 tamen
3115 3260 3502 3316 haereticorum
3530 3260 3723 3316 fraudi-

2158 3353 2265 3408 bus
2295 3360 2488 3424 captns
2511 3352 2616 3416 sit;
2656 3352 2752 3421 qui
2781 3351 2966 3407 obitus
2993 3352 3143 3419 Arii;
3166 3353 3261 3423 qui
3288 3362 3347 3408 et
3375 3369 3610 3423 quarum
3635 3353 3726 3408 Ec-

2161 3443 2450 3498 clesiarum
2478 3442 2719 3512 episcopi
2739 3441 2954 3497 Arianis
2988 3441 3243 3507 faverim,
3271 3451 3367 3498 aut
3390 3443 3724 3507 obstiterint;

2162 3544 2367 3605 quanta
2399 3549 2592 3603 passus
2618 3533 2948 3590 Athanasius
2970 3574 2985 3597 ,
3025 3534 3095 3589 ab
3121 3533 3244 3605 ipso
3270 3535 3438 3590 etiam
3469 3534 3724 3590 Constan-

2164 3623 2299 3689 tino,
2345 3639 2447 3694 pro
2475 3623 2640 3680 Verbi
2667 3621 2983 3689 divinitate;
3023 3639 3146 3693 quae
3194 3622 3249 3677 in
3276 3622 3468 3677 exsilia
3491 3624 3726 3693 ejectus;

2162 3730 2325 3784 quam
2343 3716 2502 3786 283
2523 3715 2610 3786 pie
2627 3714 3019 3771 Constantinus
3033 3713 3457 3795 obierit..Atque
3474 3714 3726 3783 haecgsyn-

2163 3808 2311 3878 opsis
2342 3809 2469 3863 libri
2503 3809 2686 3879 primi.

2237 3922 2422 3978 XXIII.
2462 3922 2748 3979 Secundus
2787 3923 3033 3977 continet
3071 3921 3149 3977 rei
3187 3923 3405 3978 Arianae
3430 3912 3726 3976 historiam

2163 4014 2267 4070 sub
2302 4013 2628 4069 Constantio
2670 4031 2682 4067 :
2720 4021 2975 4067 narratur
3015 4014 3163 4068 enim
3200 4012 3413 4082 primus
3454 4006 3727 4066 Athanasii

2162 4103 2550 4159 Alexandriam
2577 4119 2609 4159 e
2641 4103 2832 4159 Galliis
2872 4104 3104 4167 reditus,
3150 4111 3267 4158 tum
3299 4102 3609 4159 Constantii
3633 4101 3730 4154 im-

2163 4194 2434 4262 peratoris
2468 4193 2703 4248 defectio
2741 4209 2772 4248 a
2806 4193 2911 4247 fide
2943 4193 3244 4257 catholica,
3284 4194 3532 4249 secunda
3566 4192 3728 4247 Atha-

2165 4283 2302 4338 nasii
2338 4283 2618 4354 relegatio,
2645 4285 2910 4354 Paulique
2926 4282 3523 4355 Constantinopolitani
3543 4283 3730 4356 eiectio

2166 4373 2221 4426 in
2238 4373 2433 4428 urbem
2452 4372 2733 4428 Cucusum
2767 4390 2781 4426 :
2810 4381 2999 4443 postea
3021 4373 3323 4429 Macedonii
3344 4374 3593 4439 haeresis,
3616 4387 3729 4443 qua:

489 4473 625 4529 pore
649 4471 872 4527 serpere
896 4454 1144 4526 putabat,
1179 4455 1351 4526 ipsius
1376 4437 1722 4527 propagines,
1749 4455 1803 4511 id
1826 4466 1930 4519 est,
1967 4456 2063 4510 de-
2096 4437 2139 4494 ί)
2165 4462 2380 4517 Ariana:
2403 4462 2638 4524 soboles,
2662 4437 2885 4517 exort‘us
2909 4479 2924 4529 ;
2950 4478 3071 4532 quae
3092 4462 3147 4517 in
3164 4463 3401 4518 concilio
3422 4437 3727 4518 Sardi-censi

489 4560 800 4607 monstrare
835 4550 889 4604 in
913 4548 1065 4613 Ario,
1091 4549 1382 4614 Eunomio,
1426 4550 1760 4620 Apollinario
1795 4560 1852 4604 et
1881 4550 2058 4605 Mace-

490 4642 677 4703 donio,
704 4641 857 4697 velut
889 4639 944 4695 in
980 4639 1319 4710 parentibus,
1366 4639 1630 4712 Cyrillum
1659 4650 1716 4696 et
1749 4641 2063 4697 Catholicos

491 4733 714 4787 unionis
742 4731 1120 4787 substantialis
1164 4730 1505 4798 defensores,
1546 4747 1685 4801 quos
1720 4731 2060 4799 traducebat,

491 4823 643 4879 velut
680 4821 949 4891 eiusmodi
999 4822 1238 4893 pestium
1287 4821 1432 4878 filios
1480 4832 1576 4878 aut
1612 4830 1861 4892 nepotes.
1919 4822 2064 4889 Quid

2166 4566 2315 4624 gesta
2343 4554 2476 4619 sint;
2508 4554 2639 4622 quid
2662 4553 2964 4608 Antiochia:
2984 4552 3171 4607 Ariani
3199 4552 3467 4608 adversus
3488 4553 3728 4623 Euphra-

2170 4653 2286 4696 tum
2332 4652 2389 4697 ct
2439 4643 2786 4696 Vincentium
2832 4639 3039 4705 moliti;
3107 4639 3387 4709 quomodo
3428 4639 3731 4709 Stephanus

2170 4733 2546 4788 Antiochenus
2589 4731 2825 4786 Arianus
2856 4730 3137 4802 deiectus;
3184 4729 3465 4800 quomodo
3501 4730 3732 4785 Athana-

2173 4824 2290 4879 sius
2319 4824 2518 4879 iterum
2549 4823 2777 4879 redierit
2809 4822 2878 4878 ab
2916 4822 3142 4885 exsilio,
3188 4831 3247 4878 et
3276 4822 3504 4879 tertium
3530 4822 3733 4891 eiectus

1829 4990 2149 5048 SCHULZII
2187 4991 2422 5049 ΝΟΤΔΕ.

565 5135 608 5168 ⁸³
631 5134 706 5190 Ita
742 5133 1042 5189 Camerius
1060 5131 1312 5203 praeludit
1335 5129 1646 5204 hypothesi,
1676 5147 1838 5201 quam
1869 5133 1897 5203 ᾗ
1938 5121 2005 5187 l9
2028 5143 2085 5187 et
2118 5132 2209 5197 20,
2263 5145 2589 5204 expromere
2631 5130 2778 5204 haud
2843 5131 3134 5188 dubitavit.

3233 5133 3280 5166 ⁸⁵
3309 5131 3419 5187 Soli
3472 5126 3734 5185 Camerio

496 5204 580 5260 ha:
604 5205 891 5275 levissimze
917 5198 1333 5275 conjectura;in
1355 5198 1591 5273 probare
1611 5198 1929 5275 potuerunt.
1963 5205 2007 5236 ⁸⁵
2032 5204 2258 5275 Somnia
2276 5198 2391 5275 hmo
2418 5203 2821 5275 d‘ixeris‘potius
2835 5219 2997 5273 quam
3014 5206 3355 5275 conjecturas
3381 5202 3499 5275 viro
3522 5198 3734 5254 erudito

495 5275 703 5353 dignas.
726 5270 1511 5353 YidLDupiniinBibliotﬁafmt.
1543 5270 1689 5353 eff-fw
1720 5273 1883 5353 t.__l\_",_
1904 5290 1955 5343 p.
1980 5274 2069 5353 95,
2100 5273 2189 5353 95_,
2216 5282 2273 5327 ct
2292 5272 2465 5353 _lttigi_i
2488 5270 2649 5353 Praef.
2670 5272 2737 5353 ad
2766 5270 2901 5328 Hist.
2927 5270 3131 5353 eodem,
3151 5288 3438 5353 ἐπολικῆ
3453 5271 3615 5353 8seq_.
3638 5281 3733 5353 nec

495 5341 604 5399 no'n
637 5345 710 5398 De
733 5341 971 5399 Biblioth.
999 5354 1045 5398 et
1069 5342 1281 5399 Catenis
1304 5341 1438 5406 PP.,

1472 5359 1523 5413 p.
1559 5344 1679 5398 729.
1754 5343 1799 5374 ⁸⁷
1831 5345 1885 5398 Si
1904 5337 2007 5398 'ch
2032 5344 2264 5397 maxime
2290 5337 2504 5413 htec'ita
2534 5357 2591 5396 se
2621 5342 2906 5408 haberent,
2933 5351 3111 5397 tamen
3145 5337 3396 5399 Carnerii
3425 5337 3732 5413 hypotlh‘esis

495 5430 688 5537 parum
707 5415 941 5485 praesidii
974 5415 1100 5469 inde
1120 5423 1307 5497 petere
1326 5400 1527 5483 posset.
1562 5414 1698 5469 Cum
1732 5414 1880 5467 enim
1912 5413 2313 5475 Theodoretus,
2340 5420 2401 5465 ut
2432 5412 2547 5480 ipse
2574 5412 2610 5464 Ι.
2641 5428 2693 5475 v,
2726 5427 2774 5465 c.
2806 5400 2904 5476 59,,
2928 5422 3182 5478 testatur,
3209 5400 3730 5482 scribendi'initium

516 5486 686 5537 ecerit
714 5486 781 5537 ab
805 5486 919 5537 Arii
950 5500 1191 5537 vesania.
1215 5484 1328 5537 hmo
1355 5492 1536 5537 autem
1563 5499 1663 5537 nro
1685 5484 1923 5537 diversis
1950 5485 2362 5537 imperatorum.
2391 5482 2715 5537 aulicorum.
2743 5482 3127 5537 cnisconorum
3157 5483 3375 5537 studiis.
3398 5482 3540 5535 ultra
3572 5491 3730 5533 saecu-

516 5485 686 5539 ecerit
710 5482 781 5540 ab
805 5486 919 5541 Arii
950 5482 1191 5549 vesania,
1215 5482 1341 5539 haec
1355 5492 1536 5539 autem
1563 5499 1663 5554 pro
1685 5484 1923 5554 diversis
1950 5485 2362 5554 imperatorum,
2391 5482 2715 5546 aulicorum,
2743 5482 3127 5551 episcoporum
3157 5483 3375 5543 studiis,
3398 5482 3540 5554 ultra
3572 5491 3732 5554 saecu-

495 5553 608 5609 lum
651 5556 945 5611 Ecclesiam
971 5546 1292 5621 turbaverit,
1329 5569 1441 5609 non
1479 5546 1581 5609 est'
1599 5552 1745 5622 quod
1782 5546 2078 5623 miremur,
2118 5553 2741 5623 scriptoremnostrum,
2771 5546 2895 5623 eum
2927 5546 3145 5606 centum
3191 5562 3247 5609 et
3284 5550 3430 5623 quod
3476 5546 3729 5623 excurrit.

496 5637 762 5695 annorum
810 5626 1090 5682 historiam
1126 5617 1414 5688 scriberet,
1451 5640 1560 5695 non
1587 5617 1666 5695 ad
1708 5622 2015 5691 primordia
2041 5617 2249 5676 tantum
2281 5622 2596 5688 Arianisnti,
2625 5622 2720 5676 sed
2751 5622 2820 5678 ad
2874 5623 3185 5678 universam
3239 5617 3357 5695 ejus
3423 5617 3728 5692 progeniem

501 5693 714 5763 plenius
746 5696 1158 5753 describendam
1197 5696 1449 5763 animum
1497 5693 1785 5763 adjecissc.
