3926 6216
234 259 331 325 2‘33

1383 253 1481 313 DE
1518 252 1774 317 LIBRIS
1808 222 2315 314 THEODORETI.

3370 254 3473 318 ΞΜ

236 374 683 447 fugerit;quanta
713 370 864 426 rabie
890 366 1064 440 ipsius
1090 368 1277 425 sedem
1305 367 1508 438 impius
1529 367 1798 439 Georgius
1828 371 1874 428 A
1971 367 2159 425 XXVI.
2194 368 2429 436 Quintus
2460 377 2661 425 statum
2698 369 2921 425 haeresis
2946 370 3180 436 Arianae,
3207 370 3471 429 duarum~

238 466 508 532 invaserit,
553 473 611 521 et
650 463 1077 519 Alexandrinam
1126 459 1428 515 Ecclesium
1463 460 1795 525 vastaverit;

239 558 426 629 quibus
460 556 795 612 Arianorum
837 554 1051 609 artibus
1094 561 1345 607 eoactum
1388 550 1460 606 sit
1500 551 1797 606 concilium

240 648 624 704 Mediolanense
644 647 975 703 Arianorum
1003 652 1196 699 contra
1231 644 1628 709 Athanasium;
1665 641 1797 712 quid

243 739 477 795 Liberius
503 753 647 808 papa
682 753 815 793 eum
836 736 1162 793 Constantio
1192 735 1526 804 imperatore
1555 733 1797 787 collocu-

245 839 350 894 tus;
371 828 648 899 quomodo
670 835 728 881 et
744 828 952 898 ejectus
969 826 1042 880 sit
1062 827 1120 880 in
1146 824 1425 888 exsilium,
1449 831 1505 878 et
1536 822 1795 888 redierit;

248 928 414 991 postea
445 920 512 975 de
545 918 784 973 concilio
812 917 1169 981 Ariminensi,
1200 914 1370 985 impia
1402 913 1639 969 formula
1670 913 1799 968 ﬁdei

248 1011 419 1066 Nicaea:
437 1008 686 1064 Thraciae
705 1008 965 1063 fabricata
983 1024 1000 1073 ;
1022 1006 1282 1077 synodica
1300 1005 1539 1067 Damasi,
1562 1004 1800 1059 Athana-

252 1101 404 1170 siique
431 1099 665 1169 epistola
694 1113 866 1168 super
899 1095 1134 1152 concilio
1159 1094 1534 1160 Ariminensi;
1582 1092 1798 1147 Leontii

252 1191 552 1246 Antiocheui
583 1190 775 1245 Ariani
798 1188 1010 1243 artibus
1031 1186 1099 1242 ad
1122 1184 1392 1241 fallendos
1420 1184 1651 1250 ﬁdeles;
1685 1183 1799 1237 Eu-

252 1284 398 1347 doxii,
436 1283 531 1353 qui
580 1281 817 1337 Leontio
864 1279 1147 1342 successit,
1187 1276 1434 1346 professa
1475 1275 1797 1344 impietate;

254 1375 461 1429 concilio
488 1376 688 1430 iterum
717 1373 914 1429 Nicaea:
937 1379 1274 1435 convocato;
1303 1367 1371 1422 de
1404 1365 1641 1421 concilio
1666 1364 1799 1419 item

253 1466 487 1520 Seleucia:
514 1464 741 1520 Isauria:
776 1463 1004 1527 habito;
1058 1461 1127 1515 de
1159 1458 1303 1515 Aetii
1336 1457 1587 1513 Anomcei
1628 1454 1802 1511 initiis

249 1567 300 1611 et
329 1556 817 1621 condemnatione;
859 1554 928 1609 de
970 1553 1441 1609 Eunomianorum
1475 1549 1545 1603 ab
1581 1547 1802 1604 Arianis

249 1649 565 1703 discessione
587 1665 602 1714 ;
628 1649 698 1704 de
721 1647 929 1704 Iacobo
960 1645 1223 1700 Nisibeno
1242 1658 1341 1714 per
1361 1641 1760 1712 digressionem
1783 1654 1797 1705 ;

249 1738 310 1793 de
332 1740 556 1793 concilio
590 1739 815 1793 tandem
844 1736 1210 1800 Antiocheno,
1242 1734 1299 1788 in
1321 1747 1431 1803 quo
1455 1732 1708 1787 Meletius
1733 1730 1802 1784 ab

248 1830 448 1884 Ariani:
475 1838 706 1884 vexatus
738 1836 863 1893 est;
891 1828 958 1882 de
984 1826 1226 1882 Eusebio
1251 1822 1620 1880 Samosatensi
1642 1823 1803 1879 Aria-

248 1935 426 1975 norum
444 1921 625 1983 boste,
646 1927 703 1975 et
717 1919 875 1974 obitu
896 1918 1202 1975 Constantii
1225 1915 1541 1971 eorumdem
1563 1914 1801 1985 patroni.

307 2009 485 2065 XXIV.
550 2010 773 2066 Tertius
830 2008 1186 2078 prosequitur
1246 2005 1539 2075 imperium
1600 2003 1805 2060 Iuliani

246 2097 522 2168 Apostatze,
562 2112 675 2167 quo
712 2096 1032 2151 dominante
1104 2096 1198 2150 vix
1249 2094 1525 2165 respirare
1580 2094 1805 2164 quidem

246 2187 437 2242 licebat
458 2187 811 2252 Christianis,
830 2186 1127 2258 gentilibus
1156 2186 1416 2241 audacter
1446 2185 1758 2240 furentibus
1789 2202 1802 2238 :

249 2292 370 2332 ausa
398 2286 479 2333 est
508 2287 691 2332 tamen
723 2277 1024 2332 identidem
1063 2276 1309 2340 haeresis,
1340 2284 1585 2346 cognatae
1610 2275 1806 2345 impie—

247 2370 363 2425 tatis
386 2370 460 2424 uti
491 2369 758 2439 potentia,
784 2369 852 2423 ad
880 2369 1194 2425 Catholicos
1216 2369 1586 2424 insectandos.
1620 2368 1679 2424 lu
1701 2368 1807 2423 hoc

246 2457 399 2528 igitur
456 2459 642 2525 libro,
713 2467 837 2529 post
907 2458 1212 2528 descriptos
1247 2459 1449 2513 Iuliani
1507 2473 1689 2513 mores
1751 2464 1808 2512 et

250 2561 491 2606 enarrata
534 2551 724 2615 initia,
760 2551 999 2605 refertur
1034 2551 1418 2621 episcoporum
1449 2548 1702 2603 exsilium
1737 2548 1805 2603 ab

246 2641 449 2698 Arianis
461 2658 748 2714 passorum
776 2642 1007 2707 reditus,
1025 2641 1238 2696 Paulini
1266 2639 1594 2695 Antiocheni
1615 2638 1806 2694 catho-

245 2734 331 2789 lici
356 2736 647 2801 ordinatio,
680 2735 966 2805 gentilium
1000 2735 1055 2788 in
1086 2733 1425 2789 Christianos
1449 2732 1621 2796 furor,
1644 2746 1809 2801 quar-

244 2834 459 2898 tumque
508 2828 793 2883 Athanasii
859 2827 1134 2882 exsilium.
1202 2825 1334 2893 Quze
1397 2832 1809 2895 consequuntur

248 2934 408 2988 usque
429 2921 495 2975 ad
528 2920 792 2985 ﬁnem,in
820 2920 1018 2976 Iuliani
1051 2920 1356 2992 tyrannide,
1388 2930 1701 2975 sanctorum
1738 2917 1807 2972 de

1890 476 2009 530 .que
2047 461 2220 531 ipsius
2256 462 2638 534 propaginum,
2679 460 3099 532 Apollinarianae
3133 470 3190 519 et
3224 461 3474 520 Macedo-

1900 550 2076 605 nianze
2099 551 2503 606 damnationem
2522 552 2926 623 complectitur,
2948 554 3220 625 simulque
3244 555 3474 611 immen-

1900 656 1989 697 sas
2051 641 2348 698 Theodosii
2405 643 2783 714 imperatoris,
2846 642 3124 702 Ambrosii
3203 647 3469 717 episcOpi,

1899 732 2126 789 Joannis
2143 734 2539 806 Chrysostomi,
2574 745 2630 791 et
2657 735 3124 791 Antioclienorum
3148 738 3469 807 praesulum,

1901 837 1966 880 ac
1997 822 2273 878 Theodori
2295 823 2664 895 Mepsuesteni
2685 825 2894 881 laudes.
2923 825 3102 894 Quare
3135 836 3258 897 post
3285 828 3475 883 lauda-

1905 922 2019 969 tum
2046 914 2389 981 Gratianum,
2421 916 2516 987 qui
2540 928 2758 975 mortuo
2781 919 3027 987 Valente,
3062 921 3228 975 totius
3254 920 3473 991 imperii

1902 1007 2110 1076 potitus
2136 1014 2241 1073 est,
2271 1008 2482 1063 reditus
2506 1008 2744 1078 primum
2767 1010 3161 1065 catholicorum
3187 1013 3474 1084 episeopo-

1902 1113 2025 1152 rum
2058 1114 2161 1168 pro
2192 1098 2299 1154 ﬁde
2326 1100 2599 1164 exsulum,
2623 1099 2949 1156 Arianorum
2981 1102 3101 1172 lege
3132 1103 3241 1158 lata
3273 1106 3473 1176 ejectio

1901 1194 2155 1240 narratur
2202 1203 2215 1240 :
2261 1194 2374 1241 tum
2423 1189 2718 1258 exponitur
2772 1191 2994 1246 haeresis
3049 1192 3475 1262 Apollinariana!

1902 1282 2134 1343 utraque
2154 1290 2304 1345 pars,
2328 1284 2383 1331 et
2404 1278 2675 1347 posterior
2702 1280 2957 1335 maxime.
2973 1281 3077 1335 «Ex
3101 1282 3203 1338 hac
3226 1283 3466 1350 radice,»

1902 1364 2081 1435 inquit
2107 1366 2488 1424 Theodoretus
2508 1368 2607 1434 “,r
2626 1370 2681 1424 in
2708 1371 2969 1427 Ecclesiis
2991 1383 3175 1429 natum
3196 1384 3298 1437 est,
3324 1377 3473 1446 quod

1903 1472 2012 1512 una
2044 1458 2228 1513 carnis
2266 1467 2323 1513 et
2361 1459 2670 1517 divinitatis
2709 1471 2908 1517 natura
2949 1464 3175 1530 dicitur,
3215 1468 3474 1538 quodque

1903 1546 2176 1602 diVinitati
2209 1548 2483 1620 Unigeniti
2516 1553 2700 1620 passio
2723 1552 3043 1621 aseribitur,
3073 1563 3130 1610 et
3156 1557 3260 1611 alia
3290 1556 3346 1611 id
3384 1572 3476 1627 ge-

1902 1653 2028 1703 nus,
2062 1638 2130 1694 de
2160 1640 2364 1710 quibus
2410 1644 2738 1714 populorum
2759 1685 2772 1710 ,
2808 1646 3264 1717 sacerdotumque
3296 1657 3475 1704 certa-

1904 1732 2054 1787 mina
2080 1733 2429 1792 exstiterunt.
2458 1754 2477 1787 ›
2522 1736 2731 1793 Deinde
2757 1739 2984 1795 Diodori
3014 1740 3300 1798 Tarsensis
3325 1744 3475 1799 ordi-

1904 1825 2076 1890 natio,
2121 1825 2346 1880 Eusebii
2380 1825 2780 1885 Samosatensis
2819 1831 3057 1899 reditus,
3098 1834 3365 1905 factaeque
3404 1836 3476 1891 ab

1905 1916 2026 1989 ipso
2046 1918 2419 1973 ordinationes
2436 1918 2867 1989 Catholicorum,
2886 1925 3170 1996 aedesque
3187 1927 3255 1982 ab
3279 1928 3477 1983 Ariana

1904 2008 2137 2065 muliere
2175 2011 2510 2066 describitur
2546 2030 2560 2067 :
2597 2013 2797 2069 deinde
2828 2015 3123 2071 Theodosii
3158 2018 3335 2089 Magni
3370 2020 3475 2073 itu-

1904 2104 2176 2174 peratoris
2211 2105 2580 2176 iuauguratio,
2621 2108 2867 2163 studium
2902 2125 3004 2179 pro
3031 2110 3157 2177 ﬁde,
3186 2112 3343 2182 cujus
3371 2113 3475 2167 im-

1906 2206 2239 2268 pugnatores
2289 2198 2534 2269 episcopi
2572 2208 2901 2266 censentur;
2968 2202 3186 2257 concilii
3246 2203 3476 2259 secundi

1907 2290 2249 2353 convocatio,
2296 2289 2556 2361 synodica
2595 2287 2663 2343 ad
2706 2290 2997 2346 Damasum
3031 2308 3175 2348 anno
3212 2305 3477 2364 sequente

1908 2379 2094 2445 missa,
2137 2396 2245 2450 qua
2287 2380 2620 2434 damnantur
2653 2380 3003 2437 Macedonius
3038 2392 3093 2438 et
3126 2384 3475 2455 Apollinaris.

1907 2474 2126 2530 Damasi
2148 2475 2413 2530 adversus
2428 2474 2800 2546 Apollinarem
2821 2475 3098 2546 synodica,
3117 2478 3479 2552 ejusdemque

1909 2566 2181 2623 confessio
2213 2568 2281 2623 ad
2312 2568 2603 2623 Paulinum
2629 2566 2982 2623 describitur.
3033 2569 3156 2624 Mox
3184 2572 3476 2641 perstricta

1907 2657 2152 2714 Gratiani
2185 2675 2319 2715 nece
2353 2668 2409 2715 et
2443 2659 2730 2731 tyrannide
2759 2660 2998 2728 Maximi,
3021 2645 3329 2719 instituitur
3354 2681 3480 2720 nar-

1872 2778 1875 2779 ν
1908 2748 2048 2802 ratio
2071 2748 2139 2803 de
2160 2748 2387 2804 Iustina:
2413 2750 2594 2804 studio
2622 2765 2749 2820 erga
2776 2749 3032 2816 Arianos,
3056 2751 3341 2823 turbisque
3369 2753 3479 2809 Me-

1909 2837 2119 2892 diolani
2149 2840 2331 2905 motis,
2354 2855 2417 2894 ae
2442 2840 2657 2895 Maximi
2684 2841 2920 2912 tyranni,
2947 2841 3353 2914 Theodosiique
3379 2845 3479 2899 im-

1909 2930 2182 2999 peratoris
2210 2945 2274 2985 ea
2297 2929 2365 2984 de
2388 2946 2446 2984 re
2465 2931 2695 3001 judicio,
2720 2940 2775 2986 et
2808 2932 2875 2985 de
2897 2932 3189 2988 Theodosii
3216 2934 3481 2991 adversus

248 3017 469 3081 tyranno
509 3011 828 3083 triumphis,
856 3012 1101 3082 ejusdem
1140 3011 1491 3082 expeditione
1517 3011 1572 3064 in
1592 3011 1805 3077 Persas,
1834 3038 1878 3099 (ς
1909 3018 2144 3074 Ariauos
2162 3020 2281 3090 lege
2302 3020 2672 3090 Amphilochii
2694 3022 2951 3091 precibus
2976 3023 3361 3080 edita..Postea
3382 3041 3481 3096 per

244 3110 298 3156 et
316 3103 456 3173 justa
482 3103 631 3158 caede
657 3102 985 3168 enarranda,
1014 3104 1190 3173 posita
1222 3111 1369 3158 sunt.

310 3193 465 3251 XXV.
500 3194 744 3261 Quartus
772 3195 1022 3250 continet
1058 3211 1148 3250 res
1177 3195 1336 3261 ﬁdei,
1376 3211 1498 3265 quze
1527 3195 1807 3266 regnanti-

245 3285 344 3341 bus
367 3289 541 3342 tribus
573 3304 758 3343 rerum
785 3287 1046 3353 dominis,
1083 3288 1313 3344 Joviano
1352 3288 1575 3357 quidem
1612 3295 1669 3341 et
1699 3286 1807 3341 Va-

244 3374 534 3433 lentiniano
560 3377 878 3443 catholicis,
905 3378 1130 3433 Valente
1158 3386 1340 3432 autem
1365 3376 1570 3431 Ariano
1588 3416 1601 3441 ,
1633 3375 1811 3429 conti-

246 3476 431 3535 gerunt
464 3486 478 3521 :
523 3482 699 3538 quare
740 3476 864 3538 post
897 3476 1324 3523 commemorata
1366 3468 1580 3522 Ioviani
1631 3466 1806 3528 initia,

246 3557 467 3614 refertur
497 3559 743 3629 primum
774 3558 983 3613 reditus
1008 3558 1288 3614 Athanasii
1314 3575 1328 3624 ;
1360 3557 1618 3629 synodica
1644 3556 1807 3629 .‘Egy-

247 3649 397 3718 ptiaci
426 3650 646 3704 concilii
671 3650 739 3704 ad
755 3650 1067 3714 Jovianum,
1099 3651 1423 3719 Joviauique
1448 3665 1595 3704 mors
1617 3664 1809 3719 repen-

249 3739 353 3794 tina
393 3758 406 3793 :
447 3750 567 3795 tum
615 3740 983 3796 Valentiniani
1032 3742 1406 3812 inauguratio,
1456 3740 1809 3810 Valentisque

252 3828 419 3886 fratris
444 3831 500 3886 in
526 3839 839 3886 consortem
864 3832 1014 3902 regni
1042 3832 1364 3902 assumptio,
1389 3831 1662 3887 ordinatio
1683 3832 1811 3885 Am-

250 3920 403 3977 brosii
442 3921 866 3977 Mediolanensis
902 3922 1165 3993 episcopi,
1202 3925 1573 3994 Augustorum
1616 3923 1705 3977 lex
1740 3922 1807 3978 de

252 4017 706 4084 consubstantiali,
729 4018 797 4074 de
811 4032 921 4087 quo
940 4017 1102 4070 etiam
1122 4015 1363 4086 synodus
1389 4014 1691 4086 lllyriciana
1712 4015 1809 4068 ha-

254 4106 351 4163 bita
368 4120 448 4166 est
466 4130 479 4178 ;
508 4113 889 4167 Audianorum
913 4111 981 4165 de
998 4111 1110 4165 Deo
1132 4118 1442 4179 corporato,
1462 4109 1808 4163 Messaliano-

254 4214 360 4255 rum
400 4202 563 4275 284
607 4204 677 4258 de
729 4202 998 4258 orationis
1056 4202 1244 4256 ﬁctitia
1293 4200 1527 4270 quadam
1578 4199 1803 4263 virtute,

254 4286 458 4345 haeresis
490 4291 811 4357 exordium;
872 4299 1059 4361 postea
1094 4290 1334 4345 Valentis
1371 4289 1717 4360 imperatoris
1750 4289 1803 4341 in

1909 3110 2217 3181 episodium
2261 3111 2436 3167 credes
2468 3113 3007 3177 Thessalonicensis,
3050 3115 3481 3173 et-Antiochena

1911 3200 2112 3255 seditio
2135 3208 2415 3265 narratur,
2452 3209 2513 3255 ut
2537 3201 2832 3265 Ambrosii,
2851 3210 2907 3256 et
2933 3203 3196 3269 Flaviani,
3220 3206 3477 3262 Theodo~

1910 3291 2088 3362 siique
2112 3291 2370 3346 laudandi
2393 3294 2607 3348 occasio
2630 3295 2880 3363 capiatur
2905 3310 2919 3348 :
2948 3304 3202 3350 narratur
3224 3307 3281 3352 et
3304 3296 3482 3352 idolo-

1910 3398 2031 3437 rum
2076 3383 2519 3453 templorumque
2575 3383 2902 3448 destructio,
2946 3384 3302 3455 Flaviauique
3355 3390 3479 3442 cum

1911 3474 2241 3544 imperatore
2268 3473 2563 3529 collocutio
2589 3474 2658 3530 de
2683 3474 3004 3545 episcopatu
3034 3476 3396 3543 Antiocheno,
3425 3488 3482 3535 et

1911 3565 2288 3620 reconciliatio
2316 3581 2441 3620 eum
2469 3564 2947 3632 Occidentalibus,
2980 3582 3095 3621 rem
3123 3577 3482 3637 promovente

1908 3656 2108 3713 Acacio
2129 3673 2143 3722 ;
2166 3656 2397 3726 Eugenii
2420 3658 2686 3728 tyrannis,
2708 3656 3113 3725 Theodosiique
3136 3657 3366 3713 victoria
3400 3667 3482 3714 at-

1909 3766 2017 3820 que
2048 3750 2254 3805 obitus.
2292 3749 2526 3804 Venitur
2560 3749 2760 3805 deinde
2799 3750 2866 3803 ad
2910 3748 3131 3804 Arcadii
3161 3750 3477 3821 imperium,

1910 3851 2107 3904 resque
2135 3835 2531 3907 Chrysostomi,
2559 3837 2758 3906 quibus
2775 3837 2982 3906 prolixe
3012 3838 3292 3907 expositis,
3317 3840 3480 3911 285

1908 3926 2162 3980 laudatur
2204 3934 2259 3981 et
2305 3926 2615 3982 Alexander
2646 3927 3023 3983 Antioeheuus
3069 3929 3380 4000 episcopus,
3410 3940 3481 3987 ‘et

1908 4018 2085 4087 pietas
2106 4018 2402 4074 Theodosii
2420 4019 2663 4074 Junioris
2687 4035 2750 4074 ac
2777 4035 3054 4084 sororum,
3079 4029 3135 4075 et
3162 4021 3480 4080 Theodotus

1907 4108 2200 4163 Alexandri
2248 4125 2555 4175 successor,
2607 4111 2699 4181 qui
2735 4110 3151 4181 Apollinaristas
3184 4112 3252 4167 ad
3288 4114 3478 4169 Eccle-

1909 4200 2042 4255 siam
2071 4201 2311 4257 reduxit.
2344 4201 2608 4267 Tandem,
2647 4210 2866 4256 narrata
2894 4217 2993 4271 per
3015 4203 3319 4271 episodium
3344 4204 3471 4257 Per-

1910 4305 2094 4345 sarum
2138 4292 2541 4360 persecutione,
2583 4292 2866 4347 immensis
2904 4292 3157 4346 laudibus
3197 4294 3478 4347 extollitur

252 4375 486 4433 Arianam
510 4381 847 4450 impietatem
869 4380 1088 4450 lapsus;
1115 4379 1240 4434 inde
1263 4387 1575 4433 sanctorum
1592 4377 1805 4442 exsilia,
1840 4373 1881 4428 Β
1911 4380 2233 4435 Theodorus
2272 4381 2702 4450 Mopsuestcnus‘,
2754 4397 2815 4434 ac
2863 4380 2987 4434 ﬁnis
3030 4380 3275 4435 historia:
3306 4382 3478 4450 impo-

254 4476 355 4523 tum
393 4469 678 4524 Athanasii
719 4470 906 4524 obitus
930 4510 944 4533 ,
995 4469 1139 4524 Petri
1181 4468 1515 4522 successoris
1548 4467 1804 4522 catholici

250 4560 467 4623 vexatio,
515 4559 672 4615 Lucii
724 4559 912 4615 Ariani
953 4560 1114 4614 Petro
1155 4558 1370 4613 suﬁ‘ecti
1407 4558 1629 4613 infanda
1669 4559 1805 4614 faci—

250 4662 390 4713 nora,
421 4659 477 4704 et
510 4665 541 4703 a
577 4649 977 4704 Saracenorum
1006 4649 1183 4704 electo
1221 4648 1477 4718 episc0po
1511 4651 1809 4720 reprehen-

248 4739 355 4806 sio;
381 4740 641 4811 deinceps
660 4739 1392 4810 Constantinomlitanorum
1418 4755 1483 4795 ac
1512 4742 1809 4798 Antioche-

246 4846 431 4888 norum
464 4833 706 4890 ﬁdelium
733 4832 1065 4905 persecutio,
1100 4830 1342 4887 Flaviani
1370 4839 1423 4886 et
1458 4832 1684 4888 Diodori
1708 4849 1807 4904 pro

245 4921 342 4979 ﬁde
359 4924 691 4990 sollicitudo,
714 4932 1034 4980 sanctorum
1062 4924 1080 4943 ⁶
1103 4922 1499 4978 monachorum
1522 4939 1647 4978 eum
1673 4925 1810 4981 duo-

1907 4473 2076 4526 nitur.

1980 4563 2191 4619 XXVII.
2221 4562 2360 4618 Cum
2391 4577 2457 4618 ea
2497 4562 2567 4617 sit
2597 4562 2736 4617 ratio
2778 4564 2982 4632 operis,
3032 4561 3176 4632 quod
3222 4576 3476 4617 recense-

1911 4666 2054 4715 mus,
2093 4651 2319 4715 nemini,
2349 4650 2566 4721 opinor,
2590 4652 2868 4707 historicas
2889 4653 3023 4704 artis
3044 4650 3223 4720 perito
3244 4651 3476 4706 dubium

1910 4750 2013 4808 est,
2050 4744 2183 4812 quin
2209 4759 2335 4798 vere
2361 4743 2585 4798 inscribi
2620 4744 2818 4797 debeat
2851 4741 3117 4797 Haereseos
3149 4742 3364 4797 Arianae
3391 4743 3476 4797 hi-

1907 4833 2093 4885 storia.
2115 4832 2251 4887 Nam
2280 4847 2347 4887 ex
2379 4832 2514 4887 artis
2549 4838 2842 4902 prazcepto,
2876 4830 3055 4899 primo
3091 4829 3264 4900 ipsius
3293 4830 3477 4886 omnia

1906 4933 2340 4995 pertractantur;
2364 4924 2564 4978 deinde
2592 4931 2808 4987 cuncta,
2835 4936 2955 4992 quae
2973 4922 3316 4993 attinguntur
3347 4923 3473 4989 alia,

244 5014 340 5070 bus
358 5017 443 5072 his
468 5017 593 5073 ﬁdei
627 5016 1013 5075 defensoribus
1044 5014 1410 5084 conspiratio;
1436 5015 1719 5085 Ephremii
1751 5020 1807 5071 in
1906 5012 1972 5067 ad
2006 5013 2253 5068 eamdem
2282 5011 2615 5067 referuntur.

247 5106 408 5178 Syria,
442 5109 652 5180 Didymi
682 5106 1060 5171 Alexandria,
1092 5105 1390 5160 illustrium
1421 5105 1802 5176 episcoporum

246 5196 298 5251 iu
326 5197 542 5253 Pontica
577 5209 635 5254 et
662 5199 889 5263 Asiana,
919 5196 1135 5252 Damasi
1167 5206 1223 5250 et
1251 5196 1526 5251 Ambrosii
1552 5197 1605 5251 in
1642 5196 1801 5253 Occi-

246 5288 416 5357 dente,
457 5307 555 5361 pro
589 5290 696 5346 fide
735 5291 952 5347 sincera
989 5288 1267 5354 studium;
1297 5288 1532 5357 denique
1563 5288 1805 5343 Valentis

248 5381 507 5451 expeditio
525 5394 582 5439 et
603 5385 803 5447 caedes,
828 5381 1240 5451 Gothorumque
1262 5381 1328 5435 ad
1349 5380 1607 5435 Arianam
1633 5382 1805 5436 haere-

250 5470 325 5527 sin
356 5473 624 5530 abductio.

1980 5103 2215 5158 XXVIII.
2267 5104 2385 5159 Jam
2434 5118 2569 5159 vero
2616 5102 2899 5158 historiam
2945 5102 3087 5158 hanc
3132 5117 3199 5158 eo
3249 5103 3478 5159 consilio

1911 5195 2167 5265 scriptam
2192 5210 2332 5259 esse,
2366 5202 2427 5249 ut
2451 5194 2837 5249 ostenderetur
2856 5193 3010 5249 radix
3029 5207 3305 5256 errorum,
3340 5208 3479 5262 quos

1911 5285 2014 5339 sibi
2042 5286 2192 5340 visus
2216 5296 2300 5340 est
2335 5286 2713 5342 Theodorctus
2740 5286 2795 5340 in
2831 5286 3049 5356 scriptis
3091 5286 3262 5340 sancti
3291 5285 3476 5358 Cyriili

1909 5378 2119 5443 videre,
2157 5377 2302 5433 facili
2334 5378 2553 5449 negotio
2583 5377 2890 5433 conﬁcitur.

1981 5467 2169 5522 XXIX.
2206 5469 2476 5525 llocuerat
2500 5468 2734 5540 Cyrillus
2767 5468 2910 5523 inter
2942 5467 3130 5524 ambas
3149 5466 3353 5521 Christi
3382 5481 3477 5522 na-

1523 5604 1840 5661 SCHULZII
1889 5602 2117 5660 ΝΟΤΛΞ.

308 5704 499 5763 "Hist.
537 5707 723 5765 ecrles.
778 5705 817 5761 1.
866 5721 919 5767 v,
955 5719 1002 5757 c.
1040 5704 1091 5757 5.

452 5808 726 5870 ΡΑτιιοι..
772 5804 890 5863 Gn.
924 5801 1225 5862 LXXXIV.
