3926 6216
497 253 604 316 Ξ3ὔ

1632 245 2008 307 GARNERII
2044 245 2542 308 DISSERTATIO
2578 247 2659 308 Ιῐ.
3640 241 3730 304 236

497 378 646 421 turns
678 361 1022 418 intercedere
1046 359 1243 415 ἕνωσιν
1269 358 1501 429 φυσικὴν
1526 364 1581 411 et
1608 356 1732 410 καθ’
1755 355 2073 419 ὑπόστασιν,

2250 357 2493 428 Uterque
2534 355 2841 414 divinitatis
2891 354 3057 411 Verbi
3110 350 3611 409 vehementissimus
3648 354 3731 409 de-

500 455 551 511 td
567 462 671 520 est,
690 470 852 509 unam
866 470 987 510 esse
1002 452 1305 508 divinitatis
1317 458 1371 506 et
1386 450 1743 505 humanitatis
1760 448 2077 509 ὑπόστασιν,

2182 447 2372 503 fensor
2426 448 2547 502 fuit.
2588 447 2736 503 Nihil
2787 457 2938 503 certe
2985 445 3101 501 fere
3143 445 3295 500 aliud
3329 442 3645 499 Athanasius
3684 444 3731 498 in

499 565 731 619 eamque
757 547 1020 611 divinam,
1045 553 1101 598 et
1129 543 1294 599 Verbi
1333 541 1633 613 propriam.
1670 542 1779 596 Pro
1802 538 2082 612 hypostasi
2182 538 2408 611 scriptis
2433 539 2564 611 agit,
2593 538 2731 593 nihil
2761 537 3104 607 frequentius
3128 536 3182 590 in
3205 534 3550 590 sermonibus
3568 534 3733 589 Nesto-

503 646 763 710 posuerat
824 637 985 706 φύσιν
1019 652 1033 689 :
1067 649 1174 704 qua
1209 638 1496 702 potestate.
1518 628 1787 701 significat
1828 629 1881 683 id
1917 644 2081 683 omne

502 730 651 802 quod
667 729 964 800 opponitur
991 723 1220 797 σχετικῷ
1249 732 1304 779 et
1322 723 1534 789 morali,
1556 722 1701 778 unde
1716 722 2080 785 concluserat,

504 829 629 891 post
660 819 964 873 unitioncm
1005 830 1167 870 unam
1198 828 1319 868 esse
1350 813 1406 868 in
1443 812 1665 868 Christo
1696 810 1859 868 Verbi
1900 811 2082 866 incar-

507 911 619 969 ttati
657 911 840 979 φύσιν,
869 921 1105 977 vereque
1145 906 1255 962 dici
1299 906 1645 977 unigenitum
1671 905 1769 961 Dei
1798 904 1998 960 Filium
2026 903 2085 958 in

506 1020 672 1061 carne
701 1018 942 1075 passum.
977 1003 1250 1058 Doeuerat
1286 1000 1452 1055 etiam
1501 998 1766 1070 Spiritum
1810 1005 2083 1062 sanctum,

503 1115 614 1153 non
647 1113 677 1151 a
710 1098 870 1152 Patre
911 1104 1148 1161 tantum,
1187 1094 1285 1150 sed
1314 1093 1479 1149 etiam
1521 1108 1553 1148 a
1589 1091 1728 1147 Filio
1762 1088 2084 1161 procedere.

503 1191 807 1259 Utrumque
836 1187 1220 1243 'l‘heodoretus
1246 1186 1332 1241 vel
1365 1185 1602 1257 maligne
1634 1184 1702 1250 ⁸⁸,
1735 1192 1796 1238 ut
1824 1181 2087 1237 invidiam

501 1281 706 1353 Cyrillo
746 1280 988 1347 faceret;
1038 1280 1126 1334 vel
1185 1277 1607 1343 inconsiderate,
1651 1284 1879 1348 propter
1918 1272 2088 1329 animi

504 1372 1002 1445 perturbationem,
1052 1371 1443 1442 interpretatus
1481 1378 1567 1424 est
1615 1387 1630 1423 :
1679 1383 1850 1439 quare
1883 1367 2089 1439 Cyrillo

498 1464 749 1535 apprime
770 1463 1040 1518 catholico
1061 1461 1479 1517 consensionem
1505 1475 1628 1515 cum
1648 1457 1800 1524 Ario,
1814 1458 2090 1529 Apollina-

508 1556 590 1610 rio
624 1562 682 1610 et
724 1553 1044 1610 Macedonio
1072 1551 1276 1623 objecit
1307 1569 1320 1605 :
1355 1558 1411 1606 et
1449 1566 1573 1605 cum
1598 1549 1729 1605 Ario
1758 1548 1981 1620 quidem
2025 1562 2089 1603 ac

502 1646 865 1717 Apollinario,
900 1644 969 1700 de
1010 1660 1118 1699 una
1150 1642 1355 1699 Christi
1393 1651 1627 1709 natura;
1675 1657 1802 1696 cum
1834 1640 2088 1695 Macedo-

505 1738 599 1794 uio
630 1753 782 1803 vero,
820 1736 889 1793 de
923 1736 1162 1808 Spiritus
1191 1735 1367 1793 sancti
1398 1734 1768 1805 processione.

574 1828 746 1885 XXX.
780 1829 851 1886 Ut
880 1828 1049 1900 igitur
1080 1828 1265 1894 tacite,
1295 1835 1353 1883 et
1386 1826 1539 1882 velut
1568 1825 1716 1881 aliud
1745 1840 1933 1897 agens,
1961 1839 2093 1880 con-

505 1921 820 1979 sensionem
854 1935 980 1976 cum
1017 1920 1149 1976 Ario
1179 1919 1469 1985 ostendat,
1499 1916 1816 1983 Alexandri,
1854 1917 1949 1987 qui
1973 1915 2091 1987 pri-

501 2030 628 2070 mus
686 2013 746 2068 in
804 2011 1037 2085 Egypto
1093 2012 1286 2068 Arium
1345 2027 1472 2067 cum
1533 2010 1650 2066 suis
1717 2009 1970 2065 sectariis
2024 2025 2094 2065 ex

502 2105 752 2163 Ecclesia
779 2105 963 2177 ejecit,
1008 2105 1295 2176 epistolam
1334 2103 1569 2175 profert,
1613 2103 1669 2158 in
1696 2118 1806 2173 qua
1834 2102 1951 2158 Arii
1985 2102 2092 2159 im-

504 2198 680 2269 pietas
722 2197 917 2253 iisdem
963 2196 1081 2252 fcre
1134 2196 1399 2268 loquendi
1453 2195 1707 2250 formulis
1741 2195 2090 2265 exprimitur,

505 2289 702 2346 iisdem
724 2288 1035 2344 rationibus
1059 2289 1430 2361 impugnatur,
1456 2287 1661 2357 quibus
1684 2287 1872 2358 opinio
1890 2287 2094 2358 Cyrillo

504 2380 703 2447 alﬁcta,
726 2381 915 2452 utjam
932 2380 1062 2435 inde
1088 2394 1120 2434 a
1141 2378 1336 2449 quinto
1365 2395 1465 2436 suo
1489 2379 1780 2436 decessore
1804 2379 2095 2437 damnatus

504 2472 743 2545 Cyrillus
778 2470 1081 2525 videretur.

576 2561 772 2621 XXXI.
815 2560 1247 2619 Consensionem
1302 2578 1428 2619 cum
1467 2563 1808 2635 Apollinario
1850 2563 2095 2621 insinuat

507 2673 632 2714 cum
658 2655 908 2728 exposito
939 2670 1152 2711 errore.
1189 2675 1207 2708 ι
1245 2656 1325 2711 Ex
1358 2656 1482 2723 hac,
1518 2656 1786 2726 inquit",
1818 2657 2005 2713 radice
2037 2657 2095 2713 in

505 2748 767 2806 Ecclesiis
802 2758 993 2804 natum
1018 2757 1122 2814 est,
1154 2749 1301 2820 quod
1341 2764 1451 2805 una
1493 2751 1676 2807 carnis
1702 2758 1760 2807 et
1790 2750 2096 2807 divinitatis

504 2848 705 2897 natura
725 2840 951 2907 dicitur,
996 2840 1254 2911 quodque
1284 2841 1565 2913 Unigeniti
1605 2841 1886 2897 divinitati
1912 2843 2095 2913 passio

505 2933 824 3000 ascribitur,
867 2941 925 2988 et
957 2931 1065 2988 alia
1095 2931 1150 2986 id
1182 2947 1377 3003 genus,
1424 2930 1493 2985 de
1528 2931 1732 3002 quibus
1765 2934 2095 3003 populorum

504 3022 969 3092 sacerdotumque
1007 3020 1312 3077 certamina
1347 3018 1702 3075 exstiterunt.
1742 3021 1946 3078 Verum
1976 3022 2094 3079 haec

504 3113 731 3185 quidem
766 3121 957 3184 postea
979 3113 1351 3184 contigerunt.
1389 3132 1408 3165 ι

576 3213 594 3230 ‘
625 3206 842 3262 XXXII.
873 3206 1311 3261 Consensionem
1352 3206 1558 3277 pariter
1606 3223 1733 3263 cum
1775 3208 2096 3263 Macedonio

505 3298 711 3363 innuit,
735 3313 863 3353 cum
890 3297 1084 3369 synodi
1110 3298 1371 3353 Romanae
1403 3299 1507 3353 sub
1538 3299 1771 3355 Damaso
1793 3300 2095 3357 confessio-

505 3405 633 3447 nem
671 3389 796 3444 tidei
832 3388 1040 3459 profert
1069 3389 1126 3443 in
1153 3389 1273 3444 haec
1292 3390 1460 3445 verba
1488 3392 1533 3423 ⁹¹
1571 3408 1585 3445 :
1623 3410 1640 3443 ι
1671 3391 1942 3458 Quoniam
1970 3404 2097 3465 post

505 3480 804 3538 concilium
851 3479 1018 3551 286
1060 3479 1344 3534 Nicrenum
1388 3480 1480 3536 hic
1528 3497 1686 3538 error
1736 3488 1981 3553 emersit,
2034 3495 2097 3541 ut

505 3571 732 3643 quidam
761 3585 856 3626 ore
885 3571 1115 3641 profano
1141 3571 1325 3626 dicere
1358 3571 1616 3637 audeant,
1666 3573 1933 3645 Spiritum
1967 3592 2097 3631 san-

506 3671 657 3719 ctum
710 3678 811 3733 per
865 3661 1065 3717 Filium
1112 3661 1319 3718 factum
1366 3678 1517 3729 esse,
1570 3666 2097 3724 anathematizamus

505 3774 622 3826 eos,
646 3757 742 3829 qui
772 3772 884 3812 non
917 3755 1202 3812 liberrime
1222 3756 1527 3827 praedicant
1547 3758 1812 3829 Spiritum
1844 3768 2096 3816 sanctum

507 3849 673 3905 unius
706 3847 1065 3921 ejusdemque
1089 3862 1216 3903 cum
1240 3848 1404 3905 Patre
1428 3856 1487 3905 et
1512 3849 1652 3905 Filio
1687 3850 2008 3909 substantiae
2033 3869 2097 3909 ac

507 3940 800 4013 potestatis
826 3940 1115 3996 exsistere.
1144 3958 1163 3991 ι

579 4033 821 4088 XXXIII.
874 4032 995 4089 Iam
1045 4046 1179 4087 vero
1231 4030 1521 4089 Nestorius
1562 4035 1666 4091 sub
1715 4036 2001 4093 Athanasii
2040 4048 2098 4095 et

507 4125 885 4199 Chrysostemi
930 4139 1165 4197 persona
1211 4132 1320 4179 tam
1364 4127 1625 4197 graphice
1664 4128 2001 4201 depingitur,
2034 4141 2097 4188 ut

509 4219 669 4276 facile
698 4216 919 4289 agnosci
951 4224 1118 4288 queat
1153 4217 1474 4283 lectoribus,
1503 4219 1589 4274 vel
1622 4220 1821 4277 leviter
1848 4224 2091 4280 attentis.

508 4312 637 4369 Fuit
663 4311 813 4368 enim
850 4309 1132 4366 Athanasii
1161 4309 1512 4381 Nestoriique
1548 4312 1663 4369 haec
1696 4314 2004 4372 similitudo
2030 4332 2095 4372 ac

506 4400 896 4460 convenientia
918 4401 987 4454 θ’.

576 4495 822 4566 Uterque
838 4491 1272 4564 patriarchatum
1294 4493 1483 4563 gessit,
1504 4494 1839 4551 Athanasius
1859 4495 2094 4552 Alexan-

507 4588 754 4652 drinum,
784 4584 1076 4642 Nestorius
1106 4582 1776 4655 Constantinopolitanum
1812 4606 1824 4640 :
1857 4595 2095 4659 uterque

508 4679 781 4736 haereseos
825 4676 1045 4732 Arianae
1101 4672 1410 4729 acerrimus
1466 4674 1814 4746 impugnator
1861 4677 2091 4743 exstitit,

509 4781 741 4837 eamque
769 4766 840 4821 ob
863 4782 981 4821 rem
1010 4762 1346 4820 Athanasius
1368 4762 1541 4818 libros
1574 4763 1769 4837 edidit,
1801 4776 1856 4822 et
1882 4782 2093 4822 sermo-

510 4870 611 4912 nes
628 4855 837 4911 nemini
858 4854 1093 4926 ignotos.
1115 4853 1304 4910 Edidit
1323 4853 1610 4909 Nestorius
1629 4854 1792 4909 etiam
1816 4872 2096 4914 sermones

510 4957 569 5004 et
601 4954 868 5003 tractatus
887 4947 1000 5017 jam
1031 4947 1301 5017 vulgatos,
1337 4956 1395 5001 et
1427 4946 1684 5018 insuper,
1731 4949 1824 5002 ubi
1856 4950 2095 5020 primum

511 5042 570 5097 in
590 5039 777 5096 sedem
800 5038 1165 5108 episcopalem
1188 5041 1349 5112 regiae
1378 5040 1529 5096 urbis
1555 5042 1824 5106 ascendit,
1862 5042 2091 5098 Ariano-

510 5145 635 5186 rum
659 5128 863 5198 templa
892 5127 1111 5182 evertit.

2185 633 2300 687 rius
2336 648 2350 686 :
2382 632 2489 687 hoc
2511 639 2693 686 tamen
2727 629 3068 695 discrimine,
3094 627 3239 698 quod
3266 627 3356 681 ille
3383 626 3456 679 ita
3481 625 3733 695 ὁμοούσιον

2185 738 2308 779 esse
2333 723 2660 778 Trinitatem
2681 723 3111 786 demonstraret,
3142 728 3203 774 ut
3227 734 3347 773 eam
3376 732 3500 772 eum
3532 718 3734 772 veritate

2186 815 2583 873 incarnationis
2623 814 2977 880 conciliaret;
3042 812 3211 867 vellet
3259 811 3361 866 iste
3422 810 3734 864 divinitatem

2188 910 2355 964 Verbi
2384 925 2510 964 cum
2549 910 2754 967 unione
2787 908 2909 962 καθ’
2943 906 3239 962 ὑπόστασιν
3271 919 3531 975 pugnare.

2258 1001 2501 1071 Uterque
2545 1001 2821 1055 Nieamam
2872 998 3034 1053 ﬁdem
3088 996 3377 1067 magnifice
3416 992 3734 1064 depmdicat,

2188 1090 2339 1147 velut
2360 1092 2600 1157 unicam,
2622 1106 2744 1161 quae
2760 1089 3012 1154 sufﬁciat,
3039 1088 3165 1142 fidei
3189 1086 3430 1157 regulam
3457 1102 3470 1138 :
3489 1084 3579 1139 sed
3595 1083 3740 1139 Atha'

2191 1183 2397 1247 nasius,
2427 1193 2487 1238 ut
2511 1198 2671 1237 veros
2693 1183 2927 1237 Arianos
2959 1181 3305 1250 impugnaret
3329 1196 3342 1242 ;
3373 1177 3664 1240 Nestorius,
3689 1183 3740 1230 ut

2190 1274 2260 1330 iis
2279 1275 2595 1341 detrahens,
2617 1291 2757 1346 quos
2783 1274 3001 1328 Ariana:
3025 1273 3299 1327 haereseos
3321 1284 3418 1340 per
3441 1267 3738 1324 calumniam

2191 1382 2316 1422 reos
2349 1366 2606 1437 tingebat;

2262 1459 2507 1529 Uterque
2554 1459 2623 1513 ab
2660 1459 3021 1529 imperatore,
3069 1466 3131 1512 ut
3170 1456 3512 1528 jactabatur,
3554 1451 3742 1510 artibus

2190 1551 2576 1621 episcoporum
2603 1551 2817 1616 deluso,
2841 1551 3090 1622 dejectus
3116 1559 3201 1604 est
3229 1549 3298 1603 de
3325 1547 3455 1603 sede
3488 1565 3503 1601 :
3528 1546 3741 1601 Athana-

2194 1645 2313 1701 sius
2332 1661 2365 1700 a
2384 1643 2767 1708 Constantino,
2797 1658 2962 1714 quem
2987 1642 3293 1707 Eusebius;
3321 1648 3380 1696 et
3406 1656 3437 1696 a
3455 1639 3741 1700 Constante,

2193 1753 2357 1810 quem
2399 1738 2640 1793 Euzoius
2672 1736 3001 1806 deceperat;
3044 1734 3335 1789 Nestorius
3374 1748 3405 1787 a
3445 1731 3742 1792 Theodosio,

2193 1846 2358 1903 quem
2389 1828 2624 1901 Cyrillus
2649 1843 2747 1900 per
2768 1828 2908 1884 aulae
2934 1826 3216 1883 ministros
3239 1822 3653 1882 circumvenisse
3677 1821 3747 1876 di-

2193 1922 2443 1978 cebatur.

2259 2014 2503 2085 Uterque
2534 2029 2780 2069 sororem
2820 2011 3194 2083 imperatoris,
3239 2026 3367 2082 qua:
3418 2023 3593 2065 rerum
3621 2006 3745 2077 poti-

2195 2116 2371 2172 retur,
2400 2106 2735 2161 contrariam
2757 2121 2822 2160 ac
2850 2104 3121 2160 infensam
3158 2110 3423 2173 expertus
3448 2109 3529 2156 est
3555 2118 3567 2154 :
3599 2097 3746 2154 Atha-

2194 2199 2385 2255 nasius
2441 2198 2819 2254 Constantiam
2862 2196 3246 2262 Constantini,
3303 2193 3588 2250 Nestorius
3638 2189 3746 2245 Pul-

2195 2290 2440 2346 cheriam
2483 2288 2780 2344 Theodosii
2831 2302 3109 2353 sororem,
3157 2285 3351 2342 ambas
3399 2284 3747 2356 episcoporum

2195 2381 2413 2438 artibus
2447 2380 2730 2451 impulsas.

2266 2474 2511 2544 Uterque
2536 2474 2591 2528 in
2618 2472 2873 2529 exsilium
2900 2472 3095 2543 pulsus
3125 2480 3211 2528 est
3237 2471 3307 2527 ab
3334 2470 3655 2541 imperatore
3671 2480 3749 2521 ar-

2195 2568 2346 2624 tibus
2370 2568 2813 2623 adversariorum
2853 2567 3086 2637 decepto
3123 2583 3137 2621 :
3174 2565 3511 2621 Athanasius
3554 2561 3748 2633 quidem

2195 2676 2226 2716 a
2254 2659 2636 2725 Constantino,
2668 2675 2832 2729 quem
2869 2658 3059 2713 Ariani
3085 2657 3378 2713 fraudibus
3406 2658 3748 2711 circumvene-

2195 2762 2350 2821 rant;
2396 2753 2686 2809 Nestorius
2726 2768 2757 2807 a
2801 2739 3136 2816 Theodosio,
3175 2750 3662 2821 Apollinariorum,
3700 2751 3751 2797 ut

2196 2845 2419 2915 quidem
2468 2843 2573 2899 sibi
2627 2841 2998 2914 persuadebat
3049 2840 3472 2907 Theodoretus,
3518 2837 3649 2893 dolis
3693 2834 3749 2888 il-

2196 2934 2337 2989 luso.

2262 3025 2508 3095 Uterque
2542 3040 2673 3079 suos
2704 3023 2902 3079 habuit
2924 3032 3144 3095 apertos
3175 3022 3515 3087 defensores,
3548 3021 3634 3077 sed
3659 3032 3752 3090 prae

2196 3115 2534 3171 adversariis
2565 3132 2769 3187 paucos
2805 3134 2817 3169 :
2860 3124 2916 3171 et
2942 3116 3233 3186 utriusque
3263 3115 3581 3171 defensores
3609 3128 3665 3169 ea
3695 3111 3752 3166 de

2197 3222 2361 3264 causa
2415 3209 2858 3278 persecutionem
2896 3209 3072 3279 passi,
3119 3208 3384 3280 depositi,
3426 3210 3579 3281 ejecti
3622 3208 3753 3262 urbi-

2197 3302 2322 3367 bus,
2351 3308 2457 3356 etc.

2266 3394 2438 3448 Porro
2467 3402 2651 3448 autem
2674 3394 2719 3426 ⁸³
2748 3409 2875 3448 cum
2902 3394 3068 3449 vellet
3085 3395 3245 3465 287
3265 3395 3639 3451 Theodoretus
3661 3393 3755 3448 Ne-

2197 3486 2432 3542 storium
2456 3485 2775 3552 defendere,
2797 3502 2900 3542 nec
2932 3485 3202 3542 invidiose
3234 3497 3441 3553 tamen,
3469 3499 3558 3543 aut
3581 3488 3754 3557 impor-

2198 3587 2330 3634 tune
2366 3578 2421 3634 id
2447 3593 2630 3650 agere,
2656 3579 2768 3633 duo
2798 3588 3060 3649 prtestare
3081 3581 3275 3635 statuit
3300 3598 3312 3634 :
3340 3582 3592 3645 alterum,
3614 3581 3755 3633 silere

2195 3686 2398 3727 nomen
2418 3672 2680 3738 Nestorii,
2708 3672 2911 3743 quippe
2945 3672 3167 3728 invidiae
3190 3673 3439 3744 plenum,
3463 3684 3515 3727 et
3540 3674 3754 3726 alienum

2197 3778 2228 3819 a
2290 3764 2458 3819 rebus
2511 3773 2844 3835 temporum,
2904 3781 3027 3835 qua:
3079 3766 3470 3836 persequitur;
3525 3765 3754 3825 alterum,

2196 3856 2497 3912 Diodorum
2530 3858 2855 3913 Tarsensem
2877 3865 2932 3913 et
2954 3858 3306 3914 Theodorum
3343 3860 3755 3931 ansuestenum

2196 3956 2422 4018 propter
2446 3947 2572 4002 fidei
2594 3948 2840 4002 studium
2871 3957 2926 4004 et
2951 3947 3216 4004 doctrinae
3242 3947 3647 4009 rectitudinem,
3672 3945 3757 3998 im--

2198 4042 2407 4096 mensis
2458 4040 2718 4096 laudibus
2766 4041 3050 4097 extollere.
3109 4040 3246 4096 Cum
3298 4042 3446 4095 enim
3512 4038 3758 4094 Diodorus

2199 4132 2499 4198 Theodori,
2544 4132 2871 4188 Theodorus
2918 4132 3159 4187 Nestorii
3201 4134 3465 4203 magister
3511 4129 3677 4200 reipsa
3712 4133 3760 4178 ct

2200 4221 2417 4287 fuisset,
2444 4236 2499 4278 et
2532 4222 2600 4277 ab
2632 4222 2890 4277 omnibus
2926 4221 3094 4276 fuisse
3122 4230 3567 4292 cognosceretur,
3604 4212 3757 4271 artifi-

2200 4314 2348 4368 ciosa
2374 4313 2476 4368 fuit
2495 4314 2612 4368 hmc
2630 4312 2939 4382 callidaque
2961 4320 3016 4367 et
3038 4311 3226 4367 efficax
3243 4311 3569 4366 defendendi
3586 4310 3758 4364 Nesto-

2128 4406 2169 4462 D
2199 4405 2268 4461 rii
2298 4406 2461 4470 ratio,
2486 4407 2789 4476 przesertim
2815 4420 2940 4459 cum
2964 4404 3203 4477 Cyrillus
3228 4404 3447 4459 audiret
3466 4399 3758 4457 eorumdem

2200 4498 2392 4562 trium,
2432 4497 2679 4562 Diodori,
2702 4495 3003 4558 Theodori,
3040 4504 3096 4550 et
3129 4494 3368 4550 Nestorii
3415 4494 3759 4563 impugnator,

2201 4587 2635 4656 credereturque
2668 4584 3009 4655 impngnatio
3040 4584 3210 4638 etiam
3243 4598 3274 4638 a
3308 4583 3513 4638 sanctis
3541 4596 3605 4635 ex
3636 4575 3761 4631 invi-

2201 4678 2292 4733 dia
2321 4679 2557 4748 quadam
2584 4678 2756 4732 nasci.

2275 4770 2517 4825 XXXIV.
2564 4770 2693 4825 Visa
2744 4769 2849 4824 fuit
2892 4768 3246 4824 Theodoreto
3283 4765 3585 4823 similitudo
3622 4763 3761 4828 longe

2202 4864 2379 4933 major
2421 4861 2563 4916 inter
2588 4861 2900 4916 Nestorium
2938 4871 2996 4913 et
3035 4858 3490 4931 Chrysostomum
3525 4855 3591 4906 “.
3644 4852 3763 4906 Nam

2206 4964 2439 5025 uterque
2482 4954 2727 5024 ejusdem
2774 4952 2879 5006 loci
2912 4942 3218 5005 monachus
3263 4950 3385 5015 fuit,
3428 4947 3763 5019 ejusdemque

2203 5045 2563 5100 Antiochenzc
2586 5045 2844 5099 Ecclesiae
2869 5044 3158 5115 presbyter
3192 5061 3206 5096 :
3244 5052 3476 5111 uterque
3510 5035 3762 5094 dissiden-

2207 5137 2354 5191 tibus
2372 5136 2995 5207 Constantinopolitanis
3024 5135 3242 5190 clericis
3273 5134 3400 5189 inde
3433 5139 3682 5187 evocatus
3704 5120 3762 5179 ad

1909 5262 2227 5321 SCIIULZII
2264 5265 2499 5324 ΝΟΤᾹΞ.

577 5376 623 5407 ⁸⁸
646 5373 831 5445 Tacite
861 5387 994 5445 vero
1013 5370 1118 5445 hoc
1134 5372 1315 5443 egisse
1331 5370 1537 5445 dicitur
1562 5373 1706 5445 δδο.
1782 5377 1827 5407 νο
1844 5375 1982 5431 Hist.
2022 5378 2202 5433 coclea.
2238 5380 2277 5433 Ι.
2308 5396 2362 5445 v,
2392 5396 2441 5435 c.
2477 5378 2530 5434 5.
2608 5379 2650 5411 ἰ
2679 5378 2816 5433 ibid.
2846 5380 2885 5434 l.
2911 5396 2963 5443 v,
2989 5395 3039 5434 c.
3064 5381 3149 5434 ll.

3225 5381 3271 5412 ν’
3305 5379 3447 5434 Sane
3470 5392 3580 5431 non
3610 5380 3762 5429 tanta.

515 5455 580 5529 ut
598 5442 884 5529 veritatem
910 5442 1296 5529 hypotheseos,
1329 5443 1382 5497 in
1411 5442 1838 5529 cujus'favorem
1866 5446 1982 5505 haec
2010 5450 2196 5529 omnia
2220 5442 2421 5529 scripta
2447 5450 2793 5529 sunt,__n_obis
2824 5442 3155 5529 persuadere
3179 5450 3368 5521 possit.
3446 5446 3645 5529 9'Quis
3666 5457 3763 5524 non

509 5518 741 5597 miretur
763 5513 1039 5597 Garnerii,
1063 5529 1131 5568 an
1172 5513 1347 5568 dicam
1371 5513 1766 5597 perspicaciam
1801 5518 1857 5571 in
1881 5520 2153 5597 emendis
2196 5513 2417 5575 areanis
2457 5521 2727 5597 consiliis,
2752 5513 2872 5589 qua:
2921 5513 3293 5583 Theodoreto,
3328 5534 3453 5573 cum
3492 5516 3764 5596 Historiam

509 5585 689 5667 ecclea.
715 5586 1019 5667 scriberet,
1058 5599 1189 5667 sane
1211 5586 1741 5667 “tintininnm-entgm
1772 5589 2253 5667 venirepoterant,
2285 5606 2354 5644 an
2387 5585 2884 5667 pertinacissimum
2916 5592 3036 5667 ejus
3065 5592 3120 5645 in
3142 5589 3449 5646 accusando
3468 5585 3765 5667 “enimman-

508 5660 689 5727 doque
715 5654 1384 5732 Theodoreto_studi_um‘!
1463 5656 1508 5688 “
1540 5658 1618 5712 Ex
1649 5654 1995 5713 Theodoreti
2022 5660 2181 5714 libris
2224 5654 2326 5715 hoc
2370 5654 2591 5732 probari
2634 5663 2842 5731 nequit.
2888 5654 2998 5717 Nec
3043 5661 3229 5717 videre
3261 5660 3431 5715 voluit
3462 5654 3764 5718 Carnerius,

502 5725 673 5799 quam
709 5726 911 5783 distent
941 5742 1049 5783 'era
1083 5725 1303 5799 lupinis.
