3926 6216
270 276 371 341 237

1428 280 1523 340 DE
1561 282 1814 343 LIBRIS
1848 284 2351 345 THEODORETI.

3409 293 3514 355 233

271 390 638 461 episcopatum
662 387 822 444 urbis
846 388 1027 461 regite,
1052 397 1274 459 propter
1294 387 1620 459 eloquentiae
1635 399 1691 445 et
1712 406 1840 446 sau-
1874 398 1915 453 Α
1946 393 2215 448 hactenus
2240 393 2573 464 interpretes
2598 395 2862 466 quinque,
2889 397 3038 467 quod
3073 397 3294 469 quidem
3320 401 3511 466 sciam,

273 480 540 537 ctimouite
563 479 789 535 famam.
824 481 1066 550 Uterque
1088 480 1226 535 aulm
1260 480 1526 553 principis
1561 492 1620 538 et
1649 483 1843 538 civita-

277 574 344 629 tis
362 571 559 642 populo
574 580 801 642 gratus;
825 581 1057 641 uterque
1082 571 1298 627 clericis
1320 582 1376 628 et
1402 575 1684 630 monachis
1706 575 1848 630 Con-

277 664 767 735 stantinopolitanm
819 665 1077 719 Ecclesia:
1111 664 1311 735 gravis.
1349 666 1593 735 Uterque
1625 666 1846 721 Arianis

278 757 540 822 infensus,
572 772 815 827 quorum
851 757 1122 812 coitiones
1154 756 1604 828 Chrysostomus,
1644 758 1844 828 templa

276 850 548 905 Nestorius
567 849 815 903 sustulit.
847 849 1086 919 Uterque
1111 848 1167 903 in
1190 849 1547 904 oﬂ‘ensionem
1578 851 1835 920 Augusta:

276 942 417 996 venit
458 950 685 1010 propter
728 940 1217 1010 reprehensionem
1255 941 1518 997 Eudoxiaa
1547 957 1577 996 a
1606 941 1843 1015 Chryso—

276 1042 461 1098 stomo,
485 1033 795 1088 Pulcherize
828 1049 860 1087 a
887 1033 1175 1100 Nestorio;
1211 1042 1442 1104 uterque
1471 1034 1751 1104 depositus
1783 1034 1841 1089 in

275 1122 470 1193 synodo
514 1122 586 1176 ab
618 1121 994 1178 Alexandrino
1038 1124 1292 1193 praesule,
1349 1123 1769 1195 Chrysostomus
1808 1140 1840 1178 a

276 1212 589 1282 Theophila,
630 1214 924 1268 Nestorius
946 1230 976 1268 a
1000 1213 1240 1285 Cyrillo;
1278 1225 1510 1285 uterque
1534 1215 1745 1285 ejectus
1782 1215 1840 1269 in

274 1305 539 1360 desertum
562 1305 820 1360 exsilium
844 1314 900 1359 et
927 1321 957 1360 a
972 1306 1227 1361 Barbaris
1248 1306 1503 1363 infestum
1519 1347 1533 1373 ,
1559 1306 1838 1362 Cucuzum

272 1396 707 1468 Chrysostomus,
732 1395 918 1452 Oasim
939 1398 1246 1454 Nestorius.
1280 1399 1522 1468 Uterque
1545 1398 1615 1454 ab
1642 1398 1837 1454 eodem

270 1488 595 1557 imperatore
640 1499 953 1553 revocatus,
1010 1505 1040 1544 a
1090 1504 1202 1559 quo
1248 1490 1573 1545 amandatus
1615 1488 1834 1555 fuerat,

269 1579 689 1651 Chrysostomus
725 1580 794 1635 ab
830 1580 1086 1646 Arcadio,
1127 1581 1415 1638 Nestorius
1442 1598 1474 1637 a
1502 1583 1831 1638 Theodosio.

269 1671 499 1742 Uterque
528 1672 662 1727 dum
692 1672 922 1737 rediret,
945 1672 1001 1726 in
1031 1672 1119 1728 via
1143 1672 1270 1728 vita:
1294 1672 1457 1729 finem
1484 1674 1636 1730 fecit.
1677 1674 1837 1731 Uter-

1946 484 2288 554 Epiphanius
2334 484 2739 553 Scholasticus,
2780 488 3099 545 Joachimus
3142 490 3509 559 Camerarius,

1944 572 2180 628 Joannes
2224 574 2797 645 ChristOphorsonus,
2863 578 3105 634 Jacobus
3161 580 3509 647 Sirmondus,

1947 662 2217 718 Henricus
2244 665 2514 721 Valesius.
2552 668 2743 723 Vcrsio
2769 685 2890 739 qum
2925 671 3217 740 Epiphanii
3251 684 3356 738 est,
3391 675 3510 729 Tri-

1945 756 2156 826 partita:
2184 757 2417 812 historia:
2443 758 2706 813 inseritur
2726 778 2737 812 :
2756 776 2879 830 quae
2901 761 3224 831 Camerarii,
3252 765 3400 821 edita
3427 775 3513 822 est

1943 845 2166 902 Basilete
2187 847 2446 917 primum,
2474 849 2672 905 deinde
2694 852 2948 920 Parisiis;
2978 870 3100 924 qua:
3124 855 3514 928 Christophor-

1942 938 2098 1004 soni,
2144 938 2352 1009 prodiit
2386 939 2618 997 Genera:
2654 958 2800 999 anno
2835 944 3003 1011 16l2;
3051 963 3174 1017 qua:
3208 946 3508 1015 Sirmondi,

1940 1029 2164 1085 Parisiis
2185 1046 2329 1086 anno
2352 1031 2488 1086 1642
2509 1049 2525 1096 ;
2546 1048 2667 1102 qua:
2690 1035 2909 1099 Valesii,
2943 1037 3149 1093 ibidem
3182 1039 3314 1094 1675
3337 1040 3405 1094 ³⁸.

2014 1120 2300 1176 XXXVIII.
2323 1122 2447 1177 Non
2483 1123 2703 1179 videtur
2740 1126 3078 1197 Epiphanius
3111 1130 3513 1187 scientissimus

1939 1209 2253 1266 Latinitatis
2278 1210 2448 1268 fuisse
2481 1230 2495 1267 :
2522 1229 2692 1283 quare
2715 1231 2825 1271 non
2854 1228 2940 1272 est
2964 1219 3311 1274 exactissima
3336 1221 3510 1276 inter-

1940 1304 2198 1373 pretatio,
2254 1320 2420 1374 quam
2461 1306 2789 1361 elaboravit.
2840 1307 3007 1363 Suam
3068 1311 3395 1368 Sirmondus
3439 1329 3510 1368 ex

1938 1393 2154 1451 duabus
2192 1396 2471 1465 prioribus
2488 1396 2787 1453 Camerarii
2807 1409 2864 1455 et
2889 1398 3374 1472 Christophorsoni
3391 1403 3508 1460 fere

1936 1492 2107 1541 tetam
2128 1487 2478 1542 concinnavit
2507 1488 2574 1543 ".
2598 1489 2850 1544 Valesius
2880 1506 3075 1546 novam
3106 1494 3356 1558 tentavit,
3384 1495 3508 1549 aliis

1935 1593 2045 1631 non
2068 1586 2380 1633 contentus.
2414 1578 2642 1634 Addidit
2672 1587 2728 1635 et
2755 1590 2913 1637 notas
2949 1582 3195 1639 eruditas
3224 1599 3376 1650 sane,
3409 1585 3508 1642 sed

1935 1668 2122 1737 plures
2147 1668 2549 1739 grammaticas,
2584 1686 2744 1739 quam
2774 1671 3083 1728 historicas.

267 1779 365 1834 que
396 1774 521 1834 post
543 1765 763 1819 obitum
790 1773 996 1819 sectam
1025 1765 1113 1819 sui
1137 1765 1376 1821 nominis
1407 1766 1621 1831 habuit,
1656 1782 1689 1821 a
1726 1782 1834 1837 qua
1869 1773 1909 1828 Β
2004 1757 2264 1812 Eamdem
2292 1757 2580 1813 historiam
2604 1773 2634 1814 e
2655 1759 2823 1814 Gallis
2853 1760 3149 1817 ediderunt
3168 1762 3277 1819 duo
3298 1781 3310 1818 :
3329 1780 3508 1835 nuper

266 1858 558 1922 coleretur,
592 1856 976 1913 Joannitarum
1005 1856 1447 1929 Chrysostomus,
1473 1859 1830 1915 Nestoriano-

266 1966 382 2004 rum
424 1950 829 2005 monachorum
895 1949 1203 2005 Nestorius.
1256 1950 1554 2020 Utriusque
1609 1950 1832 2006 tandem

265 2044 407 2099 velut
421 2042 682 2113 martyris
698 2041 962 2111 reliquias
977 2041 1062 2096 sui
1080 2025 1520 2111 conquisierunt,
1545 2043 1692 2112 quod
1707 2059 1832 2098 cum

265 2133 329 2189 de
345 2134 738 2205 Chrysostomo
766 2133 840 2189 sit
863 2132 1077 2187 cunctis
1104 2141 1316 2199 notum,
1340 2132 1409 2188 de
1429 2133 1682 2189 Nestorio
1702 2149 1835 2189 con-

264 2234 364 2280 stat
398 2242 465 2280 ex
492 2224 728 2295 Evagrio
765 2224 865 2278 lib.
904 2238 940 2278 ιι
988 2222 1255 2288 Ηίθεοι-ξω,
1299 2239 1422 2295 cap.
1461 2224 1529 2290 2,
1570 2225 1829 2281 laudante

265 2316 576 2393 Zachariam
598 2316 904 2371 rhetorem.

329 2406 543 2462 XXXV.
577 2405 707 2462 Fuit
735 2407 1028 2462 Flavianus
1058 2417 1267 2479 martyr
1300 2423 1496 2479 magna
1529 2411 1545 2429 ⁹
1585 2424 1713 2479 pars
1747 2408 1832 2462 hi-

263 2498 455 2564 storiae,
491 2514 663 2568 quam
693 2497 1075 2553 Theodoretus
1103 2497 1419 2565 adumbrat,
1463 2499 1695 2570 ideoque
1724 2499 1830 2554 sub

259 2590 431 2645 aliena
449 2591 622 2646 etiam
649 2605 889 2662 persona
912 2589 1213 2653 inducitur,
1240 2598 1381 2644 eteo
1404 2590 1626 2660 quidem
1647 2590 1828 2646 liben-

260 2683 383 2746 tius,
425 2684 573 2753 quod
630 2684 981 2753 coniunctam
1033 2683 1261 2738 haberet
1308 2698 1433 2737 cum
1482 2683 1829 2739 Theodoreto

256 2791 470 2830 causam
510 2794 524 2828 :
556 2791 684 2829 nam
710 2775 767 2828 in
799 2774 991 2829 eodem
1016 2784 1246 2845 uterque
1266 2774 1519 2840 concilio,
1545 2774 1613 2830 ab
1632 2775 1826 2830 eodem

255 2865 510 2921 Dioscoro
523 2866 1038 2935 Apollinarianismi
1062 2874 1315 2935 patrono,
1337 2874 1561 2936 propter
1578 2865 1826 2935 ejusdem

256 2954 378 3011 ﬁdei
407 2954 808 3019 defensionem,
837 2964 900 3009 ut
919 2955 1141 3025 quidem
1162 2954 1541 3009 Theodoretus
1563 2954 1666 3008 sibi
1699 2971 1825 3024 per-

256 3046 530 3110 suadebat,
565 3045 857 3115 depositus
894 3054 994 3100 est.
1033 3044 1192 3100 Hunc
1220 3044 1278 3099 in
1306 3045 1479 3099 Paulo
1504 3044 1819 3102 Constanti-

1936 1864 2099 1912 unus,
2111 1849 2374 1904 Dominus
2385 1848 2595 1915 Cousin,
2611 1851 2776 1906 curiae
2793 1852 3109 1908 monetarite
3124 1869 3343 1924 praeses;
3367 1856 3508 1911 alter

1932 1946 2059 1994 ante
2076 1954 2249 1994 annos
2260 1951 2482 1995 centum
2502 1941 2615 1996 fere
2631 1944 3075 2015 etquadraginta,
3091 1945 3355 2003 Martinus
3369 1948 3506 2004 Mat-

1934 2030 2132 2096 thzeus,
2149 2031 2301 2102 prior
2338 2033 2656 2088 Monasterii
2691 2035 2830 2089 Novi
2870 2036 3017 2106 apud
3042 2036 3314 2105 Pictavos,
3349 2041 3504 2096 ordi-

1932 2122 2020 2178 nis
2039 2121 2419 2180 Cluniacensis
2445 2142 2457 2178 :
2486 2132 2717 2196 uterque
2737 2127 2899 2182 laude
2919 2128 3136 2199 dignus,
3167 2130 3259 2185 ille
3279 2143 3505 2202 propter

1930 2212 2275 2283 elegantiam,
2298 2212 2400 2268 iste
2423 2222 2645 2284 propter
2671 2215 3065 2283 sinceritatem,
3090 2221 3342 2289 quamvis
3374 2221 3503 2277 bar"

1931 2302 2139 2357 haram.
2174 2303 2460 2358 Matthaeus
2485 2319 2552 2358 ex
2572 2303 2759 2360 Graeco
2779 2307 2965 2373 vertit,
2987 2307 3262 2365 Cousinus
3288 2327 3357 2367 ex
3374 2327 3500 2367 ver-

1931 2395 2085 2449 sione
2105 2394 2296 2449 Latina
2322 2394 2541 2450 Valesii.
2565 2396 2808 2466 Uterque
2839 2397 3214 2467 praefationem
3238 2401 3293 2454 in
3319 2401 3501 2458 fronte

1930 2486 2111 2555 operis
2142 2486 2272 2540 fecit
2311 2503 2325 2539 :
2359 2487 2457 2541 sed
2487 2487 2774 2542 Matthzeus
2793 2489 3017 2544 brevem
3046 2500 3212 2561 atque
3240 2492 3500 2562 epistola-

1930 2594 2066 2644 rem,
2092 2595 2200 2649 qua
2234 2580 2581 2635 commendat
2608 2582 2895 2638 historiam
2920 2584 2989 2638 ab
3025 2595 3368 2655 argumento,
3399 2603 3499 2643 au-

1929 2680 2081 2726 ctore
2136 2681 2192 2726 et
2251 2673 2525 2739 utilitate;
2567 2673 2840 2729 Cousinus
2885 2675 3328 2744 prolixissimam,
3391 2695 3501 2749 qua

1928 2761 2091 2817 ﬁdem
2142 2764 2470 2819 Theodoreti
2516 2765 2781 2821 adversus
2832 2767 3237 2823 accusationem
3277 2771 3500 2826 Patrum

1926 2855 2241 2924 aequalium,
2258 2856 2771 2927 damnationemque
2784 2859 3145 2915 conciliorum
3163 2863 3501 2932 generalium

1926 2947 2092 3016 289
2116 2956 2371 3016 quatuor,
2396 2958 2453 3002 et
2483 2964 2821 3004 summorum
2847 2951 3169 3020 pontiﬁcum
3187 2953 3347 3026 longe
3373 2957 3498 3026 plu-

1928 3038 2073 3091 rium
2120 3038 2417 3094 defendere
2465 3048 2716 3094 conatur.
2766 3041 2945 3108 Quare
2997 3042 3052 3097 id
3100 3043 3205 3113 ipsi
3246 3047 3495 3118 contigit,

257 3138 567 3207 nopolitano
604 3137 675 3192 ab
709 3138 933 3193 Arianis
979 3138 1195 3207 dejecto
1236 3137 1311 3191 ita
1343 3145 1719 3207 repraesentat,
1760 3146 1821 3191 ut
1848 3121 1890 3177 (ἶ
1924 3130 2071 3199 quod
2092 3130 2231 3185 Solet
2256 3145 2463 3202 magum
2493 3131 2737 3199 quidem,
2763 3132 2858 3187 sed
2884 3133 3178 3203 deplorata:
3201 3152 3378 3194 causa;
3398 3155 3497 3209 pa-

254 3229 343 3283 vi;
372 3230 670 3300 quidquam
721 3231 766 3261 es
816 3245 985 3283 unum
1032 3228 1194 3284 ειιιθτί
1239 3229 1473 3283 similius
1505 3229 1671 3298 288
1702 3243 1823 3282 esse
1927 3221 2122 3275 tronis.
2153 3221 2295 3277 Usus
2337 3230 2423 3275 est
2459 3221 2782 3291 exceptione
2821 3222 2942 3278 falsi
2984 3225 3246 3281 adversus
3284 3228 3496 3285 instru-

255 3322 436 3391 possit.
473 3323 679 3378 Paulus
705 3321 851 3376 enim
884 3321 1090 3391 pariter
1119 3328 1283 3390 atque
1320 3319 1632 3383 Flavianus,
1674 3318 1822 3373 Con-
1924 3323 2107 3367 menta
2129 3312 2553 3382 probatissima;
2584 3313 2727 3369 facta
2755 3315 2950 3370 callide
2979 3316 3093 3372 fere
3127 3320 3308 3374 omnia
3331 3321 3495 3377 aliter

257 3414 753 3483 stantinopolitante
789 3411 1045 3467 Ecclesia:
1074 3411 1291 3482 praefuit
1325 3428 1338 3464 :
1371 3419 1604 3479 uterque
1639 3418 1819 3464 recto-
1922 3420 2087 3475 quam
2112 3404 2473 3471 accidissent,
2492 3406 2765 3476 exposuit,
2799 3414 2853 3462 et
2884 3407 3002 3476 ipsa
3033 3408 3200 3465 etiam
3233 3410 3492 3470 Ecclesia:

255 3517 368 3556 rum
394 3505 715 3574 dogmatum
756 3503 1011 3558 defensor
1042 3519 1074 3557 a
1108 3502 1457 3558 Theodoreto
1487 3501 1668 3556 dictus
1695 3509 1816 3565 est;
1924 3494 2094 3549 totius
2121 3495 2355 3574 concilia
2386 3495 2777 3551 inconsiderati
2807 3505 2862 3553 et
2890 3500 3165 3554 temerarii
3181 3501 3378 3572 ju‘dicii
3402 3520 3495 3560 ac-

251 3602 472 3664 uterque
520 3593 744 3649 Arianis
788 3603 883 3649 aut
926 3594 1256 3648 Arianorum
1305 3593 1482 3649 soboli
1536 3592 1815 3658 infensus;
1923 3558 2153 3642 cusavit.
2183 3588 2384 3643 Verum
2416 3588 2471 3642 id
2502 3589 2857 3644 tribuendum
2885 3605 2997 3645 non
3030 3591 3337 3651 defensoris
3362 3612 3491 3666 per-

253 3694 471 3756 uterque
516 3686 810 3741 seditionis
855 3685 1101 3740 conﬂatm
1125 3685 1473 3754 aliorumque
1519 3683 1817 3738 criminum
1918 3693 2086 3744 sonte,
2106 3679 2195 3733 cui
2219 3694 2317 3733 sua
2342 3678 2463 3734 laus
2487 3678 2702 3734 detrahi
2727 3697 2837 3735 non
2865 3681 3046 3748 debet,
3066 3685 3161 3739 sed
3187 3687 3493 3744 conditioni

253 3788 557 3845 accusatus;
601 3786 836 3848 uterque
855 3778 1117 3848 depulsus
1146 3776 1612 3848 thronojussione
1647 3776 1817 3845 impe-
1916 3784 2113 3835 causae,
2142 3786 2264 3840 quae
2294 3764 2379 3824 'vel
2410 3771 2613 3842 suscipi
2642 3788 2754 3827 non
2783 3772 3100 3838 debuit.vcl
3131 3777 3373 3847 defendi,
3403 3782 3489 3836 vel

254 3869 436 3926 ratoris
476 3871 548 3925 ab
584 3869 807 3924 Arianis
861 3869 1119 3939 impulsi;
1175 3877 1408 3939 uterque
1456 3869 1727 3937 relegatus
1756 3866 1813 3920 in

261 3958 504 4013 miserum
531 3956 713 4012 exsilii
746 3957 951 4021 locum,
977 3956 1178 4011 Paulus
1197 3954 1500 4019 Cucuzum,
1524 3952 1813 4007 Flavianus

254 4046 497 4118 Epipam;
542 4058 779 4117 uterque
807 4047 862 4101 in
885 4047 1079 4101 exsilio
1105 4046 1343 4104 violenta
1366 4052 1540 4099 morte
1570 4042 1808 4109 interiit;

255 4147 466 4210 uterque
508 4140 564 4195 id
601 4155 799 4210 passus
847 4139 1089 4208 potentia
1114 4138 1354 4192 hominis
1389 4136 1446 4190 in
1483 4136 1605 4189 aula
1630 4134 1810 4189 domi-

251 4230 415 4284 nantis
434 4247 450 4297 ;
469 4230 695 4295 Paulus,
722 4229 968 4300 prmfecti
994 4229 1251 4300 Philippi,
1293 4228 1606 4292 Flavianus,
1633 4243 1809 4280 cunu-

251 4319 328 4373 chi
352 4320 697 4392 Chrysaphii,
727 4328 838 4376 etc.

1916 3856 1996 3911 sic
2021 3857 2088 3911 ”.

2087 3983 2114 4055 §
2161 3984 2251 4039 III.
2279 3985 2513 4041 Historia
2546 3987 2813 4060 religiosa,
2841 3991 2948 4045 sive
2974 3992 3315 4050 Philotheus.

1984 4143 2023 4197 I.
2076 4141 2332 4212 Historia,
2367 4160 2489 4215 quae
2539 4146 2863 4202 inscribitur
2886 4148 3213 4219 Philotimus,
3239 4156 3487 4211 continet

1911 4237 2086 4307 elogia
2131 4236 2599 4291 sanctissimorum
2648 4246 2986 4304 ascetarum,
3037 4240 3131 4309 qui
3178 4243 3378 4310 partim
3426 4244 3485 4299 in

1910 4327 2153 4391 Oriente,
2192 4328 2389 4397 partim
2432 4328 2487 4382 in
2513 4328 2648 4387 locis
2681 4329 2878 4384 vicinis
2905 4331 3286 4388 admirabilem
3313 4336 3479 4390 vitam

308 4410 540 4466 XXXVI.
561 4412 822 4483 Ejusdem
845 4411 1090 4469 historice
1108 4428 1237 4482 pars
1260 4411 1427 4465 etiam
1451 4410 1554 4465 fuit
1580 4425 1808 4509 magnus
1841 4460 1882 4511 υ
1911 4420 2206 4476 duxerunt.
2252 4418 2394 4474 Sunt
2441 4428 2626 4474 autem
2681 4420 2761 4475 illi
2812 4423 3029 4493 triginta
3074 4425 3324 4491 omnino,
3373 4443 3483 4483 non

254 4499 592 4567 iIIeProclus,
630 4506 728 4572 qui
762 4502 831 4557 de
873 4502 1247 4557 incarnatione
1287 4502 1593 4556 orationem
1616 4499 1809 4553 habuit

252 4606 418 4645 coram
442 4593 719 4659 Nestorio,
743 4609 849 4663 qua
874 4595 1044 4648 Deum
1068 4609 1287 4663 passum
1312 4592 1449 4647 dixit
1473 4609 1486 4646 :
1514 4602 1569 4646 et
1596 4602 1804 4646 tomum

252 4683 452 4752 scripsit
472 4683 540 4739 ad
567 4686 856 4747 Armenes,
884 4699 994 4754 quo
1023 4693 1279 4754 excerpta
1315 4700 1381 4737 ex
1399 4684 1561 4738 libris
1583 4682 1802 4736 Diodori

252 4780 301 4826 et
320 4771 648 4829 Theodoreti
683 4775 975 4829 refutavit:
1000 4775 1149 4829 hunc
1190 4776 1245 4828 in
1276 4775 1523 4830 Eudoxio
1558 4775 1803 4845 ejusdem

254 4861 385 4917 sedis
403 4861 1020 4934 Constantinopolitanae
1048 4866 1279 4935 prmsule
1303 4866 1569 4936 depingit.
1596 4866 1803 4921 Caetera

255 4955 485 5021 persequi
511 4971 622 5009 non
653 4954 951 5009 admodum
977 4970 1116 5024 opus
1137 4964 1240 5009 est.

314 5041 561 5101 XXXVII.
584 5046 880 5101 Historiam
908 5047 1240 5101 Theodoreti
1277 5046 1526 5101 Latinam
1552 5046 1805 5101 fecerunt

1915 4510 2019 4565 viri
2075 4518 2306 4573 tantum,
2354 4510 2450 4565 sed
2491 4512 2655 4565 etiam
2700 4512 2944 4578 feminaz,
2994 4530 3228 4582 quorum
3283 4531 3484 4585 agones

1915 4599 2228 4668 spirituales
2270 4598 2651 4654 Thcodoretus
2697 4600 2780 4655 vel
2838 4600 2955 4670 ipse
2998 4601 3157 4665 vidit,
3210 4603 3297 4656 vel
3336 4604 3482 4659 refe-

1910 4687 2162 4741 rentibus
2218 4686 2339 4742 aliis
2376 4688 2662 4742 sanctitate
2722 4705 2830 4743 non
2888 4688 3081 4758 impari
3141 4690 3480 4761 hominibus,

1908 4775 2116 4831 didicit.

1980 4866 2041 4921 II.
2068 4867 2187 4921 Non
2225 4867 2365 4921 hanc
2402 4868 2621 4937 scripsit
2658 4867 2843 4936 procul
2896 4867 3064 4923 dubio
3103 4871 3482 4929 Theodoretus

1909 4968 2031 5029 post
2068 4974 2272 5012 annum
2326 4959 2452 5023 ΗΒ,
2497 4974 2606 5026 quo
2655 4973 2798 5012 anno
2835 4958 3049 5015 litteras
3078 4962 3231 5016 dedit
3262 4964 3329 5018 ad
3366 4965 3478 5019 Eu—

1907 5048 2122 5103 sebium
2169 5048 2212 5080 ’9
2243 5065 2256 5099 :
2292 5047 2347 5100 in
2396 5047 2503 5100 illis
2555 5046 2701 5101 enim
2736 5047 2904 5117 ipsius
2945 5050 3279 5107 mentionem
3326 5053 3474 5121 facit,

1551 5200 1870 5256 SCIIULZII
1910 5200 2139 5255 NOTAE.

318 5366 359 5398 ”
382 5365 472 5424 Hic
498 5370 686 5433 etiam,
715 5377 774 5423 et
802 5367 1169 5437 quiisequitur

265 5449 477 5493 recenset
528 5434 837 5502 Fabricius,
893 5434 1139 5490 Biblioth.
1189 5434 1281 5491 Gr.
1324 5436 1433 5488 vol.
1472 5434 1559 5497 VI,
1602 5450 1655 5503 p.

1256 5365 1323 5420 56
1353 5365 1770 5434 parallelismus,
1801 5364 1984 5433 prodit
2021 5364 2306 5418 luxurians
2333 5364 2633 5433 ingenium.

1722 5436 1851 5498 125;
1896 5434 2114 5502 plenius
2139 5443 2319 5488 autem
2359 5434 2628 5499 Oudinus,
2665 5435 2701 5487 l.
2737 5449 2783 5488 c.
2833 5443 2869 5486 t.
2904 5434 2956 5498 I,
2998 5450 3050 5503 p.
3088 5434 3247 5499 1094ι
3276 5435 3475 5490 Valesii

2735 5364 2779 5395 ⁸⁸
2802 5364 3154 5432 Antiquiores
3193 5366 3477 5422 versiones

264 5504 404 5580 editio
436 5518 553 5579 post
575 5508 1048 5580 Moguntinanrde
1085 5520 1229 5560 anno
1260 5505 1414 5568 1679,
1448 5512 1504 5580 ct
1542 5505 2109 5580 Amstelodamenscnr
2135 5504 2296 5580 de__a._
2318 5505 2470 5580 1695,
2502 5504 2945 5580 emendatissime
2993 5504 3196 5580 prodiit
3221 5504 3477 5573 Augusta:

267 5572 593 5635 Taurinorum
629 5572 696 5635 at
723 5578 881 5632 1748.
923 5577 967 5608 ⁸⁷
994 5578 1069 5630 Ita
1108 5585 1308 5640 tamen,
1348 5584 1407 5629 ut
1442 5575 1573 5627 ferri
1606 5590 1713 5627 non
1749 5583 1951 5641 posset,
1994 5574 2177 5641 judice
2204 5574 2439 5639 Valesio,
2468 5575 2708 5628 melioris
2738 5574 3200 5640 interpretationis
3230 5572 3472 5629 auctore.

264 5643 295 5674 "
322 5647 451 5706 Ilanc
488 5651 719 5723 quidem
757 5647 1130 5723 praefationem
1164 5645 1428 5723 Garncrio
1460 5659 1527 5723 se‘
1554 5660 1742 5723 pailrm
1773 5644 2172 5723 probasse__non
2207 5653 2289 5697 est
2321 5646 2784 5723 quodumiremur.
2826 5643 3094 5723 Differunn}
3126 5644 3271 5698 enim
3314 5660 3477 5714 quam

258 5721 454 5778 maxime
484 5712 608 5793 quo:
638 5712 923 5776 Cou'sinus
965 5725 1019 5770 et
1061 5716 1356 5771 Garnerius
1391 5715 1457 5768 dc
1499 5715 1602 5768 ιὶιίυ
1638 5714 1967 5768 Theodoreti
2011 5714 2310 5784 disputant.
2337 5712 2352 5715 ’
2388 5718 2430 5748 99
2462 5716 2581 5768 Vid.
2629 5727 2667 5766 ι.
2703 5713 2789 5778 IV,
2829 5712 2987 5782 epist.
3021 5713 3107 5767 8:2.
