3926 6216
448 268 555 331 239

1573 258 1950 320 GARNERII
1989 256 2487 318 DISSERTATIO
2527 257 2608 318 II.

3599 262 3694 329 240

452 391 711 449 tanquam
754 373 945 445 operis
984 369 1314 443 pervulgati,
1374 376 1540 439 atque
1586 368 1661 421 ita
1710 366 1844 422 editi
1903 373 2029 419 ante
2062 376 2101 424 Α
2134 378 2279 418 anno
2324 366 2449 429 444,
2497 380 2641 419 anno
2683 365 2896 422 scilicet
2931 375 3305 439 consequente
3347 373 3612 425 octavum.
3647 384 3696 427 et

455 487 671 539 annum
712 487 885 526 unum
935 477 1031 524 aut
1082 467 1336 522 alterum.
1391 462 1679 531 Quomodo
1710 462 1857 517 enim
1902 462 2036 517 alias

455 566 523 621 ad
556 565 751 635 ipsam,
782 562 937 617 velut
964 559 1033 615 ad
1064 568 1259 614 testem
1289 571 1402 611 suae
1436 554 1584 620 ﬁdei,
1625 561 1817 608 contra
1845 553 2037 608 adver-

454 657 635 715 sarios
676 662 734 712 et
777 654 994 727 judices
1047 651 1352 722 prudenter
1395 647 1757 719 provocaret?

524 750 617 805 III.
646 748 766 815 Quo
798 744 1074 800 anteriore
1107 739 1397 811 tempore?
1429 739 1549 794 Non
1592 746 1743 793 certe
1789 745 1915 792 ante
1944 753 2041 791 an-

456 856 593 897 num
626 840 728 896 457
767 845 862 892 aut
900 834 1024 899 458,
1065 848 1175 902 quo
1205 831 1497 886 defunctus
1524 829 1635 883 vita
1672 827 1906 883 Aeacius
1941 826 2041 881 Bc-

461 935 739 991 roeensis:
781 929 841 984 lit
884 927 1031 983 enim
1073 930 1225 979 certa
1259 922 1327 977 de
1372 921 1544 991 ipsius
1573 919 1726 975 obitu
1769 919 2041 974 sententia

460 1041 528 1080 ex
559 1040 624 1079 eo
663 1020 807 1092 quod
850 1019 906 1072 in
964 1014 1218 1071 eneomio
1267 1012 1455 1068 Jacobi
1499 1010 1747 1066 Nisibeni
1781 1012 1798 1042 ¹
1839 1010 2043 1065 dicitur

462 1115 705 1170 tenuisse
725 1110 1099 1181 episcopatum
1140 1120 1315 1160 annos
1337 1104 1768 1173 quinquaginta'
1795 1109 1851 1157 et
1872 1111 1998 1156 octo
2024 1119 2037 1155 :

461 1206 589 1261 inde
610 1204 757 1259 enim
786 1201 958 1256 scitur
988 1198 1192 1253 obiisse
1219 1211 1365 1250 anno
1388 1196 1489 1250 457
1517 1204 1610 1248 aut
1640 1194 1764 1259 458,
1801 1193 2045 1263 quando-

461 1294 684 1365 quidem
738 1291 1030 1345 ordiuatus
1061 1294 1146 1341 est
1167 1300 1313 1340 anno
1341 1284 1445 1340 578
1465 1295 1560 1338 aut
1581 1284 1704 1339 579.
1733 1283 1852 1350 Quo
1873 1283 2043 1353 igitur

461 1384 686 1441 deﬁnite
733 1398 877 1437 anno
927 1378 1170 1435 sexennii
1221 1376 1391 1440 illius,
1443 1375 1588 1446 quod
1637 1375 1781 1430 inter
1830 1374 2042 1429 obitum

462 1473 647 1531 Acacii
694 1481 751 1528 et
778 1471 1064 1542 epistolam
1094 1467 1163 1523 ad
1195 1466 1492 1521 Eusebium
1528 1465 1884 1534 interlapsum
1925 1463 2045 1519 est?

463 1564 813 1638 Responderi
853 1562 1012 1617 facile
1042 1568 1242 1632 potest,
1281 1560 1326 1614 si
1352 1557 1703 1612 Thcodoreto
1735 1556 2040 1611 credimus:

2139 453 2478 510 tricesimum
2513 457 2623 527 jam
2653 458 2952 528 expletum.
2988 459 3115 515 Haec
3141 461 3283 515 ratio
3316 461 3573 531 temporis
3592 463 3696 533 plu-

2136 541 2291 595 ribus
2319 542 2714 612 quazstionibus
2750 546 3030 603 solvendis
3074 547 3225 603 utilis
3258 555 3363 615 est,
3411 548 3479 604 de
3513 551 3698 620 quibus

2137 631 2319 688 obiter
2362 642 2571 703 postea.

2209 725 2320 780 VII.
2362 725 2748 784 Diﬂicultatem
2799 736 2952 785 creat
2994 730 3157 785 unica
3179 746 3290 797 res,
3313 748 3437 803 qute
3456 732 3695 792 illustris-

2138 813 2338 870 simum
2359 815 2650 872 Annalium
2671 819 2996 889 scriptorem
3025 821 3079 875 in
3114 821 3496 879 admirabilem
3523 840 3697 895 quam-

2140 908 2287 973 dam,
2338 909 2407 963 de
2449 910 2558 966 vita
2603 911 2879 968 Simeonis
2929 922 3081 968 extra
3115 917 3475 972 centesimum
3511 932 3697 974 annum

2141 1002 2516 1071 producenda,
2570 1005 2898 1060 sententiam
2924 1005 3191 1075 .impulit.
3244 1006 3436 1062 Credit
3475 1010 3633 1074 enim,
3667 1025 3697 1065 ι

2141 1108 2339 1164 magno
2378 1095 2472 1149 illo
2502 1095 2718 1151 Meletio
2752 1097 3110 1153 Antiochense
3144 1098 3406 1154 Ecclesiae
3433 1100 3693 1171 episcopo,

2141 1190 2237 1259 qui
2274 1189 2747 1261 Constantinopoli
2793 1209 2938 1247 anno
2981 1195 3079 1248 581
3127 1195 3287 1260 obiit,
3325 1211 3451 1249 cum
3480 1198 3697 1267 synodus

2142 1281 2384 1335 secunda
2423 1283 2694 1351 generalis
2747 1283 3064 1349 haberetur,
3100 1286 3384 1341 visitatum
3436 1287 3598 1343 fuisse
3622 1288 3699 1343 Si-

2140 1385 2416 1435 meonem,
2445 1380 2735 1442 postquam
2774 1375 2830 1428 in
2871 1376 3181 1431 columnam
3221 1377 3333 1447 jam
3361 1379 3694 1435 ascendisset.

2143 1463 2328 1519 Utitur
2366 1463 2435 1518 ad
2480 1465 2642 1519 ﬁdem
2673 1465 2781 1520 sibi
2818 1466 3121 1521 faciendam
3171 1469 3497 1523 auctoritate
3535 1470 3697 1524 Theo-

2144 1556 2345 1621 doreti,
2386 1556 2544 1628 cujus
2577 1565 2707 1612 sunt
2754 1565 2869 1613 haec
2911 1559 3081 1613 verba
3119 1576 3133 1612 :
3178 1578 3197 1611 ‹
3227 1559 3366 1615 Cum
3387 1578 3514 1615 vero
3537 1562 3696 1616 admi-

464 1666 483 1682 ’
531 1660 757 1715 credere
821 1670 956 1710 vero
1001 1670 1100 1724 par
1143 1660 1229 1707 est
1277 1667 1390 1722 pra:
1436 1650 1581 1715 aliis,
1631 1648 1901 1718 siquidem
1955 1662 2045 1703 res
2080 1711 2116 1724 ἢ
2146 1648 2350 1703 randus
2408 1648 2676 1714 Meletius,
2741 1649 2834 1719 qui
2884 1650 3243 1707 Antiochena:
3300 1653 3534 1722 regionis
3584 1662 3699 1708 tunc

466 1757 674 1815 narret,
705 1763 841 1819 quas
864 1746 1022 1812 vidit,
1048 1760 1291 1815 quasque
1311 1759 1379 1798 ex
1399 1743 1534 1813 ipsis
1558 1741 1771 1807 didicit,
1805 1755 2040 1811 quorum

465 1842 606 1898 facta
655 1847 860 1895 narrat.

538 1933 624 1988 IV.
663 1930 799 1986 Cum
818 1929 996 1985 Vitam
1022 1925 1285 1982 scriberet
1307 1925 1579 1981 Simeonis
1608 1925 1833 1997 Stylitae,
1865 1924 2044 1994 ipsum

467 2022 636 2079 tradit
682 2020 877 2090 viginti
915 2019 1027 2089 jam
1058 2025 1115 2071 et
1155 2025 1280 2071 octo
1329 2032 1506 2072 annos
1547 2014 1875 2086 transegisse
1898 2014 1942 2079 ³,
1977 2030 2044 2068 ex

466 2129 578 2183 quo
642 2110 921 2180 inceperat
969 2106 1390 2179 quadragesimo
1444 2121 1663 2175 quoque
1719 2105 1809 2160 die
1876 2106 2046 2160 semel

466 2203 649 2270 vesci;
695 2201 902 2271 incepit
947 2214 1101 2264 vero,
1145 2207 1434 2268 postquam
1470 2213 1501 2251 a
1547 2198 1905 2253 conversione
1947 2214 2047 2253 sua

468 2294 609 2349 duos
653 2308 777 2348 cum
828 2288 1114 2345 monachis
1158 2284 1489 2358 quibusdam
1532 2305 1725 2355 annos,
1765 2289 1952 2344 decem
1990 2290 2045 2344 in

468 2384 750 2441 Heliodori
827 2382 1161 2437 monasterio
1220 2380 1484 2435 duxisset.
1559 2380 1694 2436 Cum
1760 2398 1890 2454 ergo
1944 2382 2046 2437 do-

468 2484 594 2531 ceat
640 2473 906 2544 Evagrius
964 2471 1277 2526 Simeonem
1331 2470 1531 2524 vixisse
1607 2487 1637 2525 a
1686 2472 2047 2527 conversione

465 2580 569 2622 sex
622 2574 679 2621 et
718 2562 1114 2635 quinquaginta
1164 2578 1357 2627 annos,
1414 2556 1666 2633 cumque
1700 2578 1893 2619 omnes
1936 2563 2049 2619 fere

472 2658 769 2721 fateantur,
815 2662 1064 2709 sanctum
1127 2661 1363 2709 ascetam
1411 2669 1556 2708 anno
1594 2653 1756 2723 290
1787 2654 1892 2709 460
1938 2654 2049 2709 vita

470 2749 756 2810 functum,
805 2759 1032 2799 necesse
1083 2752 1167 2799 est
1227 2753 1287 2799 ut
1346 2759 1645 2799 conversus
1692 2744 1859 2799 fuerit
1906 2759 2052 2800 anno

472 2841 598 2895 404.
638 2838 696 2894 Si
738 2851 870 2909 ergo
923 2835 992 2890 ad
1049 2850 1224 2890 annos
1260 2835 1365 2890 404
1405 2835 1674 2889 addantur
1738 2835 2050 2902 duodecim,

472 2930 671 3001 partim
744 2928 891 2983 inter
946 2926 1272 2992 monachos,
1323 2927 1523 2995 partim
1573 2926 1719 2996 apud
1787 2928 2050 2984 Heliodo-

473 3038 596 3078 rum
633 3022 762 3087 acti,
811 3021 1087 3076 addantur
1132 3019 1300 3074 etiam
1345 3019 1535 3088 viginti
1588 3026 1642 3073 et
1683 3028 1828 3084 octo,
1878 3022 1973 3090 qui
2020 3036 2052 3076 a

473 3124 728 3185 suscepto
765 3113 975 3184 jejunio
995 3111 1340 3171 efﬂuxerant.
1370 3110 1719 3166 Tlieodorcto
1749 3112 2048 3178 scribente,

473 3208 698 3263 exsistet
742 3222 922 3261 annus
967 3206 1073 3260 4M
1104 3204 1146 3268 ⁸,
1192 3219 1303 3274 quo
1342 3203 1580 3259 Historia
1625 3202 1875 3274 religiosa
1904 3220 2054 3260 com-

475 3299 652 3369 posita
706 3298 797 3352 sit.

545 3413 609 3467 ν.
650 3410 783 3467 Inde
837 3409 1068 3465 solvitur
1115 3407 1351 3462 celebris
1385 3408 1611 3477 quaestio
1648 3407 1716 3463 de
1749 3424 1915 3475 anno,
1943 3425 2054 3481 quo

478 3504 699 3560 Simeon
745 3502 803 3556 in
851 3501 1160 3556 columnam
1214 3499 1545 3565 ascenderit,
1585 3499 1940 3571 quandiuque
1998 3501 2054 3556 in

477 3612 541 3651 ea
564 3594 798 3651 steterit.
816 3593 951 3648 Nam
972 3607 1098 3647 cum
1115 3590 1169 3644 in
1190 3590 1522 3645 domuncula
1538 3591 1738 3647 vixerit
1756 3600 1866 3647 tres
1882 3608 2057 3648 annos

478 3694 764 3758 postquam
817 3683 886 3738 ab
928 3682 1219 3737 Heliodoro
1265 3681 1512 3746 recessit,
1578 3683 1868 3741 recesserit
1925 3698 2057 3737 vero

478 3790 621 3831 anno
669 3774 793 3836 416,
840 3786 1067 3827 necesse
1107 3780 1191 3827 est
1220 3778 1281 3825 ut
1309 3771 1624 3826 columnam
1670 3771 2058 3828 conscenderit

478 3883 621 3924 anno
652 3866 778 3932 M9,
815 3871 978 3934 atque
1008 3865 1083 3918 ita
1112 3864 1167 3916 in
1205 3878 1268 3918 ea
1296 3861 1601 3932 perstiterit
1629 3877 1799 3916 unum
1827 3870 1884 3917 et
1913 3878 2053 3933 qua-

478 3963 730 4032 draginta
753 3974 945 4015 annos.
967 3956 1248 4027 Siquidem
1273 3956 1339 4011 ad
1362 3956 1576 4012 obitum
1598 3972 1774 4028 usque
1795 3957 2055 4028 perstitit,

479 4052 819 4123 contigitque
855 4051 1041 4106 obitus
1079 4065 1223 4104 anno
1258 4047 1384 4105 460.

547 4141 638 4208 VI.
674 4141 772 4197 Est
813 4149 869 4195 et
912 4140 1019 4195 alia
1057 4140 1322 4212 ejusdem
1356 4140 1645 4210 temporis,
1682 4156 1793 4211 quo
1815 4130 2057 4197 Historia

481 4232 733 4304 religiosa
789 4230 1039 4286 confecta
1089 4236 1193 4296 est,
1245 4230 1563 4286 inveniendi
1618 4236 1779 4286 ratio.
1823 4232 2059 4288 Jacobus

480 4324 572 4379 ille
605 4306 962 4386 admirabilis,
995 4336 1161 4392 quem
1205 4320 1585 4378 Theodoretus
1632 4324 1809 4394 capite
1841 4323 1906 4379 2i
1942 4323 2061 4378 lau-

2143 1742 2519 1811 episcopatum
2566 1742 2808 1812 regebat,
2824 1743 2923 1800 .vir
2953 1742 3248 1812 prudentia
3279 1752 3335 1798 et
3368 1744 3699 1814 intelligentia

2145 1828 2347 1894 clarus,
2381 1830 2699 1902 ingeniique
2717 1831 2939 1887 solertia
2977 1842 3228 1897 ornatus,
3262 1848 3700 1903 supervacaneum

2147 1919 2358 1975 diceret
2396 1920 2603 1975 ferrum
2633 1939 2776 1988 esse,
2817 1938 2940 1979 cum
2992 1924 3061 1978 ad
3102 1925 3338 1979 rationis
3367 1925 3574 1979 vincula
3597 1940 3702 1980 cor-

2145 2011 2269 2082 pori
2306 2011 2600 2083 injicienda
2624 2014 2877 2069 voluntas
2911 2015 3219 2070 sulliceret:
3252 2016 3437 2079 cessit,
3467 2024 3519 2070 et
3537 2016 3702 2071 admo-

2147 2105 2344 2159 nitioni
2372 2106 2493 2175 ejus
2528 2107 2731 2175 paruit,
2765 2107 3049 2178 accitoque
3090 2108 3248 2165 fabro
3278 2109 3551 2164 vinculum
3582 2109 3702 2164 solvi

2144 2198 2314 2268 jussit
2338 2199 2380 2251 ⁸.
2414 2217 2432 2250 ι

2218 2311 2354 2366 VIII.
2375 2311 2489 2365 Hoc
2512 2312 2824 2367 testimonio
2844 2311 3018 2368 fretus
3035 2313 3140 2367 tria
3162 2316 3498 2385 pronuntiat.
3554 2359 3564 2368 .
3581 2314 3704 2371 Con-

2147 2410 2371 2455 ventum
2423 2417 2454 2455 a
2495 2400 2712 2455 Melctio
2749 2401 2931 2472 aliquo
2962 2401 3306 2458 Antiocheno
3349 2404 3593 2474 episcopo
3627 2403 3703 2458 Si-

2148 2507 2422 2557 meonem,
2439 2509 2564 2546 eum
2584 2493 2692 2563 jam
2718 2493 3056 2548 ascendisset
3077 2495 3131 2547 in
3154 2495 3482 2549 columnam.
3498 2494 3548 2547 2.
3569 2492 3702 2547 Hunc

2149 2599 2179 2639 a
2201 2599 2308 2654 quo
2330 2591 2635 2638 conventus
2655 2592 2760 2649 est,
2785 2584 3085 2650 Meletium,
3109 2602 3221 2639 non
3245 2586 3464 2640 dilTerre
3484 2602 3512 2640 a
3531 2598 3701 2654 magno

2149 2676 2263 2739 illo,
2292 2676 2385 2745 qui
2416 2676 2574 2746 291
2606 2675 3075 2748 ConstantinOpoli
3095 2679 3237 2734 obiit
3279 2693 3421 2733 anno
3443 2678 3560 2731 38L
3582 2676 3629 2728 5.
3652 2675 3701 2729 In

2151 2768 2405 2822 columna
2478 2769 2701 2823 stetisse
2747 2768 3059 2826 Simeonem
3103 2773 3393 2842 plusquam
3454 2768 3701 2840 octoginta

2153 2875 2349 2923 annos,
2403 2861 2692 2932 Vitamque
2743 2863 2916 2933 ipsius
2982 2880 3013 2918 a
3064 2864 3412 2919 'l‘heodoreto
3469 2862 3700 2931 scriptam

2154 2967 2296 3015 esse,
2340 2967 2465 3006 cum
2517 2953 2761 3007 nondum
2807 2955 3079 3024 explesset
3116 2956 3439 3011 vicesimum
3477 2964 3701 3009 octavum

2081 3053 2121 3111 ο
2156 3040 2409 3095 stationis
2444 3057 2668 3097 annum.
2704 3045 2902 3099 Verum
2942 3046 3048 3099 tria
3076 3046 3195 3101 haec
3228 3053 3502 3117 pugnant:
3528 3043 3703 3114 primo,

2154 3148 2280 3188 cum
2327 3135 2584 3189 omnibus
2624 3136 2749 3191 vita:
2783 3136 3055 3193 Simeonis
3090 3139 3486 3209 scriptoribus,
3528 3133 3703 3189 deinde

2153 3238 2278 3280 cum
2310 3226 2690 3294 Theodoreto,
2715 3228 2951 3299 denique
2987 3245 3109 3284 cum
3140 3230 3374 3300 ipsomet
3405 3227 3640 3283 Baronio.

2223 3316 2314 3371 IX.
2333 3316 2468 3371 Nam
2501 3326 2560 3371 ut
2586 3317 2655 3371 ab
2682 3317 2874 3372 ultimo
2898 3319 3095 3374 ducam
3126 3320 3366 3384 initium,
3392 3319 3432 3373 si
3456 3315 3702 3386 octoginta

2154 3423 2329 3463 annos
2376 3408 2596 3463 Simeon
2621 3410 2931 3465 columnam
2972 3411 3241 3478 incoluit,
3268 3419 3322 3466 ct
3344 3421 3537 3474 tamen,
3575 3404 3702 3476 quod

2154 3497 2359 3553 fatetur
2382 3498 2671 3565 Baronius,
2695 3499 2841 3555 diem
2876 3501 3074 3556 clausit
3098 3510 3405 3557 extremum
3431 3514 3566 3555 anno
3584 3495 3700 3550 460:

2156 3606 2380 3646 necesse
2415 3600 2500 3647 est
2536 3600 2595 3646 ut
2641 3592 2949 3647 ascenderit
2978 3594 3035 3647 in
3078 3595 3389 3649 columnam
3430 3605 3565 3647 anno
3593 3586 3701 3648 580,

2157 3682 2456 3737 autetiam
2507 3683 2711 3749 citius;
2770 3700 2991 3740 necesse
3046 3701 3286 3755 quoque,
3336 3694 3396 3739 ut
3450 3676 3705 3749 scripserit

2156 3772 2538 3829 Theodoretus
2576 3773 2852 3829 Simeonis
2903 3776 3217 3831 encomium
3271 3790 3412 3831 anno
3454 3772 3568 3837 408,
3597 3783 3703 3825 cum

2160 3866 2248 3921 vix
2296 3882 2501 3920 annum
2543 3866 2869 3921 vicesimum
2905 3868 3210 3924 secundum
3260 3869 3538 3939 attigisset,
3578 3870 3705 3918 certe

2157 3958 2402 4013 nondum
2446 3957 2586 4013 foret
2611 3958 2930 4029 episcopus;
2964 3960 3209 4016 nondum
3261 3960 3577 4019 evenissent,
3601 3966 3705 4023 qum

2158 4049 2228 4105 de
2274 4049 2535 4104 Simeone
2585 4058 2792 4115 narrat,
2845 4050 2911 4105 ad
2965 4066 3023 4106 se
3068 4069 3208 4122 quos
3238 4054 3574 4108 converterat
3598 4045 3707 4099 mit-

2160 4152 2331 4207 tente,
2380 4151 2440 4198 ut
2485 4142 2879 4198 sacerdotalem
2922 4144 3364 4201 benedictionem
3404 4142 3702 4211 acciperent.

2160 4233 2287 4291 Haec
2326 4242 2510 4291 autem
2556 4234 2772 4306 aliaque
2819 4236 2945 4290 inde
2999 4237 3388 4308 consequentia
3428 4230 3701 4300 complura.

2158 4326 2435 4399 quomodo
2467 4328 2614 4383 inter
2636 4343 2716 4394 se,
2754 4328 3031 4399 quomodo
3055 4344 3180 4385 cum
3206 4326 3422 4384 Baronii
3454 4317 3704 4379 relationi-

480 4414 596 4481 dat,
619 4410 865 4470 exerceri
888 4411 1076 4482 coepit,
1100 4424 1210 4482 quo
1245 4420 1489 4481 tempore
1510 4412 1684 4468 Isauri
1719 4415 2059 4486 populaban-
2090 4432 2137 4488 ι)
2161 4416 2267 4473 bus
2293 4417 2361 4473 de
2396 4418 2564 4489 gestis
2604 4416 2937 4473 Theodoreti
2983 4428 3039 4474 et
3092 4417 3368 4474 Simeonis
3420 4403 3705 4469 cohaerent?

478 4514 572 4562 tur
616 4505 827 4561 vicinas
879 4502 1150 4574 regiones.
1204 4500 1499 4571 Populatos
1544 4518 1694 4559 anno
1741 4505 1846 4560 405
1892 4505 2061 4562 tradit

479 4596 831 4653 Marcellinus
877 4595 935 4649 in
975 4592 1251 4658 Chronico,
1274 4600 1597 4663 constatque
1620 4603 1735 4649 tum
1761 4611 1826 4650 ex
1860 4597 2062 4654 litteris

480 4686 875 4759 Cbrysostomi,
945 4694 1059 4741 tum
1120 4682 1444 4739 indubitatis
1493 4683 1617 4738 aliis
1645 4688 2055 4754 monumentis;

482 4778 632 4846 atqui
674 4777 1057 4832 Theodoretus
1092 4774 1171 4829 ait
1201 4773 1466 4830 Iacobum
1513 4780 1766 4829 octavum
1814 4782 1870 4829 et
1896 4775 2059 4830 trice-

482 4867 678 4921 simum
705 4867 1114 4922 exercitationis
1136 4880 1340 4920 annum
1362 4865 1686 4934 explevisse,
1710 4880 1834 4920 cum
1875 4866 2055 4921 Histo-

483 4961 620 5013 riam
649 4957 949 5028 retigiosam
991 4958 1274 5012 scriberet.
1315 4976 1334 5008 ι
1365 4956 1632 5011 lnitorum
1668 4957 1771 5012 sub
1804 4956 1894 5012 dio
1938 4975 2056 5013 cer-

484 5048 750 5105 taminum
810 5046 985 5116 ipsius
1024 5046 1295 5116 (Limntei)
1341 5054 1399 5101 et
1441 5046 1620 5117 magni
1668 5046 1858 5102 Jacobi
1909 5047 2054 5102 idem

482 5149 566 5197 est
609 5138 874 5209 temporis
918 5136 1154 5207 spatium
1191 5153 1205 5190 :
1255 5144 1507 5192 octavum
1541 5138 1689 5192 enim
1740 5147 1794 5193 et
1836 5139 2053 5193 tricesi-

484 5252 633 5294 mum
686 5249 891 5291 annum
938 5234 1051 5305 jam
1098 5234 1475 5303 expleverunt.
1515 5254 1533 5287 ι
1597 5236 1830 5307 Scripsit
1886 5238 2056 5304 igitur

2231 4509 2300 4564 Χ.
2344 4508 2453 4564 Sed
2489 4509 2766 4579 quomodo
2795 4511 2941 4581 quod
2980 4511 3056 4566 ait
3096 4511 3164 4566 de
3207 4508 3421 4565 Meletio
3464 4501 3703 4558 invisente

2163 4600 2498 4667 Simeonem,
2565 4617 2689 4657 cum
2738 4603 2852 4673 jam
2906 4603 3246 4659 ascendisset
3293 4602 3347 4655 in
3398 4596 3700 4684 columnae}.

2160 4692 2420 4747 convenit
2477 4708 2603 4748 cum
2662 4691 2998 4748 Theodoreti
3047 4691 3363 4747 narratione
3421 4686 3486 4741 de
3509 4678 3702 4774 Meletio

2160 4781 2472 4837 Simeonem
2513 4784 2801 4848 invisente,
2848 4782 3191 4854 ferreamque
3239 4791 3479 4837 catenam
3520 4769 3700 4866 auferri

2160 4874 2466 4930 suadente?
2528 4875 2587 4928 Id
2638 4872 2786 4929 enim
2837 4874 3221 4930 Theodoretus
3289 4868 3488 4942 apertis
3538 4858 3701 4957 verbis

2162 4964 2327 5018 tradit
2372 4964 2660 5030 accidisse,
2696 4975 2990 5035 antequam
3022 4965 3076 5020 in
3113 4967 3417 5020 columnam
3449 4947 3701 5045 ascendis-

2158 5065 2261 5109 set.
2316 5055 2582 5123 tTribus,
2636 5056 2816 5126 inquit
2854 5058 2894 5122 ‘,
2950 5057 3006 5111 in
3053 5054 3378 5111 domuncula
3443 5044 3701 5138 transactis

2157 5149 2317 5203 annis
2338 5147 2406 5203 ad
2435 5149 2857 5204 celeberrimum
2883 5149 3031 5204 hunc
3054 5148 3253 5203 montis
3274 5142 3524 5200 verticem
3547 5131 3697 5188 venit.

2157 5241 2453 5299 maceriam
2486 5241 2825 5297 circumduci
2855 5242 3200 5312 praecipiens,
3226 5245 3515 5303 catenaque
3544 5224 3699 5280 ferrea

1878 5438 2195 5494 SCiiULZII
2232 5439 2467 5496 ΝΟΤᾸΞ.

550 5580 565 5610 ¹
598 5578 762 5633 Nisib.
794 5578 889 5635 Vel
914 5576 1097 5648 potius
1130 5574 1369 5648 alterius
1391 5572 1599 5648 Jacobi,
1634 5572 1701 5648 de
1737 5590 1846 5648 quo
1882 5577 1995 5634 vid.
2032 5578 2286 5644 Philoth.,
2332 5597 2379 5634 c.
2421 5580 2509 5634 2i.

2611 5580 2630 5651 Ἴ
2666 5578 2857 5651 Quint].
2901 5580 2992 5636 Sic
3035 5595 3253 5651 quoque
3296 5572 3540 5651 infra.)-

474 5647 583 5703 δρα
598 5622 889 5723 statuta;
917 5622 2541 5723 fiat}.."i'dgi';_j;.;m‘aarma;3'(vitiatam:'t.
2569 5622 3474 5723 ρσςῖῖῖῆὶιῖέῑιέέξςῖξῖξτδῖςεδ
3491 5622 3549 5706 3,.
3577 5622 3686 5687 αδδ,

475 5720 760 5792 astruitur,
811 5719 900 5773 vix
950 5715 1236 5775 ante—ann.
1271 5716 1374 5773 “5
1401 5715 1663 5787 scriptum
1693 5730 1812 5799 esse
1838 5716 2191 5775 Pliilotheum.
2268 5723 2289 5753 ⁸
2316 5719 2546 5776 Philoth.
2577 5736 2624 5776 c.
2651 5719 2740 5775 ΞΟ.

2830 5722 2849 5753 ⁸
2878 5721 3014 5777 ibid.
