3926 6216
245 394 329 462 Μ

1380 409 1478 468 DE
1516 410 1773 471 LIBRIS
1806 411 2316 475 THEODORETI.

3375 418 3486 481 242

249 507 416 577 viginti
460 505 780 562 cubitorum
841 508 1142 578 fabricata,
1197 515 1424 586 ejusque
1487 519 1664 589 capite
1722 520 1789 575 ad
1822 530 1865 586 Α
1894 537 2001 591 que
2046 522 2114 577 ad
2162 530 2371 578 munus“
2406 523 2718 595 pertinebat
2744 525 3027 599 invigilare
3057 527 3332 595 omnibus,
3362 544 3485 601 qua:

251 609 416 651 saxum
458 594 650 666 ingens
694 596 877 663 allixo,
929 601 1105 656 altero
1167 603 1237 658 ad
1289 604 1546 661 dextrum
1604 609 1807 679 pedem
1903 614 1970 668 a’d
2013 615 2270 684 pietatem
2315 594 2673 688 pertinerent.

250 688 451 757 illigato,
505 696 566 741 ut
600 696 760 742 extra
786 690 991 745 limites
1022 693 1167 760 illos,
1202 710 1307 751 nec
1331 696 1376 750 si
1403 698 1586 764 vellet,
1614 701 1801 771 egredi

248 786 428 849 posset,
461 779 611 833 intus
668 782 892 848 mansit,
956 784 1155 839 coelum
1194 787 1414 843 assidue
1471 791 1655 846 animo
1690 795 1804 864 agi-

253 881 371 933 tans,
409 877 462 923 et
484 885 605 937 qua:
644 885 812 941 supra
838 874 1008 929 caelos
1029 885 1178 942 sunt,
1208 880 1226 897 '
1261 882 1621 951 contemplari
1648 884 1804 939 anni-

250 968 371 1013 tens.
416 958 610 1014 Mentis
669 962 819 1016 enim
864 964 1102 1020 volatum
1150 967 1283 1023 ferri
1338 970 1618 1027 vinculum
1666 973 1801 1028 illud

248 1065 343 1103 non
384 1050 735 1120 impediebat.
786 1053 924 1109 Cum
980 1072 1112 1113 vero
1154 1059 1512 1119 admirandus
1553 1064 1643 1119 ille
1688 1064 1802 1121 Me-

248 1136 406 1201 letius,
431 1157 450 1189 ι
479 1148 587 1195 etc.

308 1227 388 1283 Il.
426 1230 485 1284 In
521 1246 591 1287 eo
640 1231 882 1304 denique
918 1237 1065 1306 quod
1111 1240 1326 1307 scribit,
1380 1242 1694 1300 Simeonem
1744 1246 1801 1302 in

250 1319 477 1375 columna
528 1323 752 1379 stetisse
811 1327 937 1396 plus
964 1344 1127 1398 quam
1158 1333 1434 1405 octoginta
1466 1351 1660 1404 annos,
1686 1338 1800 1394 dis-

251 1413 392 1466 sentit
405 1414 473 1467 ab
492 1416 752 1473 omnibus
773 1421 1015 1491 antiquis
1029 1424 1415 1495 scriptoribus,
1433 1427 1798 1497 Theodorcto,

250 1502 464 1560 Antonio
505 1505 781 1566 Simeonis
813 1512 1107 1584 discipulo,
1144 1526 1200 1571 et
1234 1517 1464 1590 Evagrio
1502 1520 1799 1588 historico;

248 1609 310 1647 ne
329 1596 448 1664 quid
468 1597 650 1654 dicam
678 1599 746 1656 de
785 1603 1155 1675 Metaphraste
1190 1619 1312 1679 post
1335 1611 1473 1665 alios
1503 1611 1800 1666 scribente.

254 1685 318 1739 De
357 1685 698 1746 Theodoreto
729 1694 865 1749 satis
916 1697 1199 1753 hactenus.
1250 1700 1523 1756 Antonius
1552 1710 1606 1768 et
1660 1704 1803 1759 Eva-

250 1778 380 1845 grius
406 1788 574 1834 totam
612 1781 690 1838 ita
720 1795 969 1853 narrant,
1010 1789 1125 1845 sive
1158 1791 1301 1846 inter
1330 1794 1650 1860 monachos,
1689 1795 1804 1851 sive

1975 705 2112 761 XVI.
2148 708 2337 778 Neque
2369 725 2496 765 vero
2527 718 2578 765 te
2605 719 2840 780 moveat,
2873 712 3018 783 quod
3066 728 3097 768 a
3140 711 3485 767 Theodoreto

1903 793 2154 850 Meletius
2191 796 2409 852 dicatur
2446 800 2475 852 ὁ
2506 799 2829 871 Θαυμάσιος,
2870 802 3025 872 quasi
3066 802 3173 857 hoc
3201 801 3485 871 epitheton

1904 901 2101 957 magno
2140 888 2219 942 illi
2254 889 2470 945 Meletio
2510 892 2610 946 soli
2640 893 2948 947 conveniat.
3002 894 3134 948 Nam
3174 894 3242 948 de
3295 893 3481 957 Basso,

1904 978 1998 1047 qui
2028 980 2220 1048 procul
2248 980 2418 1035 dubio
2448 998 2557 1036 non
2579 991 2718 1049 erat,
2748 983 2854 1038 nisi
2885 985 2949 1039 ad
2978 1001 3275 1050 summum,
3317 984 3481 1040 chor-

1902 1070 2213 1138 episc0pus,
2254 1071 2504 1142 loquens,
2527 1072 2825 1144 Θαυμάσιον
2857 1075 3131 1139 nominat;
3154 1075 3264 1129 imo
3290 1073 3483 1129 eadem

1904 1163 2272 1232 appellatione
2319 1166 2480 1230 solet,
2532 1182 2889 1237 quoscunque
2938 1169 3250 1237 prtecellere
3299 1175 3477 1238 putat,

1902 1268 2188 1309 exornare.
2242 1254 2387 1322 Quin
2434 1264 2492 1311 et
2540 1256 2666 1310 inde
2725 1258 3081 1313 conﬁrmatur
3128 1260 3482 1315 vehementer

1902 1343 2091 1413 opinio
2128 1354 2317 1400 nostra
2350 1363 2363 1399 :
2396 1346 2666 1416 siquidem
2690 1348 3088 1415 Thcodoretus,
3121 1365 3243 1405 cum
3271 1350 3338 1405 de
3371 1350 3482 1405 Me-

1903 1432 2036 1489 letio
2067 1433 2535 1490 Antiochenorum
2561 1437 2821 1508 episcopo
2841 1453 3146 1493 sermonem
3171 1438 3320 1503 facit,
3343 1454 3481 1510 non-

1902 1523 2007 1578 nisi
2050 1541 2305 1596 magnum
2346 1535 2527 1591 vocat,
2558 1527 2695 1581 Hist.
2742 1526 2868 1581 eccl.
2902 1527 3001 1583 lib.
3045 1545 3098 1592 v,
3131 1543 3251 1597 cap.
3284 1528 3352 1583 55
3381 1545 3393 1581 :
3423 1528 3481 1580 ὲν

1905 1613 2212 1688 Ἀντιοχείᾳ
2243 1617 2300 1669 δὲ
2334 1617 2597 1670 Μελετίου
2643 1618 2736 1671 τοῦ
2785 1619 3022 1689 μεγάλου
3053 1618 3151 1689 τὴν
3196 1618 3480 1690 προεδρίαν

1902 1705 2194 1770 aramve;
2226 1708 2493 1772 διεδέξατο
2532 1711 2596 1764 ⁸ο.
2637 1709 2815 1765 Semel
2860 1718 3024 1780 atque
3053 1711 3251 1765 iterum
3295 1719 3477 1775 antea,

1905 1796 2239 1867 tertiumque
2258 1799 2491 1866 dixerat,
2519 1801 2682 1856 modo
2712 1800 2875 1864 οεῖον,
2927 1801 3090 1855 modo
3120 1802 3314 1872 μέγαν,
3336 1817 3477 1855 nun-

251 1865 300 1920 in
339 1866 664 1926 domuncula
707 1881 764 1928 et
819 1876 1066 1944 mandra,
1110 1878 1223 1934 sive
1271 1881 1327 1935 in
1379 1882 1648 1939 columnis
1692 1884 1790 1955 pri-

1914 1900 2069 1952 quam
2111 1865 2433 1958 θαυμάσιον,
2469 1865 2559 1956 et,
2609 1892 2771 1960 epist.
2826 1892 2949 1959 112,
2985 1894 3073 1946 ὅτε
3106 1865 3315 1945 τὸν-τοῦ
3342 1892 3477 1945 Θεοῦ

248 1972 375 2014 mum
422 1961 883 2032 depressioribus,
938 1969 1137 2026 deinde
1181 1972 1488 2040 altioribus,
1552 1977 1801 2033 ascetica:

254 2050 492 2109 Simeonis
515 2056 644 2110 vita:
666 2058 971 2125 historiam,
1005 2070 1065 2115 ut
1092 2078 1200 2117 non
1238 2065 1422 2134 plures
1445 2083 1608 2136 quam
1638 2069 1799 2138 quin-

257 2141 484 2211 quaginta
544 2160 641 2200 sex
706 2155 804 2202 aut
866 2159 1075 2219 septem
1138 2168 1311 2209 annos
1364 2158 1646 2226 complexa
1707 2159 1796 2223 sit,

259 2231 560 2304 bimeonque
597 2236 655 2291 in
692 2240 1025 2306 columnam,
1052 2252 1173 2312 post
1200 2244 1496 2301 detractam
1529 2258 1796 2313 catenam,

254 2325 533 2380 ascenderit
567 2328 790 2384 circiter
827 2347 1029 2387 annum
1079 2334 1281 2391 Christi
1338 2338 1466 2403 420,
1516 2354 1625 2409 quo
1661 2348 1800 2393 tem-

246 2431 355 2485 pore
399 2417 800 2478 Antiochenam
840 2426 1141 2482 Ecclesiam
1198 2431 1422 2499 regebat
1459 2430 1796 2497 Theodotus,

246 2513 386 2573 atque
421 2508 495 2563 ita
529 2510 696 2566 modo
725 2512 1099 2581 humiliorem,
1130 2519 1296 2573 modo
1333 2522 1689 2576 excelsiorem
1718 2523 1799 2577 in-

246 2594 575 2664 habitaverit,
613 2602 974 2673 quadraginta
1031 2607 1252 2663 circiter
1299 2626 1570 2666 annorum
1600 2615 1794 2684 spatio.

301 2684 447 2755 292
485 2687 604 2743 XII.
649 2689 755 2745 Sed
793 2692 1032 2759 Meletio,
1074 2696 1312 2767 inquies,
1338 2701 1469 2770 quid
1498 2702 1630 2758 lict?
1658 2705 1797 2771 Quid

248 2769 603 2832 Theodoreto?
629 2779 793 2847 Quid,
828 2784 872 2837 si
910 2783 1291 2843 Theodoretus
1324 2769 1585 2848 memoria
1615 2769 1797 2864 lapsus

243 2863 490 2921 Meletium
533 2871 822 2940 scripserit
868 2891 966 2944 pro
1013 2876 1339 2935 Theodoto?
1392 2882 1589 2939 Verum
1636 2863 1690 2939 id
1740 2885 1796 2940 in

244 2972 290 3010 re
328 2965 426 3013 tam
473 2963 686 3016 recenti
731 2972 947 3036 tamque
986 2978 1113 3024 nota
1152 2972 1415 3029 accidisse
1448 2976 1537 3031 vix
1579 2978 1793 3048 opinor.

242 3044 399 3120 Longe
428 3053 776 3121 probabilius
819 3059 964 3126 quod
999 3060 1075 3114 ait
1109 3062 1401 3120 Bollandus
1438 3044 1644 3133 noster,
1681 3069 1793 3125 Me-

240 3137 402 3196 letium
447 3143 597 3201 hunc
628 3147 801 3203 fuisse
858 3150 1311 3237 chorepisc0pum
1344 3158 1446 3212 sub
1482 3161 1787 3227 Theodoto,

1899 1977 2204 2050 ἄνθρωπον,
2234 1981 2325 2034 τὸν
2353 1983 2530 2052 μέγαν
2558 1982 2839 2041 Μελέτιον.

1968 2102 2129 2161 XVII.
2165 2106 2323 2162 Hunc
2354 2123 2457 2179 ego
2485 2108 2759 2165 Meletium
2801 2112 2999 2181 Opinor
3031 2111 3201 2167 fuisse
3226 2105 3415 2181 postea
3443 2128 3476 2169 a

1898 2194 2182 2254 Theodoto
2219 2200 2569 2270 praepositum
2594 2203 3022 2260 Neocaesariensi
3054 2203 3345 2271 Ecclesiae;
3372 2219 3475 2258 nec

1896 2287 2172 2344 diversum
2216 2291 2284 2345 ab
2327 2306 2414 2356 eo,
2458 2294 2552 2362 qui
2583 2295 2726 2364 apud
2769 2296 3035 2350 Joannem
3070 2296 3473 2351 Antiochcnum

1894 2389 2016 2435 erat
2058 2396 2183 2435 cum
2224 2382 2596 2451 Theodoreto,
2636 2396 2692 2441 et
2740 2388 2865 2443 aliis
2914 2396 3168 2458 quatuor,
3228 2405 3353 2444 cum
3405 2389 3473 2444 ad

1894 2471 2209 2530 Nestorium
2252 2476 2492 2533 Joannes
2538 2478 2844 2546 scriberet;
2891 2480 3095 2551 quique
3138 2480 3195 2535 in
3224 2479 3475 2537 Orienta-

1895 2562 2030 2623 lium
2064 2565 2224 2636 293
2264 2568 2478 2638 synodo
2511 2580 2701 2624 contra
2735 2570 2999 2642 Cyrillum
3037 2580 3093 2627 et
3127 2571 3471 2627 Memnonem

1896 2658 2223 2712 sententiam
2270 2658 2409 2713 dixit
2458 2661 2523 2714 ”.

1965 2758 2151 2815 XVIII.
2179 2762 2298 2816 Non
2327 2763 2671 2819 incommode
2701 2776 2886 2835 posset
2916 2783 3056 2838 opus
3087 2775 3264 2823 totum
3294 2768 3470 2825 dividi

1895 2848 2035 2904 duos
2086 2850 2143 2904 in
2182 2851 2377 2918 libros,
2425 2870 2662 2923 quorum
2712 2858 2866 2927 prior
2924 2859 3114 2929 viginti
3171 2860 3470 2930 capitibus,

1894 2942 2171 3010 posterior
2199 2942 2392 2998 decem
2422 2955 2706 3003 constaret
2726 2950 2766 2980 "
2800 2966 2813 3002 :
2848 2950 2939 3005 ille
2968 2958 3282 3005 sanctorum
3316 2960 3467 3017 tunc,

1894 3046 2021 3085 cum
2058 3031 2441 3091 Theodoretus
2480 3039 2772 3104 scriberet,
2825 3040 2938 3096 fato
2980 3041 3328 3110 functorum;
3365 3045 3471 3099 iste

1895 3122 2254 3191 superstitum
2303 3126 2478 3197 elogia
2507 3131 2857 3186 contineret:
2893 3140 3127 3202 uterque
3161 3135 3232 3189 ab
3266 3135 3465 3206 insigni

240 3232 312 3285 cui
355 3238 646 3294 commissa
702 3250 851 3296 esset
904 3226 1143 3315 regionis
1210 3250 1378 3316 illius,
1433 3253 1488 3307 in
1533 3270 1639 3323 qua
1687 3226 1858 3311 fuitC
1892 3211 2128 3323 qufmém
2149 3212 2352 3268 laccho
2375 3214 2866 3272 duceretmmum'

241 3320 484 3382 Simeonis
546 3329 809 3396 mandra,
869 3334 1222 3404 inspicienda:
1270 3342 1628 3413 regendaque
1689 3347 1791 3401 sub

238 3413 441 3479 primate
507 3434 660 3474 cura.
728 3421 788 3476 Id
853 3423 1109 3478 videntur
1167 3427 1399 3484 innuere
1459 3431 1791 3490 Theodoreti

238 3502 381 3558 verba
411 3523 425 3558 :
460 3507 783 3563 ἐπισκοπεῖν
814 3514 1113 3582 τηνικαῦτα
1146 3518 1244 3586 τῆς
1274 3517 1549 3592 Ἀντιόχου
1584 3524 1789 3589 πόλεως

236 3598 538 3664 τεταγμένος
585 3598 686 3670 τὴν
730 3601 915 3672 χώραν
963 3605 1003 3667 ⁷,
1053 3620 1174 3677 qua:
1208 3624 1368 3663 nemo
1421 3611 1487 3666 de
1533 3615 1790 3685 episcopo

238 3683 370 3741 urbis
413 3690 637 3758 proprie
701 3692 921 3749 dixerit.
973 3697 1181 3753 Dixerit
1241 3716 1372 3757 vero
1431 3707 1674 3774 apposite
1719 3683 1787 3763 de

238 3772 639 3851 cborepiscopo,
698 3787 1017 3858 τεταγμένῳ
1064 3790 1379 3846 ἐπισκοπεῖν
1427 3792 1525 3865 τὴν
1576 3795 1784 3868 χώραν,

239 3867 362 3923 unde
395 3871 775 3945 chorepiscopi
825 3894 1025 3935 nomen
1073 3881 1257 3938 habet.

294 3958 417 4016 XIII.
449 3963 602 4021 Hanc
642 3966 1152 4039 interpretationem
1178 3975 1527 4043 conﬁrmant,
1568 3997 1690 4051 quze
1716 3982 1784 4037 de

239 4046 380 4105 Basso
422 4056 575 4123 prius
618 4057 880 4114 dicuntur
904 4059 967 4130 3;
1000 4064 1150 4120 hunc
1196 4082 1395 4138 nempe
1426 4073 1783 4141 prmpositum

239 4137 382 4196 fuisse
399 4147 736 4219 presbyteris
755 4150 903 4207 vicos
925 4157 1272 4225 regentibus:
1298 4137 1406 4224 τοῖς
1428 4137 1567 4217 λιατᾶ
1594 4163 1784 4235 κώμας

243 4227 448 4298 ἱερεῦσιν
500 4239 832 4294 ἐπιστατῶν.
894 4242 1031 4299 Nam
1090 4247 1222 4316 quid
1284 4251 1605 4306 ἐπίστασθαι
1670 4258 1782 4318 τοῖς

241 4317 465 4389 ἱερεῦσιν,
522 4329 630 4384 nisi
685 4331 1037 4387 ἐπισκοπείνῖ

297 4411 418 4470 XIV.
450 4417 600 4475 [lane
624 4423 872 4477 eamdem
907 4424 1411 4495 interpretationem
1453 4433 1607 4487 locus
1642 4434 1782 4489 alter

241 4497 407 4597 ailinis,
438 4506 614 4576 capite
666 4508 756 4574 25,
811 4512 1065 4569 illustrat.
1113 4516 1248 4571 Cum
1300 4522 1445 4575 enim
1494 4523 1562 4578 ad
1619 4524 1778 4597 Poly-

243 4590 497 4651 cbronium
533 4600 800 4656 siccitatis
836 4611 1080 4674 tempore
1119 4609 1464 4678 conﬂuxisse,
1518 4616 1639 4684 opis
1686 4632 1783 4686 pe-

243 4680 393 4737 tendae
414 4700 592 4751 causa,
627 4700 922 4749 narrantur
957 4697 1278 4769 presbyteri,
1311 4716 1434 4755 cum
1474 4703 1542 4759 iis
1566 4709 1780 4763 venisse

242 4767 413 4825 dicitur
454 4777 542 4828 mi.
566 4777 669 4848 τῆς
703 4778 1014 4853 Ἀντιοχέων
1032 4804 1114 4845 τις
1145 4788 1327 4859 χώρας
1363 4790 1551 4863 κώμας
1580 4796 1780 4861 πολλὰς

243 4864 506 4931 ποιμαίνειν
551 4873 881 4941 τεταγμένος
920 4877 962 4930 ⁸.
1007 4876 1162 4943 Quod
1194 4882 1340 4936 enim
1394 4902 1502 4941 uno
1548 4887 1601 4942 in
1651 4888 1772 4943 loco

244 4949 524 5011 ἐπισκοπεῖν
549 4957 759 5015 dictum
783 4971 884 5028 est,
913 4969 1218 5037 ποιμαίνειν
1243 4971 1298 5025 in
1321 4974 1495 5030 altero
1522 4976 1768 5033 eﬂertur.

299 5039 398 5098 XV.
442 5047 544 5103 Sed
592 5065 709 5106 rem
750 5053 981 5112 definire
1036 5059 1169 5114 mihi
1224 5062 1442 5118 videtur
1492 5082 1667 5123 canon
1710 5070 1774 5124 l0

243 5128 599 5224 hntiochenus,
643 5142 737 5210 qui
793 5154 876 5199 est
921 5146 989 5202 de
1017 5150 1425 5224 cborepiscopis
1461 5161 1777 5217 constitutis

245 5220 293 5274 in
321 5226 439 5283 vicis
457 5232 539 5285 vel
564 5233 719 5304 pagis
759 5252 772 5288 :
798 5240 1202 5297 ostenditenim
1236 5261 1345 5300 non
1372 5264 1574 5317 paucos
1609 5251 1776 5309 fuisse

244 5313 473 5402 ejusmodi
499 5323 939 5398 chorepiscopos,
965 5334 1166 5402 quibus
1191 5313 1483 5396 distributa
1508 5352 1627 5398 erat
1648 5361 1779 5400 cura

248 5400 573 5465 Ecclesiarum
610 5425 768 5470 extra
815 5419 1093 5479 civitatem
1149 5429 1468 5496 positarum,
1514 5450 1779 5502 quorum-

1964 3321 2105 3376 XIX.
2141 3323 2331 3394 Neque
2354 3342 2485 3383 vero
2515 3328 2633 3384 haec
2658 3333 2883 3399 partitio
2917 3332 3072 3388 ﬁeret
3096 3335 3269 3391 invito
3291 3333 3462 3398 Theo—

1891 3412 2104 3478 doreto,
2140 3414 2343 3485 quippe
2361 3417 2455 3487 qui
2486 3434 2639 3474 suam
2663 3424 2984 3491 apposuerit
3004 3425 3169 3495 capiti
3204 3428 3468 3485 vicesimo

1889 3503 2089 3573 primo,
2128 3507 2284 3575 quasi
2318 3522 2463 3563 novo
2492 3509 2655 3575 libro,
2694 3512 3087 3581 praefationem.
3123 3535 3139 3567 ι
3171 3517 3464 3587 Postquam

1888 3595 2217 3651 athletarum
2288 3599 2533 3665 virtutis,
2588 3603 2686 3672 qui
2730 3603 2839 3674 jam
2890 3607 3127 3662 victores
3162 3608 3463 3663 renuntiati

1888 3697 2039 3752 sunt,
2079 3704 2282 3759 agones
2349 3693 2789 3760 percensuimus,
2855 3694 3184 3767 illorumque
3234 3706 3348 3753 tum
3406 3699 3464 3753 in

1885 3780 2275 3836 exercitatione
2298 3783 2535 3850 labores,
2560 3792 2672 3839 tum
2698 3786 2750 3840 in
2781 3790 3177 3844 certaminibus
3211 3791 3460 3855 sudores,

1886 3868 2329 3941 elarissimasque
2361 3882 2417 3928 et
2455 3875 2828 3932 nobilissimas
2857 3880 3117 3934 victorias
3146 3882 3457 3936 summatim

1885 3962 2282 4026 enarravimus,
2309 3979 2428 4035 age,
2463 3982 2612 4022 nunc
2634 3984 2824 4023 eorum
2846 3970 2941 4040 qui
2967 3973 3290 4041 superstites
3310 3983 3457 4037 sunt.

1884 4060 1940 4117 et
1966 4054 2249 4123 magniﬁce
2281 4057 2586 4125 decertant,
2627 4067 2794 4130 atque
2821 4063 3126 4119 anteriores
3164 4066 3460 4121 sudoribus

1884 4143 2105 4199 vincere
2133 4146 2373 4213 student,
2390 4149 2559 4204 vitam
2581 4151 2960 4209 describamus
2983 4156 3044 4208 ¹³.
3079 4174 3098 4207 ι
3135 4156 3203 4210 Et
3225 4166 3411 4225 postea
3441 4174 3455 4211 ε

1891 4253 1909 4284 ι
1942 4234 2149 4290 IIorum
2190 4236 2407 4291 initium
2462 4239 2657 4295 ducam
2688 4257 2719 4295 a
2755 4258 2950 4313 magno
2974 4244 3197 4300 Iacobo.
3236 4246 3286 4300 Is
3310 4246 3458 4301 enim

1882 4333 1939 4380 et
1964 4332 2207 4395 tempore
2244 4337 2301 4381 et
2328 4328 2517 4384 labore
2548 4340 2774 4387 caeteros
2804 4335 3113 4403 antecedit;
3155 4337 3248 4406 qui
3278 4337 3456 4406 ipsum

1884 4413 2149 4469 imitando
2174 4415 2312 4470 mira
2337 4426 2390 4471 et
2423 4419 2693 4488 stupenda
2710 4420 2940 4476 faciunt.
2966 4422 3209 4494 Contigit
3239 4433 3445 4487 autem,

1886 4504 2074 4559 nescio
2097 4522 2207 4574 quo
2237 4514 2417 4575 pacto,
2466 4517 2526 4562 ut
2563 4518 2618 4564 et
2647 4512 2758 4566 vita
2807 4512 3142 4579 functorum,
3176 4524 3231 4569 et
3274 4514 3458 4568 adhuc

1886 4597 2265 4663 superstitum,
2291 4614 2492 4653 nomen
2519 4600 2625 4655 hoc
2646 4602 2884 4672 primum
2909 4605 3090 4658 locum
3116 4613 3312 4660 teneat.
3349 4606 3453 4659 De-

1884 4683 2199 4741 functorum
2229 4690 2432 4760 quippe
2456 4692 2621 4747 vitam
2647 4710 2770 4748 cum
2790 4695 3182 4760 describerem,
3224 4712 3455 4751 exorsus

1885 4794 2004 4833 sum
2030 4795 2061 4833 a
2083 4780 2269 4836 divino
2296 4782 2388 4838 illo
2409 4784 2634 4852 Iacobo,
2677 4789 2772 4857 qui
2807 4789 3093 4843 Persarum
3113 4795 3127 4809 ‘
3148 4790 3450 4845 exercitum

1884 4870 2131 4927 oratione
2159 4889 2255 4927 sua
2277 4874 2580 4945 dissipavit,
2616 4898 2634 4930 ι
2674 4889 2781 4934 etc.

1955 4985 2073 5040 XX.
2117 4987 2444 5044 Heterodoxi
2469 5007 2746 5058 censores,
2774 4994 3079 5065 cujusmodi
3120 4995 3348 5051 Rivetus
3393 5004 3449 5051 et

1888 5074 2241 5145 lIottingerus
2263 5118 2276 5138 ,
2301 5080 2505 5148 aliique
2539 5083 2766 5148 similes,
2794 5100 2917 5139 cum
2946 5087 3277 5142 Plrilothcum
3325 5103 3447 5144 cer~

1879 5166 2208 5219 nerentsuis
2232 5167 2449 5235 placitis
2492 5158 2769 5241 pugnare;
2816 5191 2918 5230 nec
2947 5176 3215 5231 auderent
3257 5187 3442 5233 tamen

1879 5272 2017 5326 opus
2068 5255 2204 5311 adeo
2253 5261 2672 5329 comprobatum
2715 5267 2920 5320 auctori
2972 5282 3072 5322 suo
3115 5268 3443 5332 subducere,

1879 5347 2060 5403 addita
2109 5349 2343 5418 plurima
2379 5352 2688 5423 jactarunt;
2724 5365 2779 5411 et
2822 5357 2879 5411 in
2937 5359 3077 5413 hanc
3115 5361 3445 5417 sententiam

1880 5438 2131 5496 Gentiani
2191 5444 2410 5501 Ilerveti
2464 5448 2783 5520 interpretis
2839 5452 3314 5517 observationem,
3374 5452 3443 5507 ad

1537 5572 1851 5630 SCIIL‘LZII
1892 5578 2124 5636 NOTAE.

300 5665 641 5775 :ngtfilolt‘h‘LE;
670 5675 1025 5775 ἓίξηεέιὲίἂ.
1048 5682 1260 5775 n’pV’id.
1296 5693 1333 5766 t.
1376 5687 1474 5768 lll,
1512 5706 1564 5758 p.
1593 5692 1830 5775 ιειβιλιο
1859 5696 2010 5775 {Adde
2043 5698 2271 5775 Philol/1.
2299 5718 2345 5756 c.
2382 5705 2449 5765 2,
2499 5713 2536 5769 ι,
2572 5707 2658 5771 Ill,
2691 5722 2743 5775 p.
2779 5708 2929 5761 1150.

3014 5709 3052 5738 “
3086 5708 3204 5762 Vid.
3227 5716 3378 5778 part.
3405 5727 3439 5763 tt

1463 5738 1474 5752 ,
1533 5738 1562 5741 γ-
1599 5738 1746 5745 -..νυ
1859 5738 2010 5751 .-ι-αν
2043 5738 2065 5751 ι
2090 5738 2271 5754 unus...
2299 5738 2345 5756 υ.
2385 5738 2449 5765 ά,
2500 5738 2515 5757 ι
2573 5738 2636 5759 ιιι
2710 5738 2743 5757 ν.
2779 5738 2929 5761 ιιυυ.
3098 5738 3204 5762 Ηυ-
3276 5738 3378 5762 ᾱιισ
3406 5738 3439 5763 ll

308 5738 971 5849 ξξΐιυ5η¹
1048 5751 1087 5780 ¹²
1122 5752 1326 5849 ξρίιοεί
1373 5738 1531 5813 vicesr
1556 5763 1693 5831 gerit
1731 5762 1914 5819 Oratio
1956 5768 2016 5820 dc
2057 5770 2344 5837 rlmritatc,
2395 5759 2610 5843 quar'in'
2642 5738 2824 5831 ndstra
2863 5777 3100 5833 editione
3154 5738 3440 5849 suliiuncta

308 5843 310 5849 .
416 5828 428 5849 ι
452 5830 478 5849 n
537 5830 593 5849 an
829 5833 859 5849 η
888 5835 914 5849 n
1030 5836 1056 5849 η
1113 5832 1131 5847 ιι

245 5813 310 5856 εει
344 5804 612 5870 Philotimo.
675 5804 738 5848 ἠ
759 5804 992 5872 ﬁnitam.
1029 5836 1078 5873 ρ.
1113 5804 1194 5877 21‘.
