3926 6216
494 367 595 432 Ξεςι

1613 374 1991 435 GARNERII
2031 372 2531 436 DISSERTATIO
2572 375 2652 437 II.
3642 382 3731 451 ΞΜ

450 547 459 555 μ
497 482 664 536 linem
715 483 912 553 capitis
956 483 1202 539 vicesimi
1253 484 1413 553 primi
1461 482 1527 537 de
1578 482 1837 539 Simeone
1884 482 2080 554 Stylita
2107 487 2155 544 Α
2188 482 2357 540 fuisse
2387 485 2779 555 scripturum,t
2800 483 2903 539 nisi
2937 483 3296 555 intelligentis
3324 485 3596 560 divinique
3621 493 3731 565 Spi.

496 573 804 645 appositam
841 577 1049 631 causati
1087 583 1218 632 sunt
1242 575 1306 628 ”.

565 663 711 721 ΧΧἸ.
754 668 955 723 Verum
983 667 1260 723 Sirmondi
1293 666 1465 723 editio
1486 667 1668 738 arguit
1696 666 1953 722 Gcntiani
1989 666 2078 722 vel

493 757 680 824 ﬁdem,
717 759 862 830 quod
898 760 1080 815 minus
1117 776 1263 826 reor,
1289 760 1375 815 vel
1397 759 1668 826 codicem,
1700 760 1847 831 quod
1889 760 2081 830 opina-

493 849 658 905 hilius
687 868 699 904 :
726 866 826 921 ego
861 866 993 906 vero
1027 867 1137 906 non
1173 851 1531 907 mediocriter
1551 852 1722 907 miror
1747 852 1969 906 Herveti
1997 851 2079 906 in-

491 945 867 1016 cogitantiam,
908 946 1002 1015 qui
1032 962 1143 1001 non
1182 946 1484 1001 adverterit
1510 946 1867 1016 depravatum
1898 945 2077 1000 mani—

488 1036 628 1092 feste
654 1052 775 1093 esse
798 1048 1007 1094 textum
1034 1039 1186 1095 hunc
1210 1039 1277 1095 de
1300 1047 1477 1095 morte
1499 1039 1795 1104 Simeonis,
1814 1046 1872 1094 et
1890 1048 2076 1094 notam

489 1128 547 1183 in
596 1136 805 1184 textum
862 1129 1193 1185 inconcinne
1245 1130 1633 1200 perturbatum
1692 1130 1761 1185 de
1830 1131 2077 1201 margine

487 1218 800 1288 irrepsisse,
843 1235 970 1274 cum
1004 1220 1182 1275 simile
1211 1221 1351 1275 nihil
1404 1222 1513 1276 ulla
1546 1222 1600 1276 in
1633 1231 1784 1293 parte
1807 1222 1912 1276 alia
1946 1236 2077 1276 con-

484 1309 692 1382 tigerit.
1882 1298 1885 1301 ’

557 1400 726 1459 XXII.
764 1404 1103 1461 Praeviderat
1150 1404 1539 1463 Theodorctus
1580 1405 1699 1461 fore
1734 1415 1792 1462 ut
1822 1406 2073 1461 nonnulli

485 1494 783 1566 aliquando
802 1497 1234 1554 admirabilitate
1268 1514 1477 1566 rerum,
1512 1514 1649 1570 quas
1668 1500 1951 1565 narrabat,
1979 1500 2074 1556 de-

486 1596 834 1643 terrerentur
880 1606 911 1646 a
958 1590 1234 1647 credendo
1257 1591 1324 1645 ¹⁸.
1360 1611 1377 1644 ι
1416 1591 1521 1659 Qui
1556 1601 1738 1647 autem
1775 1592 1863 1658 iis,
1890 1609 2011 1663 qua:
2041 1608 2072 1647 a

485 1693 574 1735 me
613 1679 847 1736 dicenda
891 1692 1057 1749 sunt,
1092 1683 1408 1739 crediturus
1452 1700 1564 1738 non
1596 1691 1709 1750 est,
1739 1684 1913 1754 liquet
1942 1700 2070 1739 eum

484 1786 556 1827 ne
612 1769 706 1828 illa
737 1774 960 1845 quidem
996 1791 1125 1831 vera
1159 1777 1526 1844 crediturum,
1561 1792 1683 1848 qua:
1734 1793 1832 1849 per
1856 1777 2064 1843 Mosen,

482 1862 730 1928 Josuam,
769 1872 825 1920 et
865 1865 1062 1931 Eiiam,
1109 1875 1166 1922 et
1208 1867 1465 1923 Elisatum
1504 1874 1655 1939 gesta
1691 1876 1838 1930 sunt,
1869 1876 1924 1922 et
1968 1884 2069 1938 pro

485 1952 686 2009 fabulis
714 1954 918 2011 habere
968 1957 1255 2024 miracula,
1308 1974 1429 2029 qua:
1486 1973 1517 2013 a
1568 1958 1775 2015 sanctis
1805 1961 2070 2029 apostolis

481 2053 694 2115 patrata
721 2056 869 2103 sunt.
903 2048 1061 2116 Quod
1096 2051 1141 2106 si
1176 2066 1326 2109 vera.
1354 2052 1446 2107 illa
1490 2067 1612 2109 esse
1648 2060 1902 2117 testatur,
1952 2052 2069 2108 haec

481 2156 704 2213 quoque
752 2159 784 2197 a
836 2145 976 2200 falso
1027 2145 1206 2201 aliena
1257 2160 1380 2201 esse
1421 2145 1798 2216 credet:qute
1839 2146 1987 2201 enim
2010 2144 2068 2199 in

481 2234 647 2307 294
663 2236 771 2292 illis
789 2246 1014 2308 operata
1034 2246 1122 2294 est
1151 2239 1345 2310 gratia,
1368 2240 1560 2295 eadem
1576 2255 1676 2310 per
1706 2240 2064 2312 hosquoque,

481 2335 545 2381 ut
568 2325 784 2395 ﬁerent,
812 2328 1017 2397 effecit,
1056 2348 1075 2383 ι
1112 2338 1222 2386 etc.
1253 2332 1439 2403 Pergit
1488 2348 1642 2397 vero,
1675 2340 1734 2387 ut
1785 2332 1949 2388 fidem
1966 2331 2067 2387 ad-

479 2419 836 2477 mirabilitate
883 2438 1068 2478 rerum
1134 2432 1422 2479 nutantem
1467 2424 1710 2480 stabiliat
1754 2441 1768 2477 ε
1815 2443 1833 2475 ι
1870 2423 1949 2479 Ex
1998 2423 2067 2478 iis

476 2532 669 2587 porro,
707 2533 830 2589 qum
860 2517 1093 2574 dicenda
1145 2529 1297 2584 sunt,
1350 2520 1536 2590 aliqua
1588 2518 1707 2590 ipse
1742 2517 1857 2574 vidi
1891 2536 1904 2572 :
1944 2534 2066 2589 quae

476 2610 663 2658 autem
687 2619 800 2659 non
861 2604 996 2669 vidi,
1047 2605 1116 2660 ab
1156 2604 1225 2660 iis
1258 2605 1467 2671 audivi,
1499 2606 1594 2677 qui
1624 2606 1898 2672 viderant,
1931 2607 2064 2661 viris

479 2693 709 2750 virtutis
759 2696 1099 2759 amantibus,
1154 2697 1448 2768 dignisque
1506 2698 1735 2765 habitis,
1791 2698 1886 2769 qui
1941 2698 2065 2754 illos

477 2786 755 2853 viderent,
778 2797 836 2843 et
866 2803 1061 2845 eorum
1101 2789 1355 2846 doctrina
1388 2790 1731 2845 fruerentur.
1752 2810 1772 2842 ι

546 2878 736 2933 XXIII.
765 2879 835 2936 At
865 2896 991 2935 cum
1021 2881 1297 2938 Simeonis
1318 2897 1609 2938 ascensum
1635 2882 1693 2937 in
1725 2882 2059 2949 columnam,

475 2971 774 3043 instigante
825 2975 938 3030 Deo
972 2985 1313 3045 susceptum,
1368 2985 1671 3041 narrasset,
1714 2991 1910 3032 causas
1973 2977 2061 3032 in-

472 3066 712 3123 stinctus
750 3068 1038 3124 reddens:
1078 3088 1095 3121 ι
1139 3070 1272 3140 Ego,
1306 3069 1568 3140 inquit”,
1595 3070 1889 3127 stationem
1919 3071 2061 3129 hanc

469 3172 583 3213 non
635 3160 843 3231 absque
881 3160 1070 3217 divino
1116 3163 1352 3218 consilio
1384 3163 1583 3219 factam
1618 3164 1818 3231 credo;
1863 3180 2060 3236 quam-

432 3262 445 3265 '
469 3249 661 3307 obrem
690 3266 788 3308 eos
820 3268 939 3317 oro,
972 3269 1113 3323 quos
1135 3256 1547 3325 reprehendere
1577 3257 1836 3323 delectat,
1862 3267 1924 3314 ut
1946 3258 2056 3314 lin-

469 3354 590 3409 gute
617 3339 836 3396 frenum
894 3343 1164 3414 injiciant,
1221 3360 1402 3415 neque
1445 3346 1595 3401 illam
1658 3354 1868 3404 temere
1914 3349 2051 3405 ferri

468 3430 689 3499 sinant;
719 3433 814 3488 sed
845 3435 1200 3491 considerent
1224 3437 1514 3492 Dominum
1544 3438 1670 3494 talia
1695 3456 1940 3512 persmpe
1988 3441 2058 3498 ad

469 3519 790 3591 segniorum
870 3523 1169 3579 utilitatem
1233 3525 1560 3583 instituisse.
1603 3547 1622 3581 ι
1677 3528 1816 3584 ΤιΙηί
1878 3531 2059 3587 allatis

468 3612 872 3683 prophetarum
918 3615 1197 3672 inusitatis
1220 3617 1549 3687 quibusdam
1587 3618 1768 3685 factis,
1798 3637 1921 3692 quae
1952 3637 2055 3677 no-

466 3702 638 3759 vitate
669 3718 771 3759 sua
798 3703 1015 3761 animos
1042 3705 1354 3762 videntium
1380 3708 1450 3763 ad
1488 3708 1792 3766 audiendas
1817 3712 2059 3783 prophe-

465 3807 650 3853 tarum
699 3798 1125 3857 vaticinationes
1162 3811 1588 3861 converterent:
1622 3823 1642 3857 ι
1704 3804 1796 3863 Sic
1850 3822 2055 3863 novum

466 3889 640 3957 istud,
672 3892 770 3955 ait,
821 3893 1322 3966 admirandamque
1362 3899 1740 3967 spectaculum
1794 3900 2054 3968 instituit,

468 3990 531 4036 ut
560 3997 756 4039 omnes
812 3985 891 4039 rei
923 3986 1168 4042 novitate
1196 3987 1265 4042 ad
1314 3989 1675 4059 spectandum
1727 3992 2051 4059 attraheret,

463 4071 919 4144 probabilemque
974 4077 1400 4135 adventantibus
1424 4080 1679 4136 traditam
1715 4082 1820 4137 sibi
1864 4084 2055 4140 admo-

462 4162 734 4219 nitionem
764 4164 1025 4234 efﬁceret,
1055 4187 1073 4220 ι
1110 4176 1218 4225 etc.

535 4254 726 4312 XXIV.
749 4257 831 4313 Eo
850 4260 1076 4330 majoris
1096 4277 1264 4332 porro
1294 4262 1581 4321 faciendus
1630 4265 1722 4321 hic
1752 4267 1912 4333 liber,
1941 4284 2051 4338 quo

460 4348 867 4407 calumniosius
924 4352 995 4408 ab
1031 4339 1330 4413 'hzer‘eticis
1380 4358 1711 4415 traducitur.
1770 4361 2049 4433 Nugarum

460 4443 685 4514 plenum
705 4444 987 4512 effutiunt,
1005 4463 1071 4503 ac
1094 4448 1428 4505 Theodoreti
1446 4452 1667 4508 nomine
1686 4452 2045 4524 indignum”,

2185 576 2327 630 ritus
2348 576 2532 632 radios
2547 577 2853 646 accepisset
2877 592 2889 628 :
2910 574 3025 630 Hoc
3045 574 3180 629 mihi
3194 579 3531 647 ‘quoque,ait,
3550 583 3599 636 in
3614 600 3729 653 pne

2182 666 2363 723 scntia
2391 682 2532 739 opus
2557 676 2643 722 est
2668 668 2893 733 auxilio,
2920 668 3014 737 qui
3035 682 3204 721 coner
3224 666 3391 722 vitam
3413 675 3730 733 conscribere

2182 768 2523 826 sanctorum,
2552 759 2647 831 qui
2674 760 2838 831 paulo
2862 768 2987 815 ante
3005 775 3106 815 nos
3129 769 3184 815 et
3204 761 3406 818 nostris
3425 768 3730 835 temporibus

2182 850 2433 905 claruere
2456 868 2469 904 :
2494 851 2715 905 illorum
2735 865 2867 921 ergo
2889 849 3207 905 invocanda;
3229 859 3357 905 sunt
3377 867 3581 923 preces,
3597 865 3647 910 et
3659 858 3729 911 in-

2179 939 2433 1011 cipienda
2476 941 2742 996 narratio.
2771 960 2789 993 ι
2848 942 2917 997 Ει
2939 956 3060 1011 cap.
3083 941 3172 1007 2i,
3206 956 3332 995 cum
3370 944 3633 1000 retulisset
3658 962 3725 1013 se,

2180 1047 2305 1087 cum
2336 1032 2525 1087 Jacobi
2555 1047 2750 1102 preces
2780 1039 3115 1101 exponeret,
3168 1046 3487 1101 responsum
3512 1051 3540 1088 a
3562 1044 3727 1091 sancto

2179 1123 2300 1177 viro
2328 1124 2607 1195 accepisse
2646 1141 2658 1177 :
2702 1143 2719 1175 ι
2741 1123 2854 1179 Nec
2883 1138 2991 1189 me,
3026 1137 3131 1177 nec
3158 1122 3267 1177 alio
3291 1123 3432 1193 apud
3454 1124 3616 1180 Deum
3640 1126 3728 1183 tibi

2178 1232 2317 1288 opus
2356 1227 2441 1273 est
2480 1217 2883 1283 intercessore;
2948 1229 3226 1271 summum
3262 1214 3432 1271 habes
3465 1215 3725 1283 Joannem,

2177 1309 2247 1363 Vc
2260 1309 2345 1363 rbi
2365 1323 2555 1364 vocem
2577 1350 2595 1374 ,
2630 1308 2847 1363 Domini
2869 1320 3265 1378 praecursorem
3289 1347 3302 1371 ,
3339 1307 3430 1377 qui
3455 1307 3554 1364 hoc
3574 1324 3665 1379 pro
3683 1319 3726 1364 te

2177 1399 2508 1472 deprecatur
2535 1401 2777 1457 assidue.
2813 1400 3037 1455 Etcum
3074 1399 3318 1455 dicerem
3354 1400 3619 1456 confidere
3653 1417 3726 1457 me

2175 1501 2435 1572 precibus
2479 1513 2594 1556 tum
2636 1500 2837 1572 hujus,
2886 1509 3006 1554 tum
3033 1499 3269 1555 aliorum
3293 1506 3596 1554 sanctorum
3618 1514 3728 1569 apo-

2175 1595 2443 1651 stolorum
2465 1603 2520 1651 et
2541 1594 2956 1666 prophetarum,
2984 1608 3220 1663 quorum
3239 1607 3414 1662 nuper
3430 1591 3595 1645 allata:
3608 1591 3726 1645 mihi

2174 1697 2335 1742 erant
2362 1685 2608 1757 reliquiae
2641 1703 2654 1739 :
2683 1684 2881 1750 Crede,
2915 1684 3023 1751 ait,
3065 1693 3119 1739 te
3144 1683 3409 1739 Joannem
3432 1682 3623 1736 habere
3641 1681 3727 1735 Ba-

2174 1777 2416 1848 ptistam.
2457 1778 2571 1848 Ego
2599 1791 2731 1832 vero
2760 1791 2864 1831 nec
2888 1775 2968 1831 sic
2998 1774 3198 1830 adduci
3225 1774 3400 1845 potui,
3422 1780 3483 1827 ut
3501 1773 3721 1836 silerem;

2173 1868 2270 1923 sed
2299 1876 2452 1923 tanto
2475 1867 2647 1939 magis
2673 1867 2848 1922 institi
2876 1881 3150 1937 quaerens,
3181 1873 3237 1920 et
3269 1865 3409 1921 scire
3437 1864 3616 1918 volens
3641 1877 3724 1916 cur

2170 1959 2337 2031 hujus
2356 1960 2542 2031 potius
2569 1960 2776 2015 faceret
2801 1958 3170 2024 mentionem;
3229 1966 3343 2012 tum
3370 1955 3490 2019 ille,
3520 1953 3721 2019 Vellem,

2170 2052 2268 2119 ait,
2293 2052 2570 2123 amplecti,
2601 2059 2657 2107 et
2686 2050 2993 2106 exosculari
3018 2049 3282 2104 amabiles
3307 2048 3423 2119 ejus
3440 2045 3715 2116 reliquias.»

2240 2144 2552 2212 Quinetiam
2604 2144 2950 2215 singulorum
3023 2143 3139 2197 vita
3196 2141 3505 2197 functorum
3568 2135 3721 2207 elogia

2170 2240 2504 2297 concludere
2537 2240 2676 2295 solet
2720 2235 2881 2309 295
2928 2235 3279 2292 invocatione
3327 2231 3528 2290 auxilii.
3555 2227 3719 2285 Jacobi

2168 2331 2416 2388 Nisibeni
2446 2350 2457 2384 :
2498 2351 2516 2382 ‹
2553 2330 2651 2386 llis
2682 2330 2748 2385 de
2767 2332 2886 2384 viro
2910 2327 3099 2384 divino
3132 2325 3397 2399 expositis
3424 2325 3538 2395 ejus
3568 2322 3720 2376 bene-

2168 2423 2473 2480 dictionem
2498 2423 2801 2494 implorans
2836 2420 2902 2476 ad
2925 2421 3087 2476 aliam
3121 2418 3490 2475 narrationem
3523 2427 3719 2485 progre-

2168 2516 2288 2571 diar
2308 2517 2367 2571 ".
2402 2537 2419 2567 ι
2840 2572 2849 2581 .

2236 2607 2439 2665 Juliani
2486 2606 2643 2663 Saba:
2683 2624 2695 2660 :
2741 2625 2758 2658 ‹
2824 2607 2938 2677 Ego
2989 2621 3125 2661 meae
3172 2605 3243 2660 de
3294 2604 3388 2660 illo
3414 2594 3718 2657 narrationis

2167 2698 2332 2755 finem
2364 2699 2456 2756 hic
2477 2699 2708 2766 faciens,
2735 2699 2802 2755 ad
2839 2700 3007 2754 alium
3033 2714 3281 2770 pergam,
3315 2703 3527 2752 sanctos
3553 2703 3715 2753 orans,

2165 2808 2306 2863 quos
2328 2791 2778 2857 commemoravi,
2812 2791 2947 2846 mihi
2991 2800 3051 2847 ut
3086 2805 3186 2863 per
3217 2806 3371 2847 suam
3403 2782 3718 2843 intercessio-

2164 2899 2292 2940 nem
2316 2900 2611 2956 supernam
2634 2884 3079 2939 bcnedictioncm
3110 2882 3486 2940 concilient".
3522 2897 3540 2931 ι

2235 2977 2493 3033 Marciani
2530 2978 2711 3049 magni
2746 2995 2758 3031 :
2798 2997 2815 3029 ι
2852 2978 2967 3049 Ego
2990 2993 3123 3033 vero
3149 2976 3284 3033 huic
3318 2990 3506 3031 rursus
3552 2984 3718 3028 narra-

2169 3068 2308 3124 tioni
2353 3068 2520 3124 finem
2567 3069 2879 3140 imponens,
2922 3084 3022 3125 oro
3067 3077 3124 3125 et
3163 3069 3398 3125 obsecro
3442 3074 3501 3122 ut
3541 3065 3713 3120 horum

2165 3164 2415 3219 omnium
2480 3163 2880 3220 intercessione
2933 3162 3184 3218 divinum
3252 3161 3512 3218 auxilium
3564 3155 3716 3225 adipi-

2165 3270 2289 3311 scar
2315 3254 2381 3309 ¹⁰.
2421 3274 2439 3307 ι

2232 3346 2481 3414 Eusebii,
2542 3346 2746 3411 Publii,
2812 3343 3084 3403 Simeonis
3129 3345 3327 3411 Prisci,
3378 3351 3505 3408 etc.,
3547 3336 3714 3396 eadem

2161 3439 2395 3496 formula
2426 3441 2605 3513 elogia
2637 3440 2905 3496 finiuntur
2926 3440 2991 3495 ²¹.

2230 3534 2422 3591 XXVI.
2454 3533 2648 3602 Quoad
2706 3532 3069 3604 reliquiarum
3116 3534 3351 3599 cultum,
3382 3536 3713 3602 praeterquam

2158 3628 2305 3698 quod
2339 3628 2503 3684 modo
2534 3627 2767 3683 relatum
2795 3635 2880 3682 est
2906 3625 2973 3682 de
3021 3626 3226 3693 studio,
3264 3642 3375 3698 quo
3404 3615 3714 3679 admirabilis

2159 3718 2250 3774 ille
2272 3720 2510 3776 Jacobus
2539 3720 2831 3776 tenebatur
2850 3721 3207 3776 exosculandi
3238 3718 3494 3789 reliquias
3513 3707 3713 3771 Joannis

2158 3807 2550 3875 Przecursoris,
2586 3809 2852 3866 eximium
2896 3810 3030 3866 illud
3071 3811 3320 3883 ejusdem
3370 3815 3472 3873 est,
3504 3817 3604 3875 quo
3629 3813 3711 3854 εκ·
3752 3848 3759 3857 .

2158 3908 2368 3957 structa
2393 3901 2446 3956 in
2478 3910 2665 3958 monte
2711 3902 2943 3958 aedicula
2971 3920 2983 3956 :
3017 3921 3034 3954 ‹
3067 3903 3187 3960 Non
3236 3901 3434 3973 patiar,
3464 3893 3629 3966 inquit
3652 3889 3708 3953 ’⁸,

2158 4001 2221 4049 ut
2251 3993 2441 4050 Jacobi
2498 3995 2814 4064 sepulcrum
2867 3994 2974 4050 hoc
3004 3995 3342 4065 appelletur;
3395 3988 3487 4046 sed
3537 3984 3709 4040 trium-

2156 4084 2446 4157 phantium
2481 4091 2782 4156 martyrum
2818 4084 3081 4154 templum
3114 4084 3221 4141 hoc
3260 4080 3379 4137 fieri
3402 4078 3539 4142 volo,
3562 4082 3613 4130 et
3635 4084 3709 4131 me

2157 4178 2311 4233 velut
2346 4174 3042 4246 inquilinum'quempiam
3070 4175 3311 4237 illorum,
3335 4162 3709 4227 cobabitatione

2155 4269 2439 4341 dignatum
2463 4269 2569 4324 alia
2601 4267 2655 4322 in
2684 4281 2806 4321 arca
2833 4265 2984 4337 poni.
3020 4267 3209 4337 Neque
3237 4266 3353 4320 lucc
3377 4261 3509 4317 dixit
3544 4251 3707 4315 modo,

2155 4362 2253 4418 sed
2283 4361 2464 4431 reipsa
2489 4358 2774 4430 prrestitit;
2819 4358 3068 4413 collectis
3091 4358 3239 4414 enim
3276 4354 3513 4423 undique
3542 4342 3707 4403 multis

2154 4451 2462 4522 prophetis,
2495 4449 2792 4520 multisque
2824 4450 3087 4521 apostolis
3115 4456 3170 4504 et
3192 4445 3520 4519 martyribus
3541 4450 3708 4511 quam-

441 4549 572 4601 non
595 4536 759 4593 aliam
781 4546 935 4594 certe
963 4538 1035 4594 ob
1061 4555 1305 4608 causam,
1338 4558 1502 4612 quam
1520 4545 1648 4614 quia
1682 4545 2043 4613 demonstrat,
2082 4552 2122 4607 [)
2154 4542 2426 4613 plurimis,
2451 4556 2643 4597 omnes
2676 4556 2785 4595 una
2806 4539 2861 4597 in
2885 4555 3011 4595 arca
3037 4540 3301 4610 reposuit,
3358 4551 3478 4592 cum
3511 4537 3704 4587 sancto—

457 4626 606 4694 quod
637 4627 915 4683 haereticis
935 4629 1296 4686 vehementer
1329 4631 1500 4697 dolet,
1533 4634 1791 4691 Ecclesia:
1822 4636 2043 4692 illorum

456 4727 772 4788 temporum
819 4722 1150 4778 sententiam
1181 4723 1251 4779 de
1302 4723 1649 4781 invocatione
1706 4738 2040 4794 sanctorum,

457 4808 825 4879 reliquiarum
851 4814 1026 4880 cultu,
1050 4816 1336 4872 erectione
1377 4818 1710 4887 templorum
1742 4819 1797 4874 in
1830 4837 2040 4877 memo-

454 4899 599 4954 riam
630 4909 958 4972 martyrum,
1015 4907 1267 4962 oratione
1307 4923 1407 4978 pro
1451 4909 1707 4974 mortuis,
1742 4910 2040 4967 miraculo-

454 5007 581 5047 rum
630 4993 963 5063 patratione,
1006 5000 1437 5072 spontaneisque
1476 5002 1872 5059 afﬂictionibus
1914 5020 2039 5061 cor-

452 5099 627 5155 ports.

525 5174 691 5230 XXV.
725 5176 795 5232 Et
821 5175 889 5233 de
917 5176 1267 5237 invocatione
1292 5183 1515 5253 quidem
1551 5196 1889 5253 sanctorum,
1922 5189 2042 5259 ipso

449 5266 635 5337 primo
669 5267 874 5343 capite,
922 5285 1048 5325 cum
1083 5271 1151 5326 ad
1208 5288 1347 5342 opus
1406 5277 1725 5343 accederet,
1780 5281 2041 5350 prtefatus

450 5354 642 5412 Mosen
691 5367 942 5414 veterum
975 5370 1292 5416 sanctorum
1338 5366 1600 5433 przeclara
1648 5368 1891 5425 facinora
1926 5389 2037 5427 non

2152 4650 2274 4688 rum
2301 4633 2504 4705 p0pulo
2533 4632 2782 4688 habitare
2811 4633 3063 4703 cupiens,
3090 4641 3146 4687 et
3177 4647 3304 4688 eum
3339 4630 3420 4684 eis
3449 4632 3704 4693 resurgere

2151 4725 2449 4795 divinoque
2480 4734 2778 4795 conspectu
2803 4723 2934 4789 frui,
2967 4743 2985 4775 ›
3028 4733 3116 4780 etc
3659 4802 3671 4812 υ

2242 4816 2456 4873 XXVII.
2512 4816 2720 4873 Eodem
2790 4816 3111 4871 testimonio
3166 4816 3569 4871 demonstratur
3626 4816 3703 4874 pla

2149 4909 2301 4965 illius
2329 4909 2594 4981 temporis
2626 4908 2968 4964 consuetudo
3000 4907 3246 4979 erigendi
3295 4904 3489 4973 templa
3520 4901 3569 4954 in
3599 4908 3701 4950 me-

2150 5002 2379 5057 moriam
2431 5010 2765 5074 martyrum:
2807 5000 2919 5055 imo
2957 5000 3160 5055 ibidem
3208 4999 3323 5069 ipse
3351 4992 3703 5050 Theodoretus

2146 5103 2380 5151 testatur
2423 5111 2479 5150 se
2509 5110 2730 5165 parasse
2760 5108 2964 5158 arcam,
3003 5092 3072 5148 de
3123 5108 3230 5159 qua
3281 5106 3404 5145 mox
3434 5098 3622 5145 sermo,
3652 5078 3699 5131 ill

2149 5189 2353 5259 templo
2376 5187 2836 5258 triumphantium
2867 5194 3188 5259 martyrum.
3213 5183 3541 5240 Thalclaaum
3576 5186 3699 5244 quo-

2146 5297 2254 5352 que
2283 5279 2452 5337 refert
2480 5280 2788 5335 dzemonum
2836 5279 3129 5334 delubrum
3169 5277 3455 5337 evertisse,
3486 5277 3539 5326 et
3581 5275 3701 5321 tem-

2146 5373 2297 5443 plum
2320 5372 2614 5427 maximum
2629 5370 3101 5441 triumphantibus
3116 5368 3445 5441 martyribus
3458 5357 3696 5419 erexisse,

1826 5528 2147 5585 SCIIULZII
2188 5512 2421 5586 Noras.

523 5633 980 5720 Videmsup‘ra,
1037 5647 1085 5720 t._
1125 5640 1217 5720 Ill,
1254 5658 1310 5715 p.
1355 5643 1521 5720 _128°2.
1575 5646 2081 5720 AddeOudinum,
2139 5649 2176 5704 1.
2229 5664 2304 5711 c.,
2358 5658 2395 5703 t.
2427 5647 2478 5720 l7,
2516 5663 2570 5720 p_.
2613 5647 2771 5711 109ἲί,
2809 5648 3028 5720 aninii
3070 5650 3314 5705 Biblioth.
3356 5631 3691 5720 au_r_t.ﬁccflf’f'

448 5712 491 5791 ιο
519 5703 815 5791 ιδεμ-,ρῳ
855 5703 1312 5791 étLambecjiuii,
1355 5715 1391 5770 ι.
1425 5733 1537 5791 vni,
1593 5734 1647 5786 ῃ.
1693 5703 1870 5791 διτη
1899 5703 2087 5773 ηνίιιζ
2130 5703 2303 5774 Puer!
2329 5720 2394 5775 ad
2440 5703 2805 5791 ιηιῖιοιιςρηηίν,
2865 5703 2911 5773 εἴ
2956 5703 3148 5791 urgp.‘
3186 5720 3339 5791 tum,
3419 5704 3690 5791 “Philotis:

448 5775 654 5856 (2326.;
701 5778 743 5856 {7
780 5780 885 5856 Seu
920 5775 1402 5856 nritnisdignum,
1434 5788 1477 5840 si
1518 5775 1732 5855 spectes
1777 5790 2019 5856 reliquos
2049 5791 2387 5856 cjus.lihros.
2423 5791 2527 5843 Ista
2565 5789 2712 5843 enim
2769 5775 2999 5845 historia
3036 5775 3287 5845 versatur
3318 5790 3429 5841 fere
3459 5783 3509 5837 in
3543 5775 3690 5832 rebus

447 5843 856 5905 minutissimis.
941 5853 979 5881 ’⁸
1010 5843 1241 5910 Pici/oili:
1287 5873 1333 5913 c.
1393 5843 1454 5911 'l.
1538 5843 1577 5885 "9
1616 5860 1752 5913 ibid.
1800 5878 1847 5913 c.
1899 5843 1952 5914 Ξ.

2032 5862 2075 5889 ²⁰
2104 5861 2238 5916 ibid.
2297 5879 2343 5916 ρ.
2398 5863 2448 5917 5.

2526 5862 2565 5893 ¹¹
2591 5860 2724 5917 ibid.
2760 5876 2803 5917 C.
2839 5862 2867 5917 4
2900 5863 2951 5918 6.
3031 5864 3073 5892 "
3117 5861 3250 5917 ibid.
3277 5876 3322 5914 c.
3349 5858 3436 5911 21.
