3926 6216
453 348 556 415 247

1580 345 1954 407 GARNERII
1997 343 2491 409 DISSERTATIO
2528 348 2610 409 II.

3610 342 3711 408 243

458 462 597 519 ιεηεὶ
629 460 892 524 Isidorus,
918 456 1111 531 synodi
1165 456 1522 512 Antiochense
1554 455 1904 519 auctoritate,
1936 470 2030 509 or-
2061 460 2106 516 Α
2135 454 2204 510 de
2253 456 2596 526 simplicibus
2624 455 2980 527 presbyteris,
3029 454 3127 511 sed
3157 455 3226 511 de
3278 454 3706 526 chorepiscopis.

453 555 678 609 dinatus
703 559 807 607 est.

522 646 612 701 Ill.
645 644 808 700 Circa
835 642 1055 699 tertium
1101 647 1285 710 caput,
1312 638 1459 709 quod
1502 638 1569 693 de
1613 638 1889 692 Marciano
1922 645 2026 703 est,

455 736 597 791 nihil
649 733 1056 790 observandum
1130 728 1373 785 occurrit
1444 736 1642 798 praeter
1696 734 2029 782 conventum

458 828 703 899 quinque
732 825 1117 896 episcoporum
1174 821 1511 875 Marcianum
1564 819 1939 885 invisentium,
1974 819 2029 874 id

454 930 559 986 est,
586 919 830 975 Flaviani
873 917 1196 981 Antiochia,
1227 914 1408 970 Acacii
1440 916 1666 978 Beroeae,
1707 914 1900 970 Isidori
1929 913 2034 985 Cy-

459 1013 527 1078 ri,
559 1011 784 1066 Eusebii
806 1007 1103 1071 Chalcidis,
1152 1005 1422 1062 Theodoti
1467 1004 1822 1075 Ilierapoleos
1849 1021 1863 1058 :
1894 1020 2029 1059 con-

456 1102 578 1172 tigit
608 1101 754 1155 enim
787 1115 887 1169 pro
910 1106 1062 1152 certo
1115 1106 1240 1166 post
1267 1111 1471 1150 annum
1520 1094 1644 1160 581,
1678 1110 1787 1165 quo
1821 1094 2032 1149 Flavia-

453 1210 560 1248 nus
590 1192 873 1246 ordinatus
913 1197 998 1245 est
1032 1188 1088 1243 in
1118 1186 1357 1243 secunda
1385 1186 1593 1258 synodo
1622 1184 1891 1257 generali;
1921 1200 2031 1238 non

454 1296 639 1340 tamen
679 1284 773 1339 diu
800 1291 953 1354 post,
989 1281 1251 1353 quoniam
1297 1280 1613 1334 Theodotus
1665 1277 2031 1347 Hierapolita-

453 1390 561 1430 nus
585 1374 784 1444 exiguo
802 1380 930 1442 post
967 1380 1217 1440 tempore
1275 1368 1529 1424 decessit.
1578 1369 1758 1434 Quare
1811 1367 2035 1422 videtur

454 1481 523 1520 eo
559 1465 680 1536 ipso
723 1480 868 1519 anno
912 1462 1011 1518 581
1059 1459 1348 1525 accidisse,
1379 1475 1490 1529 quo
1547 1474 1743 1529 nempe
1769 1473 1916 1513 anno
1949 1473 2035 1513 re-

456 1557 628 1611 duces
668 1555 747 1609 illi
796 1555 1056 1624 praasules
1099 1566 1127 1606 a
1172 1568 1209 1606 ιι
1249 1550 1487 1623 synodo,
1532 1549 1709 1604 virum
1744 1549 2033 1604 sanctitate

456 1649 731 1703 celebrem
759 1662 929 1718 prope
960 1645 1306 1701 Antiochiam
1336 1644 1594 1715 positum,
1620 1640 1842 1712 pietatis
1860 1640 2034 1712 gratia

456 1741 771 1796 visitarunt.

2133 545 2234 599 llic
2282 546 2436 600 locus
2464 547 2610 601 valet
2641 546 2710 601 ad
2743 545 3181 601 conﬁrmandum
3224 545 3372 616 quod
3420 552 3586 599 antea
3626 544 3707 600 di-

2130 635 2314 690 ximus
2343 635 2410 690 de
2442 635 2675 693 Meletio.
2694 636 3114 707 cborepiscopo.

2202 727 2411 793 Tertio,
2439 726 2764 798 stupendam
2789 727 3085 799 Aphraatis
3121 728 3473 797 aliorumque
3507 742 3708 797 praee-

2132 823 2385 879 dentium
2434 824 2902 898 θαυματουργίαν.
2947 825 3114 881 etiam
3172 825 3319 880 circa
3358 824 3556 879 brutas
3599 825 3711 880 ani-

2138 924 2372 971 mantes.

2203 1008 2430 1076 Quarto,
2473 1008 2673 1064 vixisse
2701 1008 2794 1063 diu
2825 1017 3072 1064 sanctum
3104 1019 3382 1075 ascetam;
3412 1018 3538 1066 erat
3567 1013 3707 1068 enim

2130 1102 2241 1173 jam
2300 1101 2507 1163 senior,
2545 1116 2671 1156 cum
2711 1100 2998 1157 Valentem
3050 1102 3229 1173 arguit
3277 1118 3421 1157 anno
3479 1104 3603 1169 576,
3658 1113 3711 1160 et

2136 1191 2315 1246 adhuc
2339 1191 2535 1261 agebat
2561 1190 2728 1245 vitain
2763 1207 2907 1245 anno
2941 1192 3066 1257 595,
3094 1207 3218 1246 cum
3244 1208 3370 1248 eum
3400 1192 3712 1250 Theodore-

2137 1293 2227 1338 tus
2248 1285 2533 1354 puerulus,
2561 1291 2735 1338 matre
2760 1284 3079 1350 comitante,
3109 1284 3320 1340 invisit.

2206 1375 2342 1429 VIII.
2393 1374 2453 1429 In
2502 1375 2682 1445 elogio
2721 1375 2870 1430 Petri
2904 1374 2975 1443 ³⁸,
3040 1384 3240 1445 praeter
3300 1377 3712 1433 conversionem

2135 1466 2587 1536 curationemque
2619 1467 2813 1521 matris
2843 1466 3201 1532 Theodoreti,
3234 1467 3519 1537 ipsiusque
3542 1468 3714 1523 Theo-

2135 1552 2312 1606 doreti
2368 1552 2711 1608 sanationem
2765 1569 2869 1623 ope
2921 1569 3071 1610 zonae
3116 1556 3289 1622 Petri,
3342 1557 3584 1612 notanda
3635 1567 3712 1613 est

2136 1645 2345 1700 mentio
2392 1645 2662 1716 Pergamii
2712 1646 2959 1717 praefecti
3023 1648 3281 1717 praetorio
3329 1647 3593 1715 Orientis,
3621 1650 3710 1721 qui

2137 1752 2282 1791 anno
2309 1736 2414 1791 564
2436 1737 2474 1800 ‘,
2511 1745 2603 1790 aut
2633 1736 2758 1803 565,
2818 1745 2914 1791 aut
2965 1738 3088 1804 566,
3117 1739 3501 1809 magistratum
3554 1741 3712 1811 gessit

531 1833 620 1887 IV.
647 1832 708 1887 In
735 1837 952 1901 quarto,
992 1830 1138 1901 quod
1165 1828 1390 1885 Eusebii
1434 1828 1538 1884 viri
1590 1827 1918 1882 sanctissimi
1952 1827 2035 1883 di—
2064 1815 2107 1870 Β
2136 1828 2239 1883 sub
2262 1828 2488 1883 Valente
2522 1845 2535 1881 ε
2570 1843 2748 1882 annus
2766 1844 2900 1882 vero
2919 1829 3268 1900 magistratus
3292 1830 3365 1884 ita
3400 1829 3708 1885 invenitur:

457 1923 800 1995 scipulorum
828 1922 1021 1978 laudes
1048 1921 1325 1987 continet,
1358 1920 1418 1975 ﬁt
1441 1920 1650 1976 mentio
1680 1921 1854 1976 sancti
1886 1921 2035 1976 illius

458 2018 514 2070 in
537 2032 648 2086 quo
678 2014 954 2080 vivebant,
992 2013 1221 2084 tugurii,
1250 2013 1456 2069 visitati
1484 2028 1516 2067 a
1577 2011 1927 2067 Theodoreto
1978 2019 2033 2067 et

457 2106 622 2160 sociis
658 2106 902 2175 ejusdem
935 2105 1192 2160 instituti.
1218 2104 1338 2171 Quo
1367 2114 1612 2175 tempore
1637 2111 1820 2159 autem
1850 2104 2034 2160 Theo-

459 2197 687 2252 doretus
726 2196 939 2257 Ahbam
992 2197 1201 2261 invisit,
1250 2196 1416 2266 298
1478 2195 1802 2250 vicesimum
1860 2195 2037 2250 aetatis

458 2303 663 2342 annum
690 2289 964 2358 attigerat,
1002 2296 1151 2343 certe
1176 2304 1287 2342 non
1312 2288 1547 2342 multum
1582 2295 1892 2342 excesserat
1923 2304 1936 2341 :
1979 2286 2035 2342 id

459 2394 591 2449 ergo
614 2379 844 2450 contigit
870 2396 1016 2435 anno
1048 2379 1172 2434 406.
1218 2380 1353 2445 Nam
1379 2378 1581 2444 Abbas,
1639 2378 2036 2449 discipulorum

461 2486 627 2536 unus,
658 2480 785 2525 octo
801 2481 858 2525 et
890 2471 1114 2541 triginta
1142 2470 1391 2525 asceticaz
1413 2469 1541 2525 vitae
1559 2485 1735 2526 annos
1756 2479 2034 2541 exegerat,

462 2577 589 2615 cum
640 2562 845 2630 scripta
891 2568 976 2615 est
1024 2560 1260 2615 Historia
1310 2560 1588 2632 religiosa;
1622 2560 1880 2630 scriptam
1905 2574 2039 2615 vero

462 2651 966 2707 demonstravimus
985 2668 1131 2707 anno
1166 2654 1288 2710 Ml.

534 2743 596 2797 V.
633 2743 693 2798 In
720 2744 973 2799 encomio
1019 2744 1220 2809 Publii,
1251 2742 1398 2813 quod
1436 2752 1602 2814 caput
1641 2744 1898 2814 quintum
1923 2752 2029 2810 est,

376 2904 380 2907 Α
462 2835 871 2891 observandum
893 2837 1094 2906 primo,
1122 2837 1267 2891 unde
1314 2835 1448 2891 urbs
1498 2836 1812 2907 Zeugmatis
1838 2852 2053 2892 nomen.

463 2928 758 2998 acceperit,
781 2944 977 2998 nempe
1020 2944 1050 2982 a
1094 2929 1352 3000 junctura
1400 2928 1797 2998 pontis,quem
1829 2927 2041 2983 Xerxes

463 3019 733 3090 Euphrati
772 3020 1053 3090 imposuit.

536 3111 810 3177 Secundo,
838 3113 894 3167 in
920 3112 1192 3167 asceterio
1217 3111 1395 3166 Publii
1429 3110 1621 3166 laudes
1650 3112 1762 3166 Deo
1788 3110 1963 3165 dictas
2009 3124 2040 3164 a

462 3203 749 3258 monachis
766 3202 953 3259 Graeca
981 3204 1146 3258 simul
1173 3211 1228 3258 et
1253 3202 1389 3275 Syra
1417 3203 1622 3274 lingua,
1648 3203 1876 3257 alternis
1905 3202 2040 3257 cho-

464 3293 563 3353 ris,
592 3292 758 3361 idque
788 3300 1063 3347 servatum
1109 3292 1298 3359 etiam,
1343 3308 1454 3362 quo
1502 3289 1746 3361 tempore
1784 3292 2040 3347 Theodo-

466 3394 622 3440 retus
641 3384 978 3439 Philotheum
1008 3384 1304 3439 scribebat.

536 3477 746 3541 Tertio,
773 3476 1156 3546 Aphthonium
1175 3474 1355 3529 Publii
1376 3474 1729 3545 discipulum,
1750 3481 2043 3545 postquam

466 3582 644 3622 annos
687 3565 1053 3636 quadraginta
1096 3564 1330 3619 rexisset
1381 3564 1735 3630 asceterium,
1780 3563 2046 3634 Zeugma-

468 3659 609 3714 tensi
640 3658 897 3713 Ecclesiae
942 3658 1245 3727 praefuisse.
1284 3657 1582 3714 Ordinatus
1617 3672 1748 3728 ergo
1783 3664 1869 3711 est
1916 3671 2044 3726 sep~

470 3751 794 3823 tuagenario
823 3752 1036 3823 major:
1075 3753 1201 3822 quis
1249 3751 1397 3808 enim
1444 3751 1632 3806 credat
1670 3760 1796 3805 ante
1825 3749 2043 3805 tricesi-

468 3858 620 3899 mum
652 3859 858 3898 annum
898 3859 1058 3900 sacro
1092 3843 1260 3900 εωιυὶ
1296 3842 1615 3915 praefectum
1658 3844 1817 3900 esse?
1843 3842 2043 3898 Felicia

467 3935 752 3991 enimvero
783 3942 1028 4004 tempora
1058 3937 1073 3990 ι
1942 3994 1947 4000 ,

541 4028 627 4082 Vl.
662 4027 723 4081 In
777 4036 932 4081 sexto
959 4028 1161 4097 capite,
1209 4028 1358 4098 quod
1403 4028 1683 4085 Simeonis
1715 4027 1891 4084 Prisci
1931 4027 2048 4083 elo-

468 4121 618 4191 gium
662 4126 769 4181 est,
805 4117 1035 4175 observa
1099 4118 1417 4190 religiosum
1473 4120 1639 4191 hujus
1684 4120 1861 4175 aetatis
1922 4134 2046 4175 mo-

468 4225 589 4266 rem
622 4209 893 4265 invisendi
917 4209 1122 4266 montis
1153 4209 1303 4276 Sina,
1330 4211 1426 4266 ubi
1467 4212 1644 4283 legem
1682 4211 1859 4267 Moses
1885 4226 2048 4267 acce-

468 4301 571 4371 pit.

539 4392 651 4448 VII.
683 4392 745 4447 In
786 4390 966 4464 elegio
1016 4391 1329 4461 Aphraatis,
1381 4392 1526 4463 quod
1554 4402 1809 4449 octavum
1856 4400 2044 4464 caput,

2133 1922 2308 1978 Natus
2362 1928 2446 1975 est
2499 1920 2879 1977 Theodoretus
2929 1936 3074 1976 anno
3112 1903 3248 1987 586,
3306 1928 3518 1993 septem
3566 1922 3713 1977 annis

2135 2024 2317 2079 antea,
2347 2015 2453 2069 hoc
2473 2023 2576 2079 est,
2613 2030 2758 2070 anno
2811 2014 2932 2070 579.
2978 2014 3174 2068 Petrus
3202 2020 3437 2068 matrem
3465 2012 3710 2068 Theodo-

2136 2108 2241 2164 reti
2296 2107 2556 2162 liberavit
2597 2108 2884 2162 oculorum
2938 2106 3166 2171 morbo;
3236 2105 3578 2161 liberaverat
3626 2104 3711 2160 ille

2137 2200 2349 2269 aliquot
2371 2197 2532 2253 annis
2562 2196 2725 2267 299
2747 2209 2908 2253 antea
2948 2197 3219 2268 Pergamii
3268 2197 3437 2251 tiliam
3468 2196 3541 2251 ab
3568 2183 3713 2267 argri—

2138 2290 2330 2345 tudine
2360 2307 2374 2344 :
2407 2306 2538 2361 ergo
2563 2289 2646 2344 vel
2699 2305 2843 2344 anno
2873 2289 2998 2353 574,
3051 2289 3136 2344 vel
3182 2289 3306 2353 575,
3347 2289 3437 2343 vel
3482 2287 3604 2352 576,
3631 2287 3712 2344 vel

2137 2381 2263 2436 577.
2316 2379 2386 2435 At
2432 2380 2717 2435 Modestus
2769 2378 3155 2450 praefecturam
3187 2378 3355 2448 gessit
3418 2392 3565 2431 anno
3595 2376 3708 2431 577.

2138 2473 2329 2527 Restat
2361 2471 2527 2541 igitur
2560 2477 2623 2525 ut
2646 2469 2967 2540 Pergamius
2997 2468 3192 2523 eadem
3215 2467 3453 2538 gesserit
3492 2482 3600 2521 uno
3647 2464 3711 2519 de

2140 2564 2318 2618 tribus
2344 2563 2499 2628 aliis;
2525 2561 2870 2633 probabilius
2900 2560 3047 2630 quod
3070 2559 3192 2613 576.

2212 2655 2304 2710 IX.
2359 2656 2420 2709 In
2472 2654 2654 2725 elogio
2708 2652 3008 2707 Theodosii
3052 2652 3095 2684 ⁸¹
3162 2651 3574 2706 observandum
3636 2658 3713 2705 est

2140 2749 2343 2821 primo,
2391 2747 2570 2817 ipsum
2604 2746 2810 2800 obiisse
2862 2744 3026 2815 paulo
3072 2753 3363 2815 postquam
3413 2759 3474 2799 se
3518 2740 3713 2812 recepit

2140 2841 2505 2904 Antiochiam,
2529 2847 2678 2894 metu
2701 2837 3153 2909 depopulantium
3175 2836 3360 2891 omnia
3381 2836 3709 2898 Isaurorum,

2140 2934 2246 2988 hoc
2273 2940 2377 2996 εει,
2406 2946 2551 2984 anno
2585 2928 2720 2993 405;
2757 2927 3104 2998 praecedente
3125 2927 3273 2983 enim
3308 2942 3456 2981 anno
3503 2938 3709 2998 grassa-

2142 3025 2342 3080 bantur
2373 3020 2563 3078 Isauri.

2214 3115 2492 3181 Secundo,
2525 3113 2716 3169 eadem
2765 3126 2889 3166 arca
2926 3108 3234 3175 conditum,
3271 3124 3378 3179 qua
3439 3105 3712 3163 mirandus

2144 3209 2469 3281 Aphraates,
2498 3224 2595 3263 sex
2637 3214 2733 3261 aut
2792 3213 3001 3276 septem
3033 3207 3193 3258 annis
3227 3203 3382 3273 prius
3430 3202 3541 3258 vita
3594 3201 3712 3254 fun-

2143 3301 2433 3358 ctus.ll:ec
2456 3300 2695 3370 sepulcri
2731 3298 3049 3355 communio
3096 3296 3201 3351 fuit
3246 3295 3334 3350 his
3382 3293 3714 3365 temporibus

2144 3390 2401 3447 amicitiae
2426 3399 2482 3445 et
2506 3389 2835 3444 reverentim
2857 3388 3094 3460 signum.
3156 3387 3299 3441 Hinc
3330 3385 3569 3441 Iacobus
3607 3383 3712 3446 ille,

2144 3484 2212 3537 de
2249 3496 2359 3551 quo
2384 3480 2590 3534 dicitur
2612 3480 2792 3550 capite
2811 3479 2901 3546 21,
2936 3494 3062 3533 cum
3089 3476 3504 3531 Theodoretum
3535 3472 3713 3543 dilige-

2143 3582 2248 3636 ret,
2280 3571 2471 3627 eadem
2504 3570 2713 3640 optavit
2742 3585 2870 3625 arca
2902 3569 3090 3631 condi.
3351 3563 3359 3570 ’

2216 3663 2434 3727 Tertio,
2467 3661 2774 3717 Helladium
2818 3660 3169 3724 Tarsensem,
3200 3660 3295 3729 qui
3337 3658 3446 3714 fuit
3470 3669 3612 3712 unus
3651 3652 3712 3707 de

2146 3752 2530 3817 schismaticis,
2558 3751 2779 3823 rejectis
2818 3765 2848 3805 a
2875 3749 3290 3805 conditionibus
3341 3749 3548 3820 quibus
3589 3744 3712 3800 inita

2144 3861 2251 3918 pax
2276 3844 2666 3909 Ecclesiarum,
2690 3843 2793 3899 sub
2813 3841 3127 3897 Theodosio
3158 3842 3357 3912 partim
3378 3855 3536 3896 sacro
3558 3834 3712 3893 cmtui

2147 3937 2463 4009 praefectus,
2502 3935 2783 4007 sexaginta
2800 3949 2975 3989 annos
3002 4008 3004 4011 τ
3027 3934 3317 3988 asceticam
3356 3932 3525 4012 vitam
3559 3928 3712 3984 mira-

2148 4029 2338 4085 biliter
2370 4028 2614 4092 duxisse,
2645 4042 2749 4082 nec
2771 4029 2911 4081 eam‘
2948 4024 3005 4079 in
3039 4023 3360 4095 episcopatu
3405 4019 3711 4083 demisisse;

2148 4140 2321 4195 quare
2349 4138 2473 4177 cum
2505 4121 2756 4191 dejectus
2781 4128 2865 4175 est
2888 4119 3040 4185 sede,
3068 4134 3179 4172 non
3219 4116 3517 4172 admodum
3575 4119 3714 4168 octo-

2148 4215 2369 4286 genario
2398 4213 2578 4267 minor
2601 4210 2828 4267 exstitit.
2871 4210 3006 4277 Quis
3029 4225 3162 4265 vero
3205 4225 3316 4264 non
3372 4209 3601 4262 miretur
3627 4210 3715 4257 aut

2148 4321 2259 4361 non
2296 4312 2514 4374 stupeat
2541 4305 2734 4374 magis,
2773 4303 2909 4357 tanti
2932 4303 3036 4356 viri
3065 4300 3396 4369 caecitatem,
3430 4300 3514 4355 vel
3546 4295 3712 4368 potius

2148 4405 2533 4469 praesumptam
2558 4396 2626 4451 de
2651 4395 2908 4451 Nestorio
2945 4393 3306 4464 opinionem?

468 4482 881 4539 observandum
936 4482 1138 4553 primo,
1191 4483 1339 4553 quod
1365 4483 1604 4538 refertur
1647 4484 1717 4540 de
1769 4484 2042 4554 legatione
2075 4510 2119 4567 ο
2217 4490 2287 4545 Χ.
2316 4489 2506 4559 Operae
2533 4489 2773 4559 pretium
2822 4496 2927 4553 est,
2986 4487 3053 4542 ad
3102 4486 3368 4542 rationem
3418 4492 3711 4553 temporum

466 4575 687 4630 Persica
702 4572 1006 4638 Anthemii,
1029 4573 1126 4643 qui
1154 4573 1726 4644 magisteroiliciorum
1751 4590 1896 4629 anno
1916 4575 2043 4641 404,

362 4717 375 4729 ,
469 4667 659 4721 consul
713 4681 859 4721 anno
890 4664 1016 4731 405,
1052 4665 1347 4736 praefectus
1391 4666 1651 4736 praatorio
1681 4666 1924 4723 Orientis
1955 4682 2050 4722 eo-

470 4757 596 4810 dem
637 4774 800 4824 anno,
836 4767 894 4814 et
943 4758 1418 4828 consequentibus
1446 4757 1658 4824 decem,
1695 4773 1806 4813 uno
1836 4765 2050 4814 tantum

470 4858 720 4918 excepto.
752 4851 1024 4907 Functum
1056 4868 1182 4908 eum
1230 4853 1336 4909 hac
1384 4851 1654 4923 legatione
1704 4852 1835 4907 alibi
1869 4853 2054 4923 legere

471 4950 559 4990 me
578 4951 689 4990 non
720 4938 941 4992 memini
966 4957 981 5005 ;
1002 4941 1200 5010 legatio
1232 4958 1368 4998 vero
1396 4941 1511 4996 huic
1536 4940 1640 4997 sub
1653 4941 1890 4998 Arcadio
1918 4958 2051 4998 con-

474 5027 617 5098 tigit,
641 5043 765 5082 cum
786 5027 966 5085 foedus
980 5031 1174 5088 Persas
1190 5034 1332 5088 inter
1351 5041 1408 5089 et
1424 5033 1703 5089 Romanos
1726 5032 2051 5088 innovatum

472 5131 577 5178 est.

544 5213 820 5279 Secundo,
844 5212 1164 5269 Flavianum
1202 5225 1259 5269 et
1284 5217 1585 5274 Diodorum
1630 5219 1739 5275 dici
1775 5220 2045 5291 tempori-

470 5306 578 5362 bus
603 5315 765 5362 motae
798 5322 829 5362 a
849 5306 1078 5362 Valente
1107 5309 1510 5377 persecutionis
1539 5311 1749 5367 honore
1789 5314 2046 5369 secundae

470 5399 747 5455 cathedrae
787 5399 1014 5455 aﬂ'ectos
1054 5398 1243 5465 fuisse,
1279 5401 1378 5469 τῆς
1417 5401 1674 5473 δευτέρας
1714 5403 2048 5475 ἠξιωμένους

471 5491 759 5564 καθέδρας.
784 5492 840 5546 Id
863 5492 1010 5546 enim
1032 5492 1253 5546 videtur
1273 5492 1407 5547 mihi
1426 5492 1919 5564 interpretandum,
1936 5514 2047 5554 non

2147 4582 2585 4648 subducendam,
2616 4581 2854 4653 elogium
2887 4580 3125 4635 Zenonis
3157 4580 3200 4611 ³⁸
3226 4578 3282 4633 in
3336 4573 3710 4646 compendium

2146 4675 2495 4731 contrahere.
2526 4672 2833 4744 Antequam
2854 4672 3157 4727 monachus
3185 4670 3362 4729 ﬁeret.
3406 4670 3551 4723 inter
3568 4677 3713 4718 vere-

2148 4767 2334 4823 darios
2355 4765 2633 4826 militavit.
2687 4774 2926 4834 tuncque
2979 4763 3249 4835 temporis
3282 4762 3351 4817 de
3397 4760 3564 4816 rebus
3595 4753 3711 4810 ﬁdei

2150 4861 2437 4916 institutus
2454 4868 2539 4914 est
2565 4875 2594 4913 a
2627 4858 2829 4914 Basilio
2857 4871 3078 4928 magno,
3114 4857 3208 4927 qui
3231 4871 3377 4911 anno
3403 4853 3507 4909 578
3533 4862 3710 4906 exces—

2156 4954 2228 5008 sit
2252 4968 2283 5007 e
2306 4953 2418 5007 vita
2449 4970 2463 5005 :
2494 4951 2693 5006 deinde
2726 4950 3005 5021 cingulum
3053 4947 3257 5019 posuit,
3300 4946 3482 5002 statim
3540 4939 3713 4998 occiso

2154 5045 2400 5110 Valente,
2426 5043 2478 5097 id
2506 5052 2609 5107 est,
2641 5058 2785 5097 anno
2801 5042 2926 5107 578,
2949 5049 3010 5096 ιιι
3034 5056 3091 5096 εε
3115 5040 3272 5095 daret
3298 5037 3563 5095 asceticze.
3582 5032 3714 5089 Con-

2154 5144 2353 5191 ventus
2372 5145 2508 5190 esta
2539 5134 2887 5189 Theodoreto
2915 5149 3053 5204 pene
3095 5132 3316 5196 iuvesti,
3375 5129 3469 5185 sed
3493 5130 3601 5200 jam
3638 5122 3711 5177 le-

2154 5238 2325 5295 ctore,
2355 5226 2462 5281 hoc
2522 5235 2625 5289 est,
2679 5233 2811 5280 nato
2858 5224 2927 5278 22
2983 5239 3157 5279 annos
3212 5222 3453 5277 circiter.
3478 5216 3709 5284 Denique

2156 5317 2320 5388 paulo
2349 5324 2475 5371 ante
2500 5295 2732 5370 mortem
2761 5313 3045 5384 pecunias,
3065 5329 3130 5368 ex
3154 5310 3481 5384 patrimonio
3503 5303 3713 5361 vendito

2155 5413 2483 5471 contractas,
2515 5404 2741 5461 tradidit
2771 5403 3082 5460 Alexandro
3107 5401 3414 5458 Antiochia:
3439 5397 3709 5469 episcopo:

2155 5498 2566 5556 distribuemlas
2600 5497 2955 5571 pauperibus.

1788 5656 2103 5716 SCHULZII
2140 5659 2373 5718 NOTAE.

548 5788 593 5824 ³⁸
622 5788 851 5849 Philam.
882 5809 929 5849 ε.
962 5794 1012 5850 9.
1093 5792 1131 5828 ³¹
1168 5791 1302 5848 ibid.
1338 5792 1505 5851 c.'I0.
1587 5793 1629 5826 “
1657 5792 1791 5879 ibid.
1824 5810 1872 5849 ε.
1909 5793 1995 5851 12.
