  <div class='ocr_page' id='page_1' title='image "/cluster/home/n/w/nwhite01/storage/ocr_20150623/84 pt.5/mdp.39015010572884/132.png"; bbox 0 0 3926 6216; ppageno 0'>
   <div class='ocr_carea' id='block_1_1' title="bbox 242 320 2304 435">
    <p class='ocr_par' dir='ltr' id='par_1_1' title="bbox 242 320 2304 435">
     <span class='ocr_line' id='line_1_1' title="bbox 242 320 2304 435; baseline -0.007 0"><span class='ocrx_word' id='word_1_1' title='bbox 242 371 324 435; x_wconf 70' lang='lat' dir='ltr'><strong>se</strong></span> <span class='ocrx_word' id='word_1_2' title='bbox 1370 362 1468 425; x_wconf 87' lang='lat' dir='ltr'><strong>DE</strong></span> <span class='ocrx_word' id='word_1_3' title='bbox 1507 320 1762 423; x_wconf 74' lang='lat' dir='ltr'><strong>uenis</strong></span> <span class='ocrx_word' id='word_1_4' title='bbox 1797 358 2304 422; x_wconf 79' lang='lat' dir='ltr'><strong>THEODORETI.</strong></span> 
     </span>
    </p>
   </div>
   <div class='ocr_carea' id='block_1_2' title="bbox 3347 351 3456 416">
    <p class='ocr_par' dir='ltr' id='par_1_2' title="bbox 3347 351 3456 416">
     <span class='ocr_line' id='line_1_2' title="bbox 3347 351 3456 416; baseline 0.028 -3"><span class='ocrx_word' id='word_1_5' title='bbox 3347 351 3456 416; x_wconf 76' lang='lat'><strong>250</strong></span> 
     </span>
    </p>
   </div>
   <div class='ocr_carea' id='block_1_3' title="bbox 297 465 3457 557">
    <p class='ocr_par' dir='ltr' id='par_1_3' title="bbox 297 465 3457 557">
     <span class='ocr_line' id='line_1_3' title="bbox 297 465 3457 557; baseline -0.006 -15"><span class='ocrx_word' id='word_1_6' title='bbox 297 487 367 542; x_wconf 80' lang='lat' dir='ltr'><strong>Ex</strong></span> <span class='ocrx_word' id='word_1_7' title='bbox 393 483 476 540; x_wconf 90' lang='lat' dir='ltr'><strong>his</strong></span> <span class='ocrx_word' id='word_1_8' title='bbox 499 482 839 557; x_wconf 71' lang='lat' dir='ltr'><strong>colliguntur</strong></span> <span class='ocrx_word' id='word_1_9' title='bbox 866 481 995 537; x_wconf 90' lang='lat' dir='ltr'><strong>duo.</strong></span> <span class='ocrx_word' id='word_1_10' title='bbox 1026 480 1271 537; x_wconf 85' lang='lat' dir='ltr'><strong>Primum</strong></span> <span class='ocrx_word' id='word_1_11' title='bbox 1293 522 1306 547; x_wconf 90' lang='lat'><strong>,</strong></span> <span class='ocrx_word' id='word_1_12' title='bbox 1338 497 1371 536; x_wconf 89' lang='lat' dir='ltr'><strong>a</strong></span> <span class='ocrx_word' id='word_1_13' title='bbox 1431 480 1783 535; x_wconf 85' lang='lat' dir='ltr'><strong>Theodoreto</strong></span> <span class='ocrx_word' id='word_1_14' title='bbox 1812 486 1854 542; x_wconf 74' lang='grc' dir='ltr'><strong>Α</strong></span> <span class='ocrx_word' id='word_1_15' title='bbox 1887 480 1983 535; x_wconf 90' lang='lat' dir='ltr'><strong>tim</strong></span> <span class='ocrx_word' id='word_1_16' title='bbox 2037 479 2216 549; x_wconf 97' lang='lat' dir='ltr'><strong>capite</strong></span> <span class='ocrx_word' id='word_1_17' title='bbox 2241 480 2258 498; x_wconf 84' lang='grc'>⁶</span> <span class='ocrx_word' id='word_1_18' title='bbox 2280 477 2460 548; x_wconf 90' lang='lat' dir='ltr'><strong>primo</strong></span> <span class='ocrx_word' id='word_1_19' title='bbox 2508 474 2737 545; x_wconf 80' lang='lat' dir='ltr'><strong>hujusce</strong></span> <span class='ocrx_word' id='word_1_20' title='bbox 2798 467 3199 528; x_wconf 67' lang='lat' dir='ltr'><strong>dissertationis</strong></span> <span class='ocrx_word' id='word_1_21' title='bbox 3221 465 3266 498; x_wconf 86' lang='grc'><strong>³³</strong></span> <span class='ocrx_word' id='word_1_22' title='bbox 3312 482 3326 520; x_wconf 87' lang='lat'><strong>:</strong></span> <span class='ocrx_word' id='word_1_23' title='bbox 3363 468 3457 522; x_wconf 84' lang='lat' dir='ltr'><strong>vix</strong></span> 
     </span>
    </p>
   </div>
   <div class='ocr_carea' id='block_1_4' title="bbox 243 571 1787 637">
    <p class='ocr_par' dir='ltr' id='par_1_4' title="bbox 243 571 1787 637">
     <span class='ocr_line' id='line_1_4' title="bbox 243 571 1787 637; baseline -0.006 -1"><span class='ocrx_word' id='word_1_24' title='bbox 243 585 540 637; x_wconf 83' lang='lat' dir='ltr'><strong>conventum</strong></span> <span class='ocrx_word' id='word_1_25' title='bbox 569 590 720 631; x_wconf 85' lang='lat' dir='ltr'><strong>anno</strong></span> <span class='ocrx_word' id='word_1_26' title='bbox 747 576 873 632; x_wconf 76' lang='grc'><strong>408.</strong></span> <span class='ocrx_word' id='word_1_27' title='bbox 903 574 1028 630; x_wconf 87' lang='lat' dir='ltr'><strong>Fu-it</strong></span> <span class='ocrx_word' id='word_1_28' title='bbox 1054 574 1204 628; x_wconf 90' lang='lat' dir='ltr'><strong>enim</strong></span> <span class='ocrx_word' id='word_1_29' title='bbox 1254 588 1435 627; x_wconf 88' lang='lat' dir='ltr'><strong>annus</strong></span> <span class='ocrx_word' id='word_1_30' title='bbox 1464 572 1557 627; x_wconf 91' lang='lat' dir='ltr'><strong>ille</strong></span> <span class='ocrx_word' id='word_1_31' title='bbox 1586 571 1787 627; x_wconf 86' lang='lat' dir='ltr'><strong>vicesi-</strong></span> 
     </span>
    </p>
   </div>
   <div class='ocr_carea' id='block_1_5' title="bbox 242 662 1780 736">
    <p class='ocr_par' dir='ltr' id='par_1_5' title="bbox 242 662 1780 736">
     <span class='ocr_line' id='line_1_5' title="bbox 242 662 1780 736; baseline -0.007 -9"><span class='ocrx_word' id='word_1_32' title='bbox 242 688 344 727; x_wconf 85' lang='lat' dir='ltr'><strong>mus</strong></span> <span class='ocrx_word' id='word_1_33' title='bbox 364 669 633 726; x_wconf 89' lang='lat' dir='ltr'><strong>secundus</strong></span> <span class='ocrx_word' id='word_1_34' title='bbox 685 667 1041 731; x_wconf 75' lang='lat' dir='ltr'><strong>Theodoreti,</strong></span> <span class='ocrx_word' id='word_1_35' title='bbox 1085 666 1288 736; x_wconf 85' lang='lat' dir='ltr'><strong>quippe</strong></span> <span class='ocrx_word' id='word_1_36' title='bbox 1317 664 1432 720; x_wconf 88' lang='lat' dir='ltr'><strong>nati</strong></span> <span class='ocrx_word' id='word_1_37' title='bbox 1474 679 1619 719; x_wconf 87' lang='lat' dir='ltr'><strong>anno</strong></span> <span class='ocrx_word' id='word_1_38' title='bbox 1656 662 1780 717; x_wconf 79' lang='lat'><strong>586.</strong></span> 
     </span>
    </p>
   </div>
   <div class='ocr_carea' id='block_1_6' title="bbox 243 752 1786 829">
    <p class='ocr_par' dir='ltr' id='par_1_6' title="bbox 243 752 1786 829">
     <span class='ocr_line' id='line_1_6' title="bbox 243 752 1786 829; baseline -0.006 -13"><span class='ocrx_word' id='word_1_39' title='bbox 243 760 543 823; x_wconf 82' lang='lat' dir='ltr'><strong>Secundum,</strong></span> <span class='ocrx_word' id='word_1_40' title='bbox 574 758 966 829; x_wconf 76' lang='lat' dir='ltr'><strong>corrigendum</strong></span> <span class='ocrx_word' id='word_1_41' title='bbox 989 771 1111 811; x_wconf 88' lang='lat' dir='ltr'><strong>esse</strong></span> <span class='ocrx_word' id='word_1_42' title='bbox 1143 763 1374 820; x_wconf 82' lang='lat' dir='ltr'><strong>textum,</strong></span> <span class='ocrx_word' id='word_1_43' title='bbox 1426 754 1521 808; x_wconf 90' lang='lat' dir='ltr'><strong>ubi</strong></span> <span class='ocrx_word' id='word_1_44' title='bbox 1583 752 1786 807; x_wconf 89' lang='lat' dir='ltr'><strong>dicitur</strong></span> 
     </span>
    </p>
   </div>
   <div class='ocr_carea' id='block_1_7' title="bbox 240 845 1782 920">
    <p class='ocr_par' dir='ltr' id='par_1_7' title="bbox 240 845 1782 920">
     <span class='ocr_line' id='line_1_7' title="bbox 240 845 1782 920; baseline -0.006 -12"><span class='ocrx_word' id='word_1_45' title='bbox 240 852 366 908; x_wconf 80' lang='lat' dir='ltr'><strong>Zeno</strong></span> <span class='ocrx_word' id='word_1_46' title='bbox 378 850 615 920; x_wconf 81' lang='lat' dir='ltr'><strong>exegisse</strong></span> <span class='ocrx_word' id='word_1_47' title='bbox 638 857 758 903; x_wconf 91' lang='lat' dir='ltr'><strong>tum</strong></span> <span class='ocrx_word' id='word_1_48' title='bbox 781 848 1029 903; x_wconf 66' lang='lat' dir='ltr'><strong>asceticm</strong></span> <span class='ocrx_word' id='word_1_49' title='bbox 1048 847 1169 902; x_wconf 66' lang='lat' dir='ltr'><strong>vitae</strong></span> <span class='ocrx_word' id='word_1_50' title='bbox 1200 845 1563 918; x_wconf 85' lang='lat' dir='ltr'><strong>quadraginta</strong></span> <span class='ocrx_word' id='word_1_51' title='bbox 1590 859 1782 910; x_wconf 86' lang='lat' dir='ltr'><strong>annos,</strong></span> 
     </span>
    </p>
   </div>
   <div class='ocr_carea' id='block_1_8' title="bbox 239 934 1787 1006">
    <p class='ocr_par' dir='ltr' id='par_1_8' title="bbox 239 934 1787 1006">
     <span class='ocr_line' id='line_1_8' title="bbox 239 934 1787 1006; baseline -0.007 -10"><span class='ocrx_word' id='word_1_52' title='bbox 239 958 344 997; x_wconf 86' lang='lat' dir='ltr'><strong>cum</strong></span> <span class='ocrx_word' id='word_1_53' title='bbox 371 957 399 995; x_wconf 84' lang='lat' dir='ltr'><strong>a</strong></span> <span class='ocrx_word' id='word_1_54' title='bbox 427 939 774 994; x_wconf 85' lang='lat' dir='ltr'><strong>Theodoreto</strong></span> <span class='ocrx_word' id='word_1_55' title='bbox 796 938 1126 992; x_wconf 85' lang='lat' dir='ltr'><strong>iuviseretur</strong></span> <span class='ocrx_word' id='word_1_56' title='bbox 1165 955 1176 989; x_wconf 93' lang='lat'><strong>:</strong></span> <span class='ocrx_word' id='word_1_57' title='bbox 1209 952 1331 991; x_wconf 89' lang='lat' dir='ltr'><strong>nam</strong></span> <span class='ocrx_word' id='word_1_58' title='bbox 1365 950 1468 1006; x_wconf 91' lang='lat' dir='ltr'><strong>pro</strong></span> <span class='ocrx_word' id='word_1_59' title='bbox 1518 934 1787 1005; x_wconf 76' lang='grc' dir='ltr'><strong>τεσσαρά-</strong></span> 
     </span>
    </p>
   </div>
   <div class='ocr_carea' id='block_1_9' title="bbox 239 1028 1785 1102">
    <p class='ocr_par' dir='ltr' id='par_1_9' title="bbox 239 1028 1785 1102">
     <span class='ocr_line' id='line_1_9' title="bbox 239 1028 1785 1102; baseline -0.004 -16"><span class='ocrx_word' id='word_1_60' title='bbox 239 1050 378 1086; x_wconf 76' lang='grc' dir='ltr'><strong>κοντα</strong></span> <span class='ocrx_word' id='word_1_61' title='bbox 403 1031 783 1102; x_wconf 84' lang='lat' dir='ltr'><strong>reponendum</strong></span> <span class='ocrx_word' id='word_1_62' title='bbox 817 1038 904 1085; x_wconf 87' lang='lat' dir='ltr'><strong>est</strong></span> <span class='ocrx_word' id='word_1_63' title='bbox 957 1029 1290 1100; x_wconf 72' lang='grc' dir='ltr'><strong>τριάκοντας</strong></span> <span class='ocrx_word' id='word_1_64' title='bbox 1327 1028 1573 1098; x_wconf 83' lang='lat' dir='ltr'><strong>alioquin</strong></span> <span class='ocrx_word' id='word_1_65' title='bbox 1607 1041 1785 1081; x_wconf 90' lang='lat' dir='ltr'><strong>annus</strong></span> 
     </span>
    </p>
   </div>
   <div class='ocr_carea' id='block_1_10' title="bbox 238 1117 1784 1194">
    <p class='ocr_par' dir='ltr' id='par_1_10' title="bbox 238 1117 1784 1194">
     <span class='ocr_line' id='line_1_10' title="bbox 238 1117 1784 1194; baseline -0.005 -16"><span class='ocrx_word' id='word_1_66' title='bbox 238 1124 662 1194; x_wconf 79' lang='lat' dir='ltr'><strong>quadragesimus</strong></span> <span class='ocrx_word' id='word_1_67' title='bbox 695 1120 1103 1177; x_wconf 82' lang='lat' dir='ltr'><strong>aconversione</strong></span> <span class='ocrx_word' id='word_1_68' title='bbox 1138 1118 1377 1174; x_wconf 83' lang='lat' dir='ltr'><strong>Zenonis</strong></span> <span class='ocrx_word' id='word_1_69' title='bbox 1424 1118 1694 1173; x_wconf 76' lang='lat' dir='ltr'><strong>incideret</strong></span> <span class='ocrx_word' id='word_1_70' title='bbox 1727 1117 1784 1171; x_wconf 90' lang='lat' dir='ltr'><strong>in</strong></span> 
     </span>
    </p>
   </div>
   <div class='ocr_carea' id='block_1_11' title="bbox 237 1208 1786 1281">
    <p class='ocr_par' dir='ltr' id='par_1_11' title="bbox 237 1208 1786 1281">
     <span class='ocr_line' id='line_1_11' title="bbox 237 1208 1786 1281; baseline -0.005 -12"><span class='ocrx_word' id='word_1_71' title='bbox 237 1230 411 1269; x_wconf 88' lang='lat' dir='ltr'><strong>annum</strong></span> <span class='ocrx_word' id='word_1_72' title='bbox 471 1214 680 1269; x_wconf 73' lang='lat' dir='ltr'><strong>Christi</strong></span> <span class='ocrx_word' id='word_1_73' title='bbox 723 1214 858 1276; x_wconf 73' lang='lat' dir='ltr'><strong>M8;</strong></span> <span class='ocrx_word' id='word_1_74' title='bbox 915 1226 1026 1281; x_wconf 90' lang='lat' dir='ltr'><strong>quo</strong></span> <span class='ocrx_word' id='word_1_75' title='bbox 1080 1225 1224 1265; x_wconf 83' lang='lat' dir='ltr'><strong>anno</strong></span> <span class='ocrx_word' id='word_1_76' title='bbox 1265 1208 1376 1263; x_wconf 91' lang='lat' dir='ltr'><strong>dici</strong></span> <span class='ocrx_word' id='word_1_77' title='bbox 1423 1223 1537 1262; x_wconf 90' lang='lat' dir='ltr'><strong>non</strong></span> <span class='ocrx_word' id='word_1_78' title='bbox 1605 1216 1786 1277; x_wconf 90' lang='lat' dir='ltr'><strong>potest</strong></span> 
     </span>
    </p>
   </div>
   <div class='ocr_carea' id='block_1_12' title="bbox 239 1299 1780 1375">
    <p class='ocr_par' dir='ltr' id='par_1_12' title="bbox 239 1299 1780 1375">
     <span class='ocr_line' id='line_1_12' title="bbox 239 1299 1780 1375; baseline -0.006 -14"><span class='ocrx_word' id='word_1_79' title='bbox 239 1307 593 1361; x_wconf 89' lang='lat' dir='ltr'><strong>Theodoretus</strong></span> <span class='ocrx_word' id='word_1_80' title='bbox 630 1305 814 1375; x_wconf 86' lang='lat' dir='ltr'><strong>prima</strong></span> <span class='ocrx_word' id='word_1_81' title='bbox 869 1303 1126 1374; x_wconf 80' lang='lat' dir='ltr'><strong>lanugine</strong></span> <span class='ocrx_word' id='word_1_82' title='bbox 1186 1301 1277 1356; x_wconf 88' lang='lat' dir='ltr'><strong>vix</strong></span> <span class='ocrx_word' id='word_1_83' title='bbox 1324 1315 1489 1371; x_wconf 84' lang='lat' dir='ltr'><strong>genas</strong></span> <span class='ocrx_word' id='word_1_84' title='bbox 1515 1299 1780 1363; x_wconf 90' lang='lat' dir='ltr'><strong>induisse,</strong></span> 
     </span>
    </p>
   </div>
   <div class='ocr_carea' id='block_1_13' title="bbox 237 1382 1782 1467">
    <p class='ocr_par' dir='ltr' id='par_1_13' title="bbox 237 1382 1782 1467">
     <span class='ocr_line' id='line_1_13' title="bbox 237 1382 1782 1467; baseline -0.006 -14"><span class='ocrx_word' id='word_1_85' title='bbox 237 1397 476 1467; x_wconf 83' lang='lat' dir='ltr'><strong>siquidem</strong></span> <span class='ocrx_word' id='word_1_86' title='bbox 518 1411 667 1452; x_wconf 90' lang='lat' dir='ltr'><strong>anno</strong></span> <span class='ocrx_word' id='word_1_87' title='bbox 702 1394 808 1449; x_wconf 67' lang='lat'><strong>420</strong></span> <span class='ocrx_word' id='word_1_88' title='bbox 852 1382 1145 1464; x_wconf 82' lang='lat' dir='ltr'><strong>episcopus</strong></span> <span class='ocrx_word' id='word_1_89' title='bbox 1204 1392 1491 1447; x_wconf 89' lang='lat' dir='ltr'><strong>ordinatus</strong></span> <span class='ocrx_word' id='word_1_90' title='bbox 1520 1398 1638 1455; x_wconf 88' lang='lat' dir='ltr'><strong>est;</strong></span> <span class='ocrx_word' id='word_1_91' title='bbox 1670 1389 1782 1445; x_wconf 90' lang='lat' dir='ltr'><strong>uti-</strong></span> 
     </span>
    </p>
   </div>
   <div class='ocr_carea' id='block_1_14' title="bbox 238 1484 1783 1560">
    <p class='ocr_par' dir='ltr' id='par_1_14' title="bbox 238 1484 1783 1560">
     <span class='ocr_line' id='line_1_14' title="bbox 238 1484 1783 1560; baseline -0.005 -16"><span class='ocrx_word' id='word_1_92' title='bbox 238 1504 327 1559; x_wconf 92' lang='lat' dir='ltr'><strong>que</strong></span> <span class='ocrx_word' id='word_1_93' title='bbox 360 1503 596 1560; x_wconf 82' lang='lat' dir='ltr'><strong>congrua</strong></span> <span class='ocrx_word' id='word_1_94' title='bbox 642 1495 825 1552; x_wconf 67' lang='lat' dir='ltr'><strong>aetate,</strong></span> <span class='ocrx_word' id='word_1_95' title='bbox 887 1486 943 1541; x_wconf 88' lang='lat' dir='ltr'><strong>id</strong></span> <span class='ocrx_word' id='word_1_96' title='bbox 984 1495 1070 1541; x_wconf 89' lang='lat' dir='ltr'><strong>est</strong></span> <span class='ocrx_word' id='word_1_97' title='bbox 1107 1485 1331 1556; x_wconf 82' lang='lat' dir='ltr'><strong>triginta</strong></span> <span class='ocrx_word' id='word_1_98' title='bbox 1374 1484 1566 1538; x_wconf 83' lang='lat' dir='ltr'><strong>saltem</strong></span> <span class='ocrx_word' id='word_1_99' title='bbox 1607 1498 1783 1538; x_wconf 88' lang='lat' dir='ltr'><strong>anno-</strong></span> 
     </span>
    </p>
   </div>
   <div class='ocr_carea' id='block_1_15' title="bbox 240 1598 359 1637">
    <p class='ocr_par' dir='ltr' id='par_1_15' title="bbox 240 1598 359 1637">
     <span class='ocr_line' id='line_1_15' title="bbox 240 1598 359 1637; baseline 0 0"><span class='ocrx_word' id='word_1_100' title='bbox 240 1598 359 1637; x_wconf 72' lang='lat' dir='ltr'><strong>TBHL</strong></span> 
     </span>
    </p>
   </div>
   <div class='ocr_carea' id='block_1_16' title="bbox 295 1666 1779 1740">
    <p class='ocr_par' dir='ltr' id='par_1_16' title="bbox 295 1666 1779 1740">
     <span class='ocr_line' id='line_1_16' title="bbox 295 1666 1779 1740; baseline -0.001 -17"><span class='ocrx_word' id='word_1_101' title='bbox 295 1669 373 1724; x_wconf 80' lang='lat' dir='ltr'><strong>XI.</strong></span> <span class='ocrx_word' id='word_1_102' title='bbox 403 1670 705 1725; x_wconf 78' lang='lat' dir='ltr'><strong>Macedonii</strong></span> <span class='ocrx_word' id='word_1_103' title='bbox 739 1670 978 1740; x_wconf 82' lang='lat' dir='ltr'><strong>elogium</strong></span> <span class='ocrx_word' id='word_1_104' title='bbox 1028 1668 1108 1733; x_wconf 79' lang='grc'><strong>³³,</strong></span> <span class='ocrx_word' id='word_1_105' title='bbox 1156 1667 1313 1738; x_wconf 89' lang='lat' dir='ltr'><strong>quasi</strong></span> <span class='ocrx_word' id='word_1_106' title='bbox 1356 1666 1779 1732; x_wconf 78' lang='lat' dir='ltr'><strong>eucharisticon,</strong></span> 
     </span>
    </p>
   </div>
   <div class='ocr_carea' id='block_1_17' title="bbox 241 1758 1782 1830">
    <p class='ocr_par' dir='ltr' id='par_1_17' title="bbox 241 1758 1782 1830">
     <span class='ocr_line' id='line_1_17' title="bbox 241 1758 1782 1830; baseline -0.001 -16"><span class='ocrx_word' id='word_1_107' title='bbox 241 1760 1072 1830; x_wconf 81' lang='lat' dir='ltr'><strong>seripsit&#39;l‘heodoretuszipsius</strong></span> <span class='ocrx_word' id='word_1_108' title='bbox 1098 1760 1246 1814; x_wconf 91' lang='lat' dir='ltr'><strong>enim</strong></span> <span class='ocrx_word' id='word_1_109' title='bbox 1297 1758 1554 1829; x_wconf 87' lang='lat' dir='ltr'><strong>precibus</strong></span> <span class='ocrx_word' id='word_1_110' title='bbox 1597 1758 1782 1814; x_wconf 90' lang='lat' dir='ltr'><strong>editus</strong></span> 
     </span>
    </p>
   </div>
   <div class='ocr_carea' id='block_1_18' title="bbox 1886 556 3461 638">
    <p class='ocr_par' dir='ltr' id='par_1_18' title="bbox 1886 556 3461 638">
     <span class='ocr_line' id='line_1_18' title="bbox 1886 556 3461 638; baseline -0.009 -14"><span class='ocrx_word' id='word_1_111' title='bbox 1886 570 2037 624; x_wconf 89' lang='lat' dir='ltr'><strong>enim</strong></span> <span class='ocrx_word' id='word_1_112' title='bbox 2072 570 2220 625; x_wconf 90' lang='lat' dir='ltr'><strong>ullus</strong></span> <span class='ocrx_word' id='word_1_113' title='bbox 2247 574 2334 624; x_wconf 84' lang='lat' dir='ltr'><strong>est</strong></span> <span class='ocrx_word' id='word_1_114' title='bbox 2363 564 2617 638; x_wconf 84' lang='lat' dir='ltr'><strong>pluribus</strong></span> <span class='ocrx_word' id='word_1_115' title='bbox 2641 571 2949 632; x_wconf 84' lang='lat' dir='ltr'><strong>temporum</strong></span> <span class='ocrx_word' id='word_1_116' title='bbox 2971 558 3118 613; x_wconf 87' lang='lat' dir='ltr'><strong>notis</strong></span> <span class='ocrx_word' id='word_1_117' title='bbox 3143 556 3357 628; x_wconf 84' lang='lat' dir='ltr'><strong>plenior</strong></span> <span class='ocrx_word' id='word_1_118' title='bbox 3379 556 3461 611; x_wconf 88' lang='lat' dir='ltr'><strong>lo-</strong></span> 
     </span>
    </p>
   </div>
   <div class='ocr_carea' id='block_1_19' title="bbox 1885 674 2004 715">
    <p class='ocr_par' dir='ltr' id='par_1_19' title="bbox 1885 674 2004 715">
     <span class='ocr_line' id='line_1_19' title="bbox 1885 674 2004 715; baseline -0.017 0"><span class='ocrx_word' id='word_1_119' title='bbox 1885 674 2004 715; x_wconf 80' lang='lat' dir='ltr'><strong>CUS.</strong></span> 
     </span>
    </p>
   </div>
   <div class='ocr_carea' id='block_1_20' title="bbox 1955 741 3459 811">
    <p class='ocr_par' dir='ltr' id='par_1_20' title="bbox 1955 741 3459 811">
     <span class='ocr_line' id='line_1_20' title="bbox 1955 741 3459 811; baseline -0.01 -4"><span class='ocrx_word' id='word_1_120' title='bbox 1955 750 2372 807; x_wconf 82' lang='lat' dir='ltr'><strong>Observandum</strong></span> <span class='ocrx_word' id='word_1_121' title='bbox 2390 763 2520 804; x_wconf 88' lang='lat' dir='ltr'><strong>vero</strong></span> <span class='ocrx_word' id='word_1_122' title='bbox 2543 743 2970 805; x_wconf 84' lang='lat' dir='ltr'><strong>Theodoretum,</strong></span> <span class='ocrx_word' id='word_1_123' title='bbox 2988 741 3152 811; x_wconf 84' lang='lat' dir='ltr'><strong>paulo</strong></span> <span class='ocrx_word' id='word_1_124' title='bbox 3166 748 3459 809; x_wconf 84' lang='lat' dir='ltr'><strong>antequam</strong></span> 
     </span>
    </p>
   </div>
   <div class='ocr_carea' id='block_1_21' title="bbox 1885 830 3457 907">
    <p class='ocr_par' dir='ltr' id='par_1_21' title="bbox 1885 830 3457 907">
     <span class='ocr_line' id='line_1_21' title="bbox 1885 830 3457 907; baseline -0.008 -9"><span class='ocrx_word' id='word_1_125' title='bbox 1885 842 2197 907; x_wconf 83' lang='lat' dir='ltr'><strong>laberetur,’</strong></span> <span class='ocrx_word' id='word_1_126' title='bbox 2220 851 2316 898; x_wconf 91' lang='lat' dir='ltr'><strong>aut</strong></span> <span class='ocrx_word' id='word_1_127' title='bbox 2346 849 2478 896; x_wconf 89' lang='lat' dir='ltr'><strong>tunc</strong></span> <span class='ocrx_word' id='word_1_128' title='bbox 2500 853 2625 894; x_wconf 90' lang='lat' dir='ltr'><strong>cum</strong></span> <span class='ocrx_word' id='word_1_129' title='bbox 2652 836 2763 891; x_wconf 90' lang='lat' dir='ltr'><strong>labi</strong></span> <span class='ocrx_word' id='word_1_130' title='bbox 2791 834 3078 904; x_wconf 85' lang='lat' dir='ltr'><strong>inciperet,</strong></span> <span class='ocrx_word' id='word_1_131' title='bbox 3115 832 3316 889; x_wconf 84' lang='lat' dir='ltr'><strong>adiisse</strong></span> <span class='ocrx_word' id='word_1_132' title='bbox 3365 830 3457 887; x_wconf 80' lang='lat' dir='ltr'><strong>Ja-</strong></span> 
     </span>
    </p>
   </div>
   <div class='ocr_carea' id='block_1_22' title="bbox 1885 931 2690 990">
    <p class='ocr_par' dir='ltr' id='par_1_22' title="bbox 1885 931 2690 990">
     <span class='ocr_line' id='line_1_22' title="bbox 1885 931 2690 990; baseline -0.004 -1"><span class='ocrx_word' id='word_1_133' title='bbox 1885 935 2085 989; x_wconf 86' lang='lat' dir='ltr'><strong>cobum</strong></span> <span class='ocrx_word' id='word_1_134' title='bbox 2111 935 2450 990; x_wconf 83' lang='lat' dir='ltr'><strong>laborantem</strong></span> <span class='ocrx_word' id='word_1_135' title='bbox 2476 931 2690 986; x_wconf 88' lang='lat' dir='ltr'><strong>morbo.</strong></span> 
     </span>
    </p>
   </div>
   <div class='ocr_carea' id='block_1_23' title="bbox 1954 1019 3459 1097">
    <p class='ocr_par' dir='ltr' id='par_1_23' title="bbox 1954 1019 3459 1097">
     <span class='ocr_line' id='line_1_23' title="bbox 1954 1019 3459 1097; baseline -0.009 -16"><span class='ocrx_word' id='word_1_136' title='bbox 1954 1026 2092 1082; x_wconf 77' lang='lat' dir='ltr'><strong>XVI.</strong></span> <span class='ocrx_word' id='word_1_137' title='bbox 2115 1027 2305 1097; x_wconf 82' lang='lat' dir='ltr'><strong>Capite</strong></span> <span class='ocrx_word' id='word_1_138' title='bbox 2338 1026 2601 1080; x_wconf 85' lang='lat' dir='ltr'><strong>vicesimo</strong></span> <span class='ocrx_word' id='word_1_139' title='bbox 2628 1021 2871 1079; x_wconf 87' lang='lat' dir='ltr'><strong>secundo</strong></span> <span class='ocrx_word' id='word_1_140' title='bbox 2901 1021 2969 1076; x_wconf 90' lang='lat' dir='ltr'><strong>de</strong></span> <span class='ocrx_word' id='word_1_141' title='bbox 2997 1019 3238 1074; x_wconf 63' lang='lat' dir='ltr'><strong>Limnaeo</strong></span> <span class='ocrx_word' id='word_1_142' title='bbox 3278 1030 3459 1071; x_wconf 83' lang='lat' dir='ltr'><strong>sermo</strong></span> 
     </span>
    </p>
   </div>
   <div class='ocr_carea' id='block_1_24' title="bbox 1886 1105 3455 1187">
    <p class='ocr_par' dir='ltr' id='par_1_24' title="bbox 1886 1105 3455 1187">
     <span class='ocr_line' id='line_1_24' title="bbox 1886 1105 3455 1187; baseline -0.01 -15"><span class='ocrx_word' id='word_1_143' title='bbox 1886 1117 1965 1183; x_wconf 83' lang='lat' dir='ltr'><strong>ﬁt,</strong></span> <span class='ocrx_word' id='word_1_144' title='bbox 1991 1117 2107 1187; x_wconf 88' lang='lat' dir='ltr'><strong>qui,</strong></span> <span class='ocrx_word' id='word_1_145' title='bbox 2145 1132 2269 1172; x_wconf 90' lang='lat' dir='ltr'><strong>cum</strong></span> <span class='ocrx_word' id='word_1_146' title='bbox 2292 1116 2496 1171; x_wconf 89' lang='lat' dir='ltr'><strong>dicitur</strong></span> <span class='ocrx_word' id='word_1_147' title='bbox 2520 1113 2711 1168; x_wconf 89' lang='lat' dir='ltr'><strong>eodem</strong></span> <span class='ocrx_word' id='word_1_148' title='bbox 2744 1121 3012 1180; x_wconf 91' lang='lat' dir='ltr'><strong>tempore,</strong></span> <span class='ocrx_word' id='word_1_149' title='bbox 3060 1124 3170 1178; x_wconf 88' lang='lat' dir='ltr'><strong>quo</strong></span> <span class='ocrx_word' id='word_1_150' title='bbox 3195 1105 3455 1168; x_wconf 86' lang='lat' dir='ltr'><strong>Iacobus,</strong></span> 
     </span>
    </p>
   </div>
   <div class='ocr_carea' id='block_1_25' title="bbox 1884 1195 3456 1273">
    <p class='ocr_par' dir='ltr' id='par_1_25' title="bbox 1884 1195 3456 1273">
     <span class='ocr_line' id='line_1_25' title="bbox 1884 1195 3456 1273; baseline -0.01 -9"><span class='ocrx_word' id='word_1_151' title='bbox 1884 1210 2176 1264; x_wconf 84' lang='lat' dir='ltr'><strong>asceticam</strong></span> <span class='ocrx_word' id='word_1_152' title='bbox 2227 1209 2399 1262; x_wconf 89' lang='lat' dir='ltr'><strong>vitam</strong></span> <span class='ocrx_word' id='word_1_153' title='bbox 2432 1206 2742 1268; x_wconf 90' lang='lat' dir='ltr'><strong>inchoasse,</strong></span> <span class='ocrx_word' id='word_1_154' title='bbox 2777 1211 2832 1258; x_wconf 91' lang='lat' dir='ltr'><strong>et</strong></span> <span class='ocrx_word' id='word_1_155' title='bbox 2875 1217 2983 1273; x_wconf 88' lang='lat' dir='ltr'><strong>quo</strong></span> <span class='ocrx_word' id='word_1_156' title='bbox 3029 1209 3273 1268; x_wconf 86' lang='lat' dir='ltr'><strong>tempore</strong></span> <span class='ocrx_word' id='word_1_157' title='bbox 3316 1195 3456 1250; x_wconf 85' lang='lat' dir='ltr'><strong>scri-</strong></span> 
     </span>
    </p>
   </div>
   <div class='ocr_carea' id='block_1_26' title="bbox 1885 1295 3457 1368">
    <p class='ocr_par' dir='ltr' id='par_1_26' title="bbox 1885 1295 3457 1368">
     <span class='ocr_line' id='line_1_26' title="bbox 1885 1295 3457 1368; baseline -0.01 -13"><span class='ocrx_word' id='word_1_158' title='bbox 1885 1300 2049 1355; x_wconf 88' lang='lat' dir='ltr'><strong>bebat</strong></span> <span class='ocrx_word' id='word_1_159' title='bbox 2109 1298 2490 1354; x_wconf 90' lang='lat' dir='ltr'><strong>Theodoretus</strong></span> <span class='ocrx_word' id='word_1_160' title='bbox 2535 1295 2878 1368; x_wconf 74' lang='lat' dir='ltr'><strong>trigesimum</strong></span> <span class='ocrx_word' id='word_1_161' title='bbox 2906 1301 2963 1347; x_wconf 90' lang='lat' dir='ltr'><strong>et</strong></span> <span class='ocrx_word' id='word_1_162' title='bbox 2997 1300 3246 1345; x_wconf 87' lang='lat' dir='ltr'><strong>octavum</strong></span> <span class='ocrx_word' id='word_1_163' title='bbox 3299 1301 3457 1341; x_wconf 81' lang='lat' dir='ltr'><strong>exer—</strong></span> 
     </span>
    </p>
   </div>
   <div class='ocr_carea' id='block_1_27' title="bbox 1885 1376 3451 1455">
    <p class='ocr_par' dir='ltr' id='par_1_27' title="bbox 1885 1376 3451 1455">
     <span class='ocr_line' id='line_1_27' title="bbox 1885 1376 3451 1455; baseline -0.01 -10"><span class='ocrx_word' id='word_1_164' title='bbox 1885 1390 2165 1445; x_wconf 88' lang='lat' dir='ltr'><strong>citationis</strong></span> <span class='ocrx_word' id='word_1_165' title='bbox 2217 1402 2422 1443; x_wconf 88' lang='lat' dir='ltr'><strong>annum</strong></span> <span class='ocrx_word' id='word_1_166' title='bbox 2473 1384 2818 1455; x_wconf 82' lang='lat' dir='ltr'><strong>explevisse,</strong></span> <span class='ocrx_word' id='word_1_167' title='bbox 2863 1380 3104 1436; x_wconf 89' lang='lat' dir='ltr'><strong>ostendit</strong></span> <span class='ocrx_word' id='word_1_168' title='bbox 3149 1376 3451 1439; x_wconf 82' lang='lat' dir='ltr'><strong>manifeste,</strong></span> 
     </span>
    </p>
   </div>
   <div class='ocr_carea' id='block_1_28' title="bbox 1884 1462 3451 1553">
    <p class='ocr_par' dir='ltr' id='par_1_28' title="bbox 1884 1462 3451 1553">
     <span class='ocr_line' id='line_1_28' title="bbox 1884 1462 3451 1553; baseline -0.011 -16"><span class='ocrx_word' id='word_1_169' title='bbox 1884 1498 1996 1553; x_wconf 88' lang='lat' dir='ltr'><strong>quo</strong></span> <span class='ocrx_word' id='word_1_170' title='bbox 2050 1489 2298 1551; x_wconf 86' lang='lat' dir='ltr'><strong>tempore</strong></span> <span class='ocrx_word' id='word_1_171' title='bbox 2363 1477 2596 1532; x_wconf 90' lang='lat' dir='ltr'><strong>historia</strong></span> <span class='ocrx_word' id='word_1_172' title='bbox 2652 1462 2907 1543; x_wconf 85' lang='lat' dir='ltr'><strong>religiosa</strong></span> <span class='ocrx_word' id='word_1_173' title='bbox 2969 1469 3279 1538; x_wconf 88' lang='lat' dir='ltr'><strong>conscripta</strong></span> <span class='ocrx_word' id='word_1_174' title='bbox 3340 1466 3451 1529; x_wconf 88' lang='lat' dir='ltr'><strong>sit,</strong></span> 
     </span>
    </p>
   </div>
   <div class='ocr_carea' id='block_1_29' title="bbox 1883 1560 3447 1649">
    <p class='ocr_par' dir='ltr' id='par_1_29' title="bbox 1883 1560 3447 1649">
     <span class='ocr_line' id='line_1_29' title="bbox 1883 1560 3447 1649; baseline -0.01 -16"><span class='ocrx_word' id='word_1_175' title='bbox 1883 1576 2328 1649; x_wconf 85' lang='lat' dir='ltr'><strong>quandoquidem</strong></span> <span class='ocrx_word' id='word_1_176' title='bbox 2352 1572 2595 1629; x_wconf 78' lang='lat' dir='ltr'><strong>exerceri</strong></span> <span class='ocrx_word' id='word_1_177' title='bbox 2622 1570 2789 1641; x_wconf 84' lang='lat' dir='ltr'><strong>coepit</strong></span> <span class='ocrx_word' id='word_1_178' title='bbox 2851 1567 3091 1624; x_wconf 89' lang='lat' dir='ltr'><strong>Iacobus</strong></span> <span class='ocrx_word' id='word_1_179' title='bbox 3140 1578 3286 1620; x_wconf 89' lang='lat' dir='ltr'><strong>anno</strong></span> <span class='ocrx_word' id='word_1_180' title='bbox 3318 1560 3447 1618; x_wconf 65' lang='lat' dir='ltr'><strong>I05;</strong></span> 
     </span>
    </p>
   </div>
   <div class='ocr_carea' id='block_1_30' title="bbox 1882 1657 3455 1738">
    <p class='ocr_par' dir='ltr' id='par_1_30' title="bbox 1882 1657 3455 1738">
     <span class='ocr_line' id='line_1_30' title="bbox 1882 1657 3455 1738; baseline -0.008 -13"><span class='ocrx_word' id='word_1_181' title='bbox 1882 1670 1971 1725; x_wconf 91' lang='lat' dir='ltr'><strong>cui</strong></span> <span class='ocrx_word' id='word_1_182' title='bbox 1997 1668 2042 1723; x_wconf 88' lang='lat' dir='ltr'><strong>si</strong></span> <span class='ocrx_word' id='word_1_183' title='bbox 2068 1668 2436 1738; x_wconf 87' lang='lat' dir='ltr'><strong>adjungantur</strong></span> <span class='ocrx_word' id='word_1_184' title='bbox 2464 1664 2593 1718; x_wconf 89' lang='lat' dir='ltr'><strong>anni</strong></span> <span class='ocrx_word' id='word_1_185' title='bbox 2614 1663 2683 1718; x_wconf 76' lang='lat'><strong>58</strong></span> <span class='ocrx_word' id='word_1_186' title='bbox 2697 1664 2810 1734; x_wconf 87' lang='lat' dir='ltr'><strong>jam</strong></span> <span class='ocrx_word' id='word_1_187' title='bbox 2826 1660 3052 1730; x_wconf 76' lang='lat' dir='ltr'><strong>expleti,</strong></span> <span class='ocrx_word' id='word_1_188' title='bbox 3070 1657 3297 1713; x_wconf 81' lang='lat' dir='ltr'><strong>exsistet</strong></span> <span class='ocrx_word' id='word_1_189' title='bbox 3325 1657 3455 1712; x_wconf 87' lang='lat' dir='ltr'><strong>anni</strong></span> 
     </span>
    </p>
   </div>
   <div class='ocr_carea' id='block_1_31' title="bbox 1884 1760 2265 1816">
    <p class='ocr_par' dir='ltr' id='par_1_31' title="bbox 1884 1760 2265 1816">
     <span class='ocr_line' id='line_1_31' title="bbox 1884 1760 2265 1816; baseline -0.013 0"><span class='ocrx_word' id='word_1_190' title='bbox 1884 1763 1988 1816; x_wconf 67' lang='lat' dir='ltr'><strong>4H</strong></span> <span class='ocrx_word' id='word_1_191' title='bbox 2028 1760 2265 1815; x_wconf 90' lang='lat' dir='ltr'><strong>initium.</strong></span> 
     </span>
    </p>
   </div>
   <div class='ocr_carea' id='block_1_32' title="bbox 239 1818 3457 1920">
    <p class='ocr_par' dir='ltr' id='par_1_32' title="bbox 239 1818 3457 1920">
     <span class='ocr_line' id='line_1_32' title="bbox 239 1818 3457 1920; baseline -0.004 -16"><span class='ocrx_word' id='word_1_192' title='bbox 239 1851 381 1904; x_wconf 83' lang='lat' dir='ltr'><strong>estin</strong></span> <span class='ocrx_word' id='word_1_193' title='bbox 428 1851 607 1905; x_wconf 90' lang='lat' dir='ltr'><strong>lucem</strong></span> <span class='ocrx_word' id='word_1_194' title='bbox 647 1866 679 1905; x_wconf 90' lang='lat' dir='ltr'><strong>a</strong></span> <span class='ocrx_word' id='word_1_195' title='bbox 711 1858 907 1913; x_wconf 89' lang='lat' dir='ltr'><strong>matre,</strong></span> <span class='ocrx_word' id='word_1_196' title='bbox 951 1857 1241 1920; x_wconf 84' lang='lat' dir='ltr'><strong>postquam</strong></span> <span class='ocrx_word' id='word_1_197' title='bbox 1286 1849 1561 1903; x_wconf 89' lang='lat' dir='ltr'><strong>sexdecim</strong></span> <span class='ocrx_word' id='word_1_198' title='bbox 1609 1865 1783 1904; x_wconf 89' lang='lat' dir='ltr'><strong>annos</strong></span> <span class='ocrx_word' id='word_1_199' title='bbox 1816 1818 1857 1878; x_wconf 71' lang='grc' dir='ltr'><strong>Β</strong></span> <span class='ocrx_word' id='word_1_200' title='bbox 1953 1851 2115 1907; x_wconf 75' lang='lat' dir='ltr'><strong>XVII.</strong></span> <span class='ocrx_word' id='word_1_201' title='bbox 2140 1848 2332 1919; x_wconf 89' lang='lat' dir='ltr'><strong>Capite</strong></span> <span class='ocrx_word' id='word_1_202' title='bbox 2354 1847 2619 1903; x_wconf 88' lang='lat' dir='ltr'><strong>vicesimo</strong></span> <span class='ocrx_word' id='word_1_203' title='bbox 2647 1844 2809 1900; x_wconf 91' lang='lat' dir='ltr'><strong>tertio</strong></span> <span class='ocrx_word' id='word_1_204' title='bbox 2836 1841 3037 1898; x_wconf 91' lang='lat' dir='ltr'><strong>dicitur</strong></span> <span class='ocrx_word' id='word_1_205' title='bbox 3082 1840 3321 1895; x_wconf 85' lang='lat' dir='ltr'><strong>Joannes</strong></span> <span class='ocrx_word' id='word_1_206' title='bbox 3343 1837 3457 1907; x_wconf 85' lang='lat' dir='ltr'><strong>jam</strong></span> 
     </span>
    </p>
   </div>
   <div class='ocr_carea' id='block_1_33' title="bbox 240 1936 1782 2008">
    <p class='ocr_par' dir='ltr' id='par_1_33' title="bbox 240 1936 1782 2008">
     <span class='ocr_line' id='line_1_33' title="bbox 240 1936 1782 2008; baseline -0.001 -17"><span class='ocrx_word' id='word_1_207' title='bbox 240 1939 422 1994; x_wconf 82' lang='lat' dir='ltr'><strong>steriles</strong></span> <span class='ocrx_word' id='word_1_208' title='bbox 448 1939 500 1992; x_wconf 88' lang='lat' dir='ltr'><strong>in</strong></span> <span class='ocrx_word' id='word_1_209' title='bbox 520 1939 878 1993; x_wconf 88' lang='lat' dir='ltr'><strong>matrimonio</strong></span> <span class='ocrx_word' id='word_1_210' title='bbox 894 1937 1213 2008; x_wconf 82' lang='lat' dir='ltr'><strong>peregisset.</strong></span> <span class='ocrx_word' id='word_1_211' title='bbox 1229 1936 1671 2005; x_wconf 86' lang='lat' dir='ltr'><strong>Thaumaturgus</strong></span> <span class='ocrx_word' id='word_1_212' title='bbox 1691 1936 1782 1989; x_wconf 87' lang='lat' dir='ltr'><strong>ille</strong></span> 
     </span>
    </p>
   </div>
   <div class='ocr_carea' id='block_1_34' title="bbox 240 2026 1782 2099">
    <p class='ocr_par' dir='ltr' id='par_1_34' title="bbox 240 2026 1782 2099">
     <span class='ocr_line' id='line_1_34' title="bbox 240 2026 1782 2099; baseline -0.004 -15"><span class='ocrx_word' id='word_1_213' title='bbox 240 2046 356 2099; x_wconf 86' lang='lat' dir='ltr'><strong>pene</strong></span> <span class='ocrx_word' id='word_1_214' title='bbox 378 2031 723 2086; x_wconf 76' lang='lat' dir='ltr'><strong>centenarias</strong></span> <span class='ocrx_word' id='word_1_215' title='bbox 755 2029 989 2085; x_wconf 80' lang='lat' dir='ltr'><strong>excessit</strong></span> <span class='ocrx_word' id='word_1_216' title='bbox 1013 2045 1044 2084; x_wconf 92' lang='lat' dir='ltr'><strong>e</strong></span> <span class='ocrx_word' id='word_1_217' title='bbox 1074 2030 1203 2092; x_wconf 88' lang='lat' dir='ltr'><strong>vita,</strong></span> <span class='ocrx_word' id='word_1_218' title='bbox 1252 2043 1378 2082; x_wconf 89' lang='lat' dir='ltr'><strong>cum</strong></span> <span class='ocrx_word' id='word_1_219' title='bbox 1398 2026 1624 2081; x_wconf 83' lang='lat' dir='ltr'><strong>vixisset</strong></span> <span class='ocrx_word' id='word_1_220' title='bbox 1647 2041 1782 2095; x_wconf 86' lang='lat' dir='ltr'><strong>qua-</strong></span> 
     </span>
    </p>
   </div>
   <div class='ocr_carea' id='block_1_35' title="bbox 239 2118 1787 2194">
    <p class='ocr_par' dir='ltr' id='par_1_35' title="bbox 239 2118 1787 2194">
     <span class='ocr_line' id='line_1_35' title="bbox 239 2118 1787 2194; baseline -0.003 -18"><span class='ocrx_word' id='word_1_221' title='bbox 239 2122 456 2194; x_wconf 83' lang='lat' dir='ltr'><strong>draginta</strong></span> <span class='ocrx_word' id='word_1_222' title='bbox 484 2124 648 2194; x_wconf 81' lang='lat'><strong>300</strong></span> <span class='ocrx_word' id='word_1_223' title='bbox 669 2124 912 2194; x_wconf 86' lang='lat' dir='ltr'><strong>quinque</strong></span> <span class='ocrx_word' id='word_1_224' title='bbox 933 2138 1107 2178; x_wconf 87' lang='lat' dir='ltr'><strong>annos</strong></span> <span class='ocrx_word' id='word_1_225' title='bbox 1129 2122 1245 2176; x_wconf 90' lang='lat' dir='ltr'><strong>sine</strong></span> <span class='ocrx_word' id='word_1_226' title='bbox 1263 2120 1504 2192; x_wconf 88' lang='lat' dir='ltr'><strong>tugurio,</strong></span> <span class='ocrx_word' id='word_1_227' title='bbox 1533 2118 1725 2189; x_wconf 86' lang='lat' dir='ltr'><strong>viginti</strong></span> <span class='ocrx_word' id='word_1_228' title='bbox 1738 2118 1787 2150; x_wconf 60' lang='grc'><strong>³⁸</strong></span> 
     </span>
    </p>
   </div>
   <div class='ocr_carea' id='block_1_36' title="bbox 240 2213 1785 2287">
    <p class='ocr_par' dir='ltr' id='par_1_36' title="bbox 240 2213 1785 2287">
     <span class='ocr_line' id='line_1_36' title="bbox 240 2213 1785 2287; baseline -0.003 -18"><span class='ocrx_word' id='word_1_229' title='bbox 240 2217 453 2287; x_wconf 89' lang='lat' dir='ltr'><strong>quinque</strong></span> <span class='ocrx_word' id='word_1_230' title='bbox 481 2218 585 2271; x_wconf 91' lang='lat' dir='ltr'><strong>sub</strong></span> <span class='ocrx_word' id='word_1_231' title='bbox 615 2217 915 2287; x_wconf 89' lang='lat' dir='ltr'><strong>tuguriolo,</strong></span> <span class='ocrx_word' id='word_1_232' title='bbox 949 2216 1174 2286; x_wconf 75' lang='lat' dir='ltr'><strong>triginta</strong></span> <span class='ocrx_word' id='word_1_233' title='bbox 1210 2213 1430 2268; x_wconf 87' lang='lat' dir='ltr'><strong>circiter</strong></span> <span class='ocrx_word' id='word_1_234' title='bbox 1461 2228 1588 2266; x_wconf 92' lang='lat' dir='ltr'><strong>cum</strong></span> <span class='ocrx_word' id='word_1_235' title='bbox 1626 2227 1785 2266; x_wconf 89' lang='lat' dir='ltr'><strong>exer-</strong></span> 
     </span>
    </p>
   </div>
   <div class='ocr_carea' id='block_1_37' title="bbox 240 2301 1784 2375">
    <p class='ocr_par' dir='ltr' id='par_1_37' title="bbox 240 2301 1784 2375">
     <span class='ocr_line' id='line_1_37' title="bbox 240 2301 1784 2375; baseline -0.001 -16"><span class='ocrx_word' id='word_1_236' title='bbox 240 2305 330 2359; x_wconf 80' lang='lat' dir='ltr'><strong>ceri</strong></span> <span class='ocrx_word' id='word_1_237' title='bbox 357 2307 628 2375; x_wconf 74' lang='lat' dir='ltr'><strong>cmpisset.</strong></span> <span class='ocrx_word' id='word_1_238' title='bbox 662 2306 825 2360; x_wconf 86' lang='lat' dir='ltr'><strong>Anno</strong></span> <span class='ocrx_word' id='word_1_239' title='bbox 851 2305 956 2361; x_wconf 76' lang='lat'><strong>582</strong></span> <span class='ocrx_word' id='word_1_240' title='bbox 984 2320 1015 2359; x_wconf 91' lang='lat' dir='ltr'><strong>a</strong></span> <span class='ocrx_word' id='word_1_241' title='bbox 1042 2303 1301 2358; x_wconf 86' lang='lat' dir='ltr'><strong>Flaviano</strong></span> <span class='ocrx_word' id='word_1_242' title='bbox 1332 2301 1675 2358; x_wconf 81' lang='lat' dir='ltr'><strong>Antiocheno</strong></span> <span class='ocrx_word' id='word_1_243' title='bbox 1693 2318 1784 2357; x_wconf 81' lang='lat' dir='ltr'><strong>or-</strong></span> 
     </span>
    </p>
   </div>
   <div class='ocr_carea' id='block_1_38' title="bbox 240 2394 1786 2469">
    <p class='ocr_par' dir='ltr' id='par_1_38' title="bbox 240 2394 1786 2469">
     <span class='ocr_line' id='line_1_38' title="bbox 240 2394 1786 2469; baseline 0.001 -21"><span class='ocrx_word' id='word_1_244' title='bbox 240 2396 429 2451; x_wconf 86' lang='lat' dir='ltr'><strong>dinatus</strong></span> <span class='ocrx_word' id='word_1_245' title='bbox 449 2405 535 2451; x_wconf 88' lang='lat' dir='ltr'><strong>est</strong></span> <span class='ocrx_word' id='word_1_246' title='bbox 555 2397 865 2469; x_wconf 83' lang='lat' dir='ltr'><strong>presbyter,</strong></span> <span class='ocrx_word' id='word_1_247' title='bbox 896 2396 1151 2452; x_wconf 88' lang='lat' dir='ltr'><strong>nesciens</strong></span> <span class='ocrx_word' id='word_1_248' title='bbox 1174 2394 1306 2464; x_wconf 90' lang='lat' dir='ltr'><strong>quid</strong></span> <span class='ocrx_word' id='word_1_249' title='bbox 1345 2394 1527 2461; x_wconf 83' lang='lat' dir='ltr'><strong>ﬁeret;</strong></span> <span class='ocrx_word' id='word_1_250' title='bbox 1560 2396 1786 2450; x_wconf 89' lang='lat' dir='ltr'><strong>retinuit</strong></span> 
     </span>
    </p>
   </div>
   <div class='ocr_carea' id='block_1_39' title="bbox 240 2485 1785 2562">
    <p class='ocr_par' dir='ltr' id='par_1_39' title="bbox 240 2485 1785 2562">
     <span class='ocr_line' id='line_1_39' title="bbox 240 2485 1785 2562; baseline -0.001 -19"><span class='ocrx_word' id='word_1_251' title='bbox 240 2505 360 2544; x_wconf 88' lang='lat' dir='ltr'><strong>anno</strong></span> <span class='ocrx_word' id='word_1_252' title='bbox 398 2489 500 2545; x_wconf 81' lang='lat'><strong>588</strong></span> <span class='ocrx_word' id='word_1_253' title='bbox 524 2491 819 2562; x_wconf 88' lang='lat' dir='ltr'><strong>magistros</strong></span> <span class='ocrx_word' id='word_1_254' title='bbox 844 2489 1080 2544; x_wconf 89' lang='lat' dir='ltr'><strong>militum</strong></span> <span class='ocrx_word' id='word_1_255' title='bbox 1111 2504 1141 2543; x_wconf 93' lang='lat' dir='ltr'><strong>a</strong></span> <span class='ocrx_word' id='word_1_256' title='bbox 1185 2485 1496 2542; x_wconf 85' lang='lat' dir='ltr'><strong>Theodosio</strong></span> <span class='ocrx_word' id='word_1_257' title='bbox 1548 2487 1785 2556; x_wconf 89' lang='lat' dir='ltr'><strong>impera-</strong></span> 
     </span>
    </p>
   </div>
   <div class='ocr_carea' id='block_1_40' title="bbox 241 2580 1784 2647">
    <p class='ocr_par' dir='ltr' id='par_1_40' title="bbox 241 2580 1784 2647">
     <span class='ocr_line' id='line_1_40' title="bbox 241 2580 1784 2647; baseline -0.001 -11"><span class='ocrx_word' id='word_1_258' title='bbox 241 2590 336 2637; x_wconf 89' lang='lat' dir='ltr'><strong>tore</strong></span> <span class='ocrx_word' id='word_1_259' title='bbox 371 2585 582 2647; x_wconf 87' lang='lat' dir='ltr'><strong>missos,</strong></span> <span class='ocrx_word' id='word_1_260' title='bbox 613 2583 682 2638; x_wconf 89' lang='lat' dir='ltr'><strong>ad</strong></span> <span class='ocrx_word' id='word_1_261' title='bbox 713 2584 980 2638; x_wconf 88' lang='lat' dir='ltr'><strong>ultionem</strong></span> <span class='ocrx_word' id='word_1_262' title='bbox 1027 2594 1344 2636; x_wconf 89' lang='lat' dir='ltr'><strong>eversarum</strong></span> <span class='ocrx_word' id='word_1_263' title='bbox 1375 2587 1681 2634; x_wconf 89' lang='lat' dir='ltr'><strong>statuarum</strong></span> <span class='ocrx_word' id='word_1_264' title='bbox 1715 2580 1784 2634; x_wconf 90' lang='lat' dir='ltr'><strong>de</strong></span> 
     </span>
    </p>
   </div>
   <div class='ocr_carea' id='block_1_41' title="bbox 240 2668 1784 2728">
    <p class='ocr_par' dir='ltr' id='par_1_41' title="bbox 240 2668 1784 2728">
     <span class='ocr_line' id='line_1_41' title="bbox 240 2668 1784 2728; baseline -0.002 -2"><span class='ocrx_word' id='word_1_265' title='bbox 240 2672 567 2728; x_wconf 74' lang='lat' dir='ltr'><strong>Autiocheuis</strong></span> <span class='ocrx_word' id='word_1_266' title='bbox 593 2672 940 2728; x_wconf 89' lang='lat' dir='ltr'><strong>sumendam.</strong></span> <span class='ocrx_word' id='word_1_267' title='bbox 976 2672 1182 2727; x_wconf 82' lang='lat' dir='ltr'><strong>Monita</strong></span> <span class='ocrx_word' id='word_1_268' title='bbox 1204 2668 1334 2726; x_wconf 62' lang='lat' dir='ltr'><strong>vitae</strong></span> <span class='ocrx_word' id='word_1_269' title='bbox 1354 2671 1599 2726; x_wconf 88' lang='lat' dir='ltr'><strong>sanctius</strong></span> <span class='ocrx_word' id='word_1_270' title='bbox 1623 2670 1784 2725; x_wconf 89' lang='lat' dir='ltr'><strong>insti-</strong></span> 
     </span>
    </p>
   </div>
   <div class='ocr_carea' id='block_1_42' title="bbox 242 2762 1782 2835">
    <p class='ocr_par' dir='ltr' id='par_1_42' title="bbox 242 2762 1782 2835">
     <span class='ocr_line' id='line_1_42' title="bbox 242 2762 1782 2835; baseline -0.002 -16"><span class='ocrx_word' id='word_1_271' title='bbox 242 2765 428 2820; x_wconf 69' lang='lat' dir='ltr'><strong>tuenda:</strong></span> <span class='ocrx_word' id='word_1_272' title='bbox 451 2765 799 2821; x_wconf 88' lang='lat' dir='ltr'><strong>Theodoreto</strong></span> <span class='ocrx_word' id='word_1_273' title='bbox 828 2766 1080 2835; x_wconf 88' lang='lat' dir='ltr'><strong>septenni</strong></span> <span class='ocrx_word' id='word_1_274' title='bbox 1131 2765 1298 2820; x_wconf 87' lang='lat' dir='ltr'><strong>dabat</strong></span> <span class='ocrx_word' id='word_1_275' title='bbox 1347 2778 1492 2818; x_wconf 89' lang='lat' dir='ltr'><strong>anno</strong></span> <span class='ocrx_word' id='word_1_276' title='bbox 1520 2762 1647 2824; x_wconf 74' lang='grc'><strong>595,</strong></span> <span class='ocrx_word' id='word_1_277' title='bbox 1683 2762 1782 2816; x_wconf 91' lang='lat' dir='ltr'><strong>de-</strong></span> 
     </span>
    </p>
   </div>
   <div class='ocr_carea' id='block_1_43' title="bbox 240 2852 1785 2922">
    <p class='ocr_par' dir='ltr' id='par_1_43' title="bbox 240 2852 1785 2922">
     <span class='ocr_line' id='line_1_43' title="bbox 240 2852 1785 2922; baseline -0.002 -14"><span class='ocrx_word' id='word_1_278' title='bbox 240 2854 431 2912; x_wconf 75' lang='lat' dir='ltr'><strong>functus</strong></span> <span class='ocrx_word' id='word_1_279' title='bbox 450 2856 675 2912; x_wconf 87' lang='lat' dir='ltr'><strong>circiter</strong></span> <span class='ocrx_word' id='word_1_280' title='bbox 694 2872 841 2911; x_wconf 89' lang='lat' dir='ltr'><strong>anno</strong></span> <span class='ocrx_word' id='word_1_281' title='bbox 865 2857 991 2920; x_wconf 76' lang='lat'><strong>595,</strong></span> <span class='ocrx_word' id='word_1_282' title='bbox 1010 2854 1079 2911; x_wconf 88' lang='lat' dir='ltr'><strong>ad</strong></span> <span class='ocrx_word' id='word_1_283' title='bbox 1099 2857 1380 2921; x_wconf 88' lang='lat' dir='ltr'><strong>eumdem,</strong></span> <span class='ocrx_word' id='word_1_284' title='bbox 1404 2870 1529 2911; x_wconf 85' lang='lat' dir='ltr'><strong>cum</strong></span> <span class='ocrx_word' id='word_1_285' title='bbox 1542 2852 1785 2922; x_wconf 77' lang='lat' dir='ltr'><strong>Aphraa—</strong></span> 
     </span>
    </p>
   </div>
   <div class='ocr_carea' id='block_1_44' title="bbox 242 2947 1782 3019">
    <p class='ocr_par' dir='ltr' id='par_1_44' title="bbox 242 2947 1782 3019">
     <span class='ocr_line' id='line_1_44' title="bbox 242 2947 1782 3019; baseline -0.001 -17"><span class='ocrx_word' id='word_1_286' title='bbox 242 2955 348 3003; x_wconf 87' lang='lat' dir='ltr'><strong>teet</strong></span> <span class='ocrx_word' id='word_1_287' title='bbox 365 2948 671 3004; x_wconf 83' lang='lat' dir='ltr'><strong>Theodosio</strong></span> <span class='ocrx_word' id='word_1_288' title='bbox 696 2949 913 3019; x_wconf 89' lang='lat' dir='ltr'><strong>pridem</strong></span> <span class='ocrx_word' id='word_1_289' title='bbox 935 2948 1003 3003; x_wconf 91' lang='lat' dir='ltr'><strong>ad</strong></span> <span class='ocrx_word' id='word_1_290' title='bbox 1034 2964 1262 3019; x_wconf 90' lang='lat' dir='ltr'><strong>superos</strong></span> <span class='ocrx_word' id='word_1_291' title='bbox 1308 2949 1484 3014; x_wconf 89' lang='lat' dir='ltr'><strong>elatis,</strong></span> <span class='ocrx_word' id='word_1_292' title='bbox 1512 2947 1782 3003; x_wconf 89' lang='lat' dir='ltr'><strong>tumulum</strong></span> 
     </span>
    </p>
   </div>
   <div class='ocr_carea' id='block_1_45' title="bbox 241 3038 1041 3111">
    <p class='ocr_par' dir='ltr' id='par_1_45' title="bbox 241 3038 1041 3111">
     <span class='ocr_line' id='line_1_45' title="bbox 241 3038 1041 3111; baseline 0.001 -18"><span class='ocrx_word' id='word_1_293' title='bbox 241 3038 456 3095; x_wconf 85' lang='lat' dir='ltr'><strong>humeris</strong></span> <span class='ocrx_word' id='word_1_294' title='bbox 481 3048 799 3111; x_wconf 86' lang='lat' dir='ltr'><strong>magnatum</strong></span> <span class='ocrx_word' id='word_1_295' title='bbox 836 3040 1041 3095; x_wconf 89' lang='lat' dir='ltr'><strong>illatus.</strong></span> 
     </span>
    </p>
   </div>
   <div class='ocr_carea' id='block_1_46' title="bbox 1884 1930 3457 2015">
    <p class='ocr_par' dir='ltr' id='par_1_46' title="bbox 1884 1930 3457 2015">
     <span class='ocr_line' id='line_1_46' title="bbox 1884 1930 3457 2015; baseline -0.013 -13"><span class='ocrx_word' id='word_1_296' title='bbox 1884 1945 2147 2015; x_wconf 88' lang='lat' dir='ltr'><strong>attigisse,</strong></span> <span class='ocrx_word' id='word_1_297' title='bbox 2196 1950 2294 1995; x_wconf 89' lang='lat' dir='ltr'><strong>aut</strong></span> <span class='ocrx_word' id='word_1_298' title='bbox 2328 1940 2495 1994; x_wconf 90' lang='lat' dir='ltr'><strong>etiam</strong></span> <span class='ocrx_word' id='word_1_299' title='bbox 2535 1937 2838 2008; x_wconf 81' lang='lat' dir='ltr'><strong>explevisse</strong></span> <span class='ocrx_word' id='word_1_300' title='bbox 2902 1934 3226 1989; x_wconf 90' lang='lat' dir='ltr'><strong>vicesimum</strong></span> <span class='ocrx_word' id='word_1_301' title='bbox 3295 1930 3457 1999; x_wconf 61' lang='lat' dir='ltr'><strong>quino</strong></span> 
     </span>
    </p>
   </div>
   <div class='ocr_carea' id='block_1_47' title="bbox 1882 2018 3453 2095">
    <p class='ocr_par' dir='ltr' id='par_1_47' title="bbox 1882 2018 3453 2095">
     <span class='ocr_line' id='line_1_47' title="bbox 1882 2018 3453 2095; baseline -0.008 -11"><span class='ocrx_word' id='word_1_302' title='bbox 1882 2040 1999 2084; x_wconf 89' lang='lat' dir='ltr'><strong>tum</strong></span> <span class='ocrx_word' id='word_1_303' title='bbox 2025 2029 2433 2085; x_wconf 84' lang='lat' dir='ltr'><strong>exercitationis</strong></span> <span class='ocrx_word' id='word_1_304' title='bbox 2461 2043 2663 2082; x_wconf 89' lang='lat' dir='ltr'><strong>annum</strong></span> <span class='ocrx_word' id='word_1_305' title='bbox 2705 2045 2718 2078; x_wconf 90' lang='lat'><strong>:</strong></span> <span class='ocrx_word' id='word_1_306' title='bbox 2745 2025 2912 2095; x_wconf 71' lang='lat' dir='ltr'><strong>cmpit</strong></span> <span class='ocrx_word' id='word_1_307' title='bbox 2962 2023 3128 2093; x_wconf 86' lang='lat' dir='ltr'><strong>igitur</strong></span> <span class='ocrx_word' id='word_1_308' title='bbox 3153 2035 3297 2074; x_wconf 86' lang='lat' dir='ltr'><strong>anno</strong></span> <span class='ocrx_word' id='word_1_309' title='bbox 3329 2018 3453 2073; x_wconf 75' lang='lat' dir='ltr'><strong>H9.</strong></span> 
     </span>
    </p>
   </div>
   <div class='ocr_carea' id='block_1_48' title="bbox 1952 2108 3455 2193">
    <p class='ocr_par' dir='ltr' id='par_1_48' title="bbox 1952 2108 3455 2193">
     <span class='ocr_line' id='line_1_48' title="bbox 1952 2108 3455 2193; baseline -0.014 -10"><span class='ocrx_word' id='word_1_310' title='bbox 1952 2122 2108 2193; x_wconf 77' lang='lat'><strong>30],</strong></span> <span class='ocrx_word' id='word_1_311' title='bbox 2138 2122 2226 2177; x_wconf 86' lang='lat' dir='ltr'><strong>Fit</strong></span> <span class='ocrx_word' id='word_1_312' title='bbox 2252 2123 2310 2176; x_wconf 91' lang='lat' dir='ltr'><strong>in</strong></span> <span class='ocrx_word' id='word_1_313' title='bbox 2365 2121 2560 2176; x_wconf 90' lang='lat' dir='ltr'><strong>eodem</strong></span> <span class='ocrx_word' id='word_1_314' title='bbox 2606 2118 2783 2188; x_wconf 90' lang='lat' dir='ltr'><strong>capite</strong></span> <span class='ocrx_word' id='word_1_315' title='bbox 2821 2115 3028 2170; x_wconf 87' lang='lat' dir='ltr'><strong>mentio</strong></span> <span class='ocrx_word' id='word_1_316' title='bbox 3055 2113 3288 2193; x_wconf 87' lang='lat' dir='ltr'><strong>aliorum</strong></span> <span class='ocrx_word' id='word_1_317' title='bbox 3318 2108 3455 2163; x_wconf 80' lang='lat' dir='ltr'><strong>insi-</strong></span> 
     </span>
    </p>
   </div>
   <div class='ocr_carea' id='block_1_49' title="bbox 1883 2188 3456 2286">
    <p class='ocr_par' dir='ltr' id='par_1_49' title="bbox 1883 2188 3456 2286">
     <span class='ocr_line' id='line_1_49' title="bbox 1883 2188 3456 2286; baseline -0.01 -17"><span class='ocrx_word' id='word_1_318' title='bbox 1883 2188 2260 2286; x_wconf 58' lang='lat' dir='ltr'><strong>gilium—trium</strong></span> <span class='ocrx_word' id='word_1_319' title='bbox 2286 2220 2617 2276; x_wconf 87' lang='lat' dir='ltr'><strong>ascetarum,</strong></span> <span class='ocrx_word' id='word_1_320' title='bbox 2654 2209 2845 2272; x_wconf 85' lang='lat' dir='ltr'><strong>Musis,</strong></span> <span class='ocrx_word' id='word_1_321' title='bbox 2876 2188 3155 2267; x_wconf 69' lang='lat' dir='ltr'><strong>Antiochi,</strong></span> <span class='ocrx_word' id='word_1_322' title='bbox 3203 2210 3261 2255; x_wconf 86' lang='lat' dir='ltr'><strong>et</strong></span> <span class='ocrx_word' id='word_1_323' title='bbox 3285 2201 3456 2256; x_wconf 84' lang='lat' dir='ltr'><strong>Anto-</strong></span> 
     </span>
    </p>
   </div>
   <div class='ocr_carea' id='block_1_50' title="bbox 1881 2298 3451 2377">
    <p class='ocr_par' dir='ltr' id='par_1_50' title="bbox 1881 2298 3451 2377">
     <span class='ocr_line' id='line_1_50' title="bbox 1881 2298 3451 2377; baseline -0.011 -12"><span class='ocrx_word' id='word_1_324' title='bbox 1881 2311 2020 2375; x_wconf 89' lang='lat' dir='ltr'><strong>nini,</strong></span> <span class='ocrx_word' id='word_1_325' title='bbox 2052 2310 2421 2377; x_wconf 90' lang='lat' dir='ltr'><strong>continuoque</strong></span> <span class='ocrx_word' id='word_1_326' title='bbox 2449 2307 2603 2361; x_wconf 85' lang='lat' dir='ltr'><strong>addit</strong></span> <span class='ocrx_word' id='word_1_327' title='bbox 2628 2303 3012 2358; x_wconf 87' lang='lat' dir='ltr'><strong>Theodoretus</strong></span> <span class='ocrx_word' id='word_1_328' title='bbox 3039 2317 3052 2353; x_wconf 89' lang='lat'><strong>:</strong></span> <span class='ocrx_word' id='word_1_329' title='bbox 3085 2318 3103 2349; x_wconf 82' lang='grc'><strong>‹</strong></span> <span class='ocrx_word' id='word_1_330' title='bbox 3138 2298 3287 2352; x_wconf 79' lang='lat' dir='ltr'><strong>Alios</strong></span> <span class='ocrx_word' id='word_1_331' title='bbox 3312 2309 3451 2365; x_wconf 72' lang='lat' dir='ltr'><strong>prte-</strong></span> 
     </span>
    </p>
   </div>
   <div class='ocr_carea' id='block_1_51' title="bbox 1884 2389 3457 2469">
    <p class='ocr_par' dir='ltr' id='par_1_51' title="bbox 1884 2389 3457 2469">
     <span class='ocr_line' id='line_1_51' title="bbox 1884 2389 3457 2469; baseline -0.011 -14"><span class='ocrx_word' id='word_1_332' title='bbox 1884 2408 2033 2457; x_wconf 89' lang='lat' dir='ltr'><strong>terea</strong></span> <span class='ocrx_word' id='word_1_333' title='bbox 2062 2400 2377 2469; x_wconf 89' lang='lat' dir='ltr'><strong>complures</strong></span> <span class='ocrx_word' id='word_1_334' title='bbox 2406 2398 2462 2452; x_wconf 91' lang='lat' dir='ltr'><strong>in</strong></span> <span class='ocrx_word' id='word_1_335' title='bbox 2491 2396 2694 2451; x_wconf 84' lang='lat' dir='ltr'><strong>ﬁnibus</strong></span> <span class='ocrx_word' id='word_1_336' title='bbox 2711 2393 2936 2455; x_wconf 88' lang='lat' dir='ltr'><strong>nostris,</strong></span> <span class='ocrx_word' id='word_1_337' title='bbox 2964 2389 3353 2456; x_wconf 88' lang='lat' dir='ltr'><strong>montibusque</strong></span> <span class='ocrx_word' id='word_1_338' title='bbox 3399 2392 3457 2439; x_wconf 90' lang='lat' dir='ltr'><strong>et</strong></span> 
     </span>
    </p>
   </div>
   <div class='ocr_carea' id='block_1_52' title="bbox 1883 2479 3455 2565">
    <p class='ocr_par' dir='ltr' id='par_1_52' title="bbox 1883 2479 3455 2565">
     <span class='ocr_line' id='line_1_52' title="bbox 1883 2479 3455 2565; baseline -0.012 -15"><span class='ocrx_word' id='word_1_339' title='bbox 1883 2495 2092 2565; x_wconf 90' lang='lat' dir='ltr'><strong>campis</strong></span> <span class='ocrx_word' id='word_1_340' title='bbox 2141 2494 2376 2549; x_wconf 87' lang='lat' dir='ltr'><strong>athletas</strong></span> <span class='ocrx_word' id='word_1_341' title='bbox 2429 2490 2598 2545; x_wconf 89' lang='lat' dir='ltr'><strong>habet</strong></span> <span class='ocrx_word' id='word_1_342' title='bbox 2651 2484 2874 2541; x_wconf 88' lang='lat' dir='ltr'><strong>virtutis</strong></span> <span class='ocrx_word' id='word_1_343' title='bbox 2930 2482 3259 2554; x_wconf 86' lang='lat' dir='ltr'><strong>agonotheta</strong></span> <span class='ocrx_word' id='word_1_344' title='bbox 3288 2479 3455 2542; x_wconf 86' lang='lat' dir='ltr'><strong>Deus,</strong></span> 
     </span>
    </p>
   </div>
   <div class='ocr_carea' id='block_1_53' title="bbox 1885 2568 3461 2653">
    <p class='ocr_par' dir='ltr' id='par_1_53' title="bbox 1885 2568 3461 2653">
     <span class='ocr_line' id='line_1_53' title="bbox 1885 2568 3461 2653; baseline -0.012 -14"><span class='ocrx_word' id='word_1_345' title='bbox 1885 2599 2024 2653; x_wconf 89' lang='lat' dir='ltr'><strong>quos</strong></span> <span class='ocrx_word' id='word_1_346' title='bbox 2072 2585 2156 2639; x_wconf 85' lang='lat' dir='ltr'><strong>vel</strong></span> <span class='ocrx_word' id='word_1_347' title='bbox 2188 2595 2514 2639; x_wconf 88' lang='lat' dir='ltr'><strong>enumerare</strong></span> <span class='ocrx_word' id='word_1_348' title='bbox 2551 2576 2770 2632; x_wconf 84' lang='lat' dir='ltr'><strong>dilIicile</strong></span> <span class='ocrx_word' id='word_1_349' title='bbox 2810 2574 2902 2641; x_wconf 90' lang='lat' dir='ltr'><strong>sit,</strong></span> <span class='ocrx_word' id='word_1_350' title='bbox 2948 2573 3152 2628; x_wconf 88' lang='lat' dir='ltr'><strong>nedum</strong></span> <span class='ocrx_word' id='word_1_351' title='bbox 3212 2568 3461 2638; x_wconf 79' lang='lat' dir='ltr'><strong>singulo-</strong></span> 
     </span>
    </p>
   </div>
   <div class='ocr_carea' id='block_1_54' title="bbox 1882 2660 3460 2731">
    <p class='ocr_par' dir='ltr' id='par_1_54' title="bbox 1882 2660 3460 2731">
     <span class='ocr_line' id='line_1_54' title="bbox 1882 2660 3460 2731; baseline -0.012 0"><span class='ocrx_word' id='word_1_352' title='bbox 1882 2692 2002 2731; x_wconf 90' lang='lat' dir='ltr'><strong>rum</strong></span> <span class='ocrx_word' id='word_1_353' title='bbox 2037 2677 2204 2730; x_wconf 88' lang='lat' dir='ltr'><strong>vitam</strong></span> <span class='ocrx_word' id='word_1_354' title='bbox 2256 2672 2625 2729; x_wconf 89' lang='lat' dir='ltr'><strong>conscribere.</strong></span> <span class='ocrx_word' id='word_1_355' title='bbox 2658 2688 2673 2721; x_wconf 88' lang='grc' dir='ltr'><strong>ι</strong></span> <span class='ocrx_word' id='word_1_356' title='bbox 2708 2668 2839 2725; x_wconf 90' lang='lat' dir='ltr'><strong>Inde</strong></span> <span class='ocrx_word' id='word_1_357' title='bbox 2884 2667 3240 2721; x_wconf 85' lang='lat' dir='ltr'><strong>vehementer</strong></span> <span class='ocrx_word' id='word_1_358' title='bbox 3286 2660 3460 2714; x_wconf 87' lang='lat' dir='ltr'><strong>miror</strong></span> 
     </span>
    </p>
   </div>
   <div class='ocr_carea' id='block_1_55' title="bbox 1882 2751 3457 2833">
    <p class='ocr_par' dir='ltr' id='par_1_55' title="bbox 1882 2751 3457 2833">
     <span class='ocr_line' id='line_1_55' title="bbox 1882 2751 3457 2833; baseline -0.012 -10"><span class='ocrx_word' id='word_1_359' title='bbox 1882 2769 2159 2824; x_wconf 89' lang='lat' dir='ltr'><strong>hominem</strong></span> <span class='ocrx_word' id='word_1_360' title='bbox 2194 2775 2272 2822; x_wconf 91' lang='lat' dir='ltr'><strong>tot</strong></span> <span class='ocrx_word' id='word_1_361' title='bbox 2306 2766 2443 2821; x_wconf 85' lang='lat' dir='ltr'><strong>viris</strong></span> <span class='ocrx_word' id='word_1_362' title='bbox 2474 2762 2758 2833; x_wconf 69' lang='lat' dir='ltr'><strong>stupendae</strong></span> <span class='ocrx_word' id='word_1_363' title='bbox 2790 2759 3097 2815; x_wconf 85' lang='lat' dir='ltr'><strong>sanctitatis</strong></span> <span class='ocrx_word' id='word_1_364' title='bbox 3144 2753 3316 2809; x_wconf 86' lang='lat' dir='ltr'><strong>veluti</strong></span> <span class='ocrx_word' id='word_1_365' title='bbox 3345 2751 3457 2806; x_wconf 82' lang='lat' dir='ltr'><strong>cir-</strong></span> 
     </span>
    </p>
   </div>
   <div class='ocr_carea' id='block_1_56' title="bbox 1881 2850 3451 2928">
    <p class='ocr_par' dir='ltr' id='par_1_56' title="bbox 1881 2850 3451 2928">
     <span class='ocr_line' id='line_1_56' title="bbox 1881 2850 3451 2928; baseline -0.013 -9"><span class='ocrx_word' id='word_1_366' title='bbox 1881 2863 2199 2919; x_wconf 87' lang='lat' dir='ltr'><strong>cumdatum</strong></span> <span class='ocrx_word' id='word_1_367' title='bbox 2232 2869 2288 2914; x_wconf 92' lang='lat' dir='ltr'><strong>et</strong></span> <span class='ocrx_word' id='word_1_368' title='bbox 2321 2858 2580 2928; x_wconf 90' lang='lat' dir='ltr'><strong>stipatum</strong></span> <span class='ocrx_word' id='word_1_369' title='bbox 2623 2855 2879 2909; x_wconf 86' lang='lat' dir='ltr'><strong>aberrare</strong></span> <span class='ocrx_word' id='word_1_370' title='bbox 2929 2850 3173 2921; x_wconf 87' lang='lat' dir='ltr'><strong>potuisse</strong></span> <span class='ocrx_word' id='word_1_371' title='bbox 3223 2863 3253 2901; x_wconf 93' lang='lat' dir='ltr'><strong>a</strong></span> <span class='ocrx_word' id='word_1_372' title='bbox 3299 2854 3451 2900; x_wconf 86' lang='lat' dir='ltr'><strong>recta</strong></span> 
     </span>
    </p>
   </div>
   <div class='ocr_carea' id='block_1_57' title="bbox 1885 2943 3030 3020">
    <p class='ocr_par' dir='ltr' id='par_1_57' title="bbox 1885 2943 3030 3020">
     <span class='ocr_line' id='line_1_57' title="bbox 1885 2943 3030 3020; baseline -0.012 -11"><span class='ocrx_word' id='word_1_373' title='bbox 1885 2955 2006 3011; x_wconf 79' lang='lat' dir='ltr'><strong>ﬁdei</strong></span> <span class='ocrx_word' id='word_1_374' title='bbox 2035 2953 2140 3007; x_wconf 89' lang='lat' dir='ltr'><strong>via.</strong></span> <span class='ocrx_word' id='word_1_375' title='bbox 2173 2951 2217 3006; x_wconf 94' lang='grc' dir='ltr'><strong>Ο</strong></span> <span class='ocrx_word' id='word_1_376' title='bbox 2247 2948 2643 3020; x_wconf 84' lang='lat' dir='ltr'><strong>investigabilia</strong></span> <span class='ocrx_word' id='word_1_377' title='bbox 2677 2946 2775 3000; x_wconf 85' lang='lat' dir='ltr'><strong>Dei</strong></span> <span class='ocrx_word' id='word_1_378' title='bbox 2799 2943 3030 3016; x_wconf 90' lang='lat' dir='ltr'><strong>judicial</strong></span> 
     </span>
    </p>
   </div>
   <div class='ocr_carea' id='block_1_58' title="bbox 1980 3025 3459 3109">
    <p class='ocr_par' dir='ltr' id='par_1_58' title="bbox 1980 3025 3459 3109">
     <span class='ocr_line' id='line_1_58' title="bbox 1980 3025 3459 3109; baseline -0.014 -12"><span class='ocrx_word' id='word_1_379' title='bbox 1980 3042 2166 3097; x_wconf 74' lang='lat' dir='ltr'><strong>XVIII.</strong></span> <span class='ocrx_word' id='word_1_380' title='bbox 2217 3039 2407 3109; x_wconf 87' lang='lat' dir='ltr'><strong>Capite</strong></span> <span class='ocrx_word' id='word_1_381' title='bbox 2461 3036 2727 3091; x_wconf 88' lang='lat' dir='ltr'><strong>vicesimo</strong></span> <span class='ocrx_word' id='word_1_382' title='bbox 2788 3040 3027 3101; x_wconf 86' lang='lat' dir='ltr'><strong>quarto,</strong></span> <span class='ocrx_word' id='word_1_383' title='bbox 3097 3026 3194 3082; x_wconf 88' lang='lat' dir='ltr'><strong>ubi</strong></span> <span class='ocrx_word' id='word_1_384' title='bbox 3255 3025 3459 3079; x_wconf 82' lang='lat' dir='ltr'><strong>texitur</strong></span> 
     </span>
    </p>
   </div>
   <div class='ocr_carea' id='block_1_59' title="bbox 292 3119 3460 3213">
    <p class='ocr_par' dir='ltr' id='par_1_59' title="bbox 292 3119 3460 3213">
     <span class='ocr_line' id='line_1_59' title="bbox 292 3119 3460 3213; baseline -0.005 -27"><span class='ocrx_word' id='word_1_385' title='bbox 292 3131 392 3186; x_wconf 71' lang='lat' dir='ltr'><strong>XII.</strong></span> <span class='ocrx_word' id='word_1_386' title='bbox 418 3132 478 3186; x_wconf 89' lang='lat' dir='ltr'><strong>In</strong></span> <span class='ocrx_word' id='word_1_387' title='bbox 504 3133 685 3202; x_wconf 90' lang='lat' dir='ltr'><strong>capite</strong></span> <span class='ocrx_word' id='word_1_388' title='bbox 714 3132 934 3186; x_wconf 90' lang='lat' dir='ltr'><strong>decimo</strong></span> <span class='ocrx_word' id='word_1_389' title='bbox 959 3138 1156 3202; x_wconf 86' lang='lat' dir='ltr'><strong>quarto</strong></span> <span class='ocrx_word' id='word_1_390' title='bbox 1181 3132 1322 3186; x_wconf 91' lang='lat' dir='ltr'><strong>nihil</strong></span> <span class='ocrx_word' id='word_1_391' title='bbox 1373 3129 1778 3186; x_wconf 83' lang='lat' dir='ltr'><strong>observandum</strong></span> <span class='ocrx_word' id='word_1_392' title='bbox 1807 3155 1850 3213; x_wconf 71' lang='grc' dir='ltr'>ο</span> <span class='ocrx_word' id='word_1_393' title='bbox 1882 3136 2120 3204; x_wconf 79' lang='lat' dir='ltr'><strong>elogium</strong></span> <span class='ocrx_word' id='word_1_394' title='bbox 2162 3129 2534 3201; x_wconf 79' lang='lat' dir='ltr'><strong>Polychronii,</strong></span> <span class='ocrx_word' id='word_1_395' title='bbox 2584 3127 2723 3180; x_wconf 89' lang='lat' dir='ltr'><strong>nihil</strong></span> <span class='ocrx_word' id='word_1_396' title='bbox 2755 3120 3160 3177; x_wconf 89' lang='lat' dir='ltr'><strong>observandum</strong></span> <span class='ocrx_word' id='word_1_397' title='bbox 3210 3119 3460 3181; x_wconf 86' lang='lat' dir='ltr'><strong>videtur,</strong></span> 
     </span>
    </p>
   </div>
   <div class='ocr_carea' id='block_1_60' title="bbox 238 3222 1777 3293">
    <p class='ocr_par' dir='ltr' id='par_1_60' title="bbox 238 3222 1777 3293">
     <span class='ocr_line' id='line_1_60' title="bbox 238 3222 1777 3293; baseline -0.002 -14"><span class='ocrx_word' id='word_1_398' title='bbox 238 3225 468 3288; x_wconf 85' lang='lat' dir='ltr'><strong>occurrit,</strong></span> <span class='ocrx_word' id='word_1_399' title='bbox 491 3223 954 3293; x_wconf 86' lang='lat' dir='ltr'><strong>quemadmodum</strong></span> <span class='ocrx_word' id='word_1_400' title='bbox 977 3238 1079 3279; x_wconf 89' lang='lat' dir='ltr'><strong>nec</strong></span> <span class='ocrx_word' id='word_1_401' title='bbox 1096 3224 1148 3278; x_wconf 93' lang='lat' dir='ltr'><strong>in</strong></span> <span class='ocrx_word' id='word_1_402' title='bbox 1171 3223 1527 3293; x_wconf 87' lang='lat' dir='ltr'><strong>sequentibus</strong></span> <span class='ocrx_word' id='word_1_403' title='bbox 1541 3222 1777 3287; x_wconf 89' lang='lat' dir='ltr'><strong>duobus,</strong></span> 
     </span>
    </p>
   </div>
   <div class='ocr_carea' id='block_1_61' title="bbox 238 3314 1782 3387">
    <p class='ocr_par' dir='ltr' id='par_1_61' title="bbox 238 3314 1782 3387">
     <span class='ocr_line' id='line_1_61' title="bbox 238 3314 1782 3387; baseline 0.001 -21"><span class='ocrx_word' id='word_1_404' title='bbox 238 3314 325 3369; x_wconf 81' lang='lat' dir='ltr'><strong>nisi</strong></span> <span class='ocrx_word' id='word_1_405' title='bbox 343 3315 484 3385; x_wconf 90' lang='lat' dir='ltr'><strong>quod</strong></span> <span class='ocrx_word' id='word_1_406' title='bbox 512 3314 814 3387; x_wconf 79' lang='lat' dir='ltr'><strong>Cyrensem</strong></span> <span class='ocrx_word' id='word_1_407' title='bbox 848 3315 1129 3386; x_wconf 86' lang='lat' dir='ltr'><strong>regionem</strong></span> <span class='ocrx_word' id='word_1_408' title='bbox 1158 3315 1483 3370; x_wconf 90' lang='lat' dir='ltr'><strong>illustrarint</strong></span> <span class='ocrx_word' id='word_1_409' title='bbox 1503 3355 1518 3379; x_wconf 94' lang='lat'><strong>,</strong></span> <span class='ocrx_word' id='word_1_410' title='bbox 1544 3314 1639 3385; x_wconf 89' lang='lat' dir='ltr'><strong>qui</strong></span> <span class='ocrx_word' id='word_1_411' title='bbox 1669 3321 1782 3368; x_wconf 90' lang='lat' dir='ltr'><strong>tres</strong></span> 
     </span>
    </p>
   </div>
   <div class='ocr_carea' id='block_1_62' title="bbox 238 3404 1784 3477">
    <p class='ocr_par' dir='ltr' id='par_1_62' title="bbox 238 3404 1784 3477">
     <span class='ocr_line' id='line_1_62' title="bbox 238 3404 1784 3477; baseline 0.001 -18"><span class='ocrx_word' id='word_1_412' title='bbox 238 3404 539 3473; x_wconf 81' lang='lat' dir='ltr'><strong>laudantur;</strong></span> <span class='ocrx_word' id='word_1_413' title='bbox 596 3408 905 3469; x_wconf 82' lang='lat' dir='ltr'><strong>Maisimas,</strong></span> <span class='ocrx_word' id='word_1_414' title='bbox 934 3406 1249 3477; x_wconf 89' lang='lat' dir='ltr'><strong>Acepsimas</strong></span> <span class='ocrx_word' id='word_1_415' title='bbox 1279 3415 1333 3463; x_wconf 89' lang='lat' dir='ltr'><strong>et</strong></span> <span class='ocrx_word' id='word_1_416' title='bbox 1386 3408 1535 3463; x_wconf 84' lang='lat' dir='ltr'><strong>Maro</strong></span> <span class='ocrx_word' id='word_1_417' title='bbox 1566 3425 1578 3461; x_wconf 92' lang='lat'><strong>:</strong></span> <span class='ocrx_word' id='word_1_418' title='bbox 1611 3406 1784 3476; x_wconf 88' lang='lat' dir='ltr'><strong>quod-</strong></span> 
     </span>
    </p>
   </div>
   <div class='ocr_carea' id='block_1_63' title="bbox 239 3499 1782 3570">
    <p class='ocr_par' dir='ltr' id='par_1_63' title="bbox 239 3499 1782 3570">
     <span class='ocr_line' id='line_1_63' title="bbox 239 3499 1782 3570; baseline -0.001 -17"><span class='ocrx_word' id='word_1_419' title='bbox 239 3511 327 3567; x_wconf 85' lang='lat' dir='ltr'><strong>que</strong></span> <span class='ocrx_word' id='word_1_420' title='bbox 352 3500 666 3570; x_wconf 79' lang='lat' dir='ltr'><strong>Acepsimas</strong></span> <span class='ocrx_word' id='word_1_421' title='bbox 695 3500 764 3555; x_wconf 88' lang='lat' dir='ltr'><strong>ab</strong></span> <span class='ocrx_word' id='word_1_422' title='bbox 810 3500 1023 3554; x_wconf 88' lang='lat' dir='ltr'><strong>Isidoro</strong></span> <span class='ocrx_word' id='word_1_423' title='bbox 1060 3499 1391 3554; x_wconf 87' lang='lat' dir='ltr'><strong>Theodoreti</strong></span> <span class='ocrx_word' id='word_1_424' title='bbox 1452 3512 1782 3568; x_wconf 69' lang='lat' dir='ltr'><strong>praecessore</strong></span> 
     </span>
    </p>
   </div>
   <div class='ocr_carea' id='block_1_64' title="bbox 241 3590 1782 3662">
    <p class='ocr_par' dir='ltr' id='par_1_64' title="bbox 241 3590 1782 3662">
     <span class='ocr_line' id='line_1_64' title="bbox 241 3590 1782 3662; baseline -0.001 -18"><span class='ocrx_word' id='word_1_425' title='bbox 241 3590 494 3647; x_wconf 84' lang='lat' dir='ltr'><strong>ordinatus</strong></span> <span class='ocrx_word' id='word_1_426' title='bbox 524 3592 596 3647; x_wconf 90' lang='lat' dir='ltr'><strong>sit</strong></span> <span class='ocrx_word' id='word_1_427' title='bbox 623 3591 680 3646; x_wconf 91' lang='lat' dir='ltr'><strong>in</strong></span> <span class='ocrx_word' id='word_1_428' title='bbox 712 3592 1118 3662; x_wconf 85' lang='lat' dir='ltr'><strong>presbyterum,</strong></span> <span class='ocrx_word' id='word_1_429' title='bbox 1153 3606 1277 3647; x_wconf 91' lang='lat' dir='ltr'><strong>cum</strong></span> <span class='ocrx_word' id='word_1_430' title='bbox 1304 3590 1477 3661; x_wconf 90' lang='lat' dir='ltr'><strong>probe</strong></span> <span class='ocrx_word' id='word_1_431' title='bbox 1500 3590 1717 3645; x_wconf 90' lang='lat' dir='ltr'><strong>abesset</strong></span> <span class='ocrx_word' id='word_1_432' title='bbox 1752 3604 1782 3643; x_wconf 88' lang='lat' dir='ltr'><strong>a</strong></span> 
     </span>
    </p>
   </div>
   <div class='ocr_carea' id='block_1_65' title="bbox 243 3683 1785 3755">
    <p class='ocr_par' dir='ltr' id='par_1_65' title="bbox 243 3683 1785 3755">
     <span class='ocr_line' id='line_1_65' title="bbox 243 3683 1785 3755; baseline -0.001 -18"><span class='ocrx_word' id='word_1_433' title='bbox 243 3690 426 3749; x_wconf 85' lang='lat' dir='ltr'><strong>morte;</strong></span> <span class='ocrx_word' id='word_1_434' title='bbox 448 3692 506 3739; x_wconf 89' lang='lat' dir='ltr'><strong>et</strong></span> <span class='ocrx_word' id='word_1_435' title='bbox 536 3684 686 3754; x_wconf 87' lang='lat' dir='ltr'><strong>quod</strong></span> <span class='ocrx_word' id='word_1_436' title='bbox 723 3684 963 3755; x_wconf 88' lang='lat' dir='ltr'><strong>denique</strong></span> <span class='ocrx_word' id='word_1_437' title='bbox 984 3683 1135 3738; x_wconf 84' lang='lat' dir='ltr'><strong>Maro</strong></span> <span class='ocrx_word' id='word_1_438' title='bbox 1169 3683 1337 3738; x_wconf 81' lang='lat' dir='ltr'><strong>fuerit</strong></span> <span class='ocrx_word' id='word_1_439' title='bbox 1366 3690 1559 3737; x_wconf 89' lang='lat' dir='ltr'><strong>auctor</strong></span> <span class='ocrx_word' id='word_1_440' title='bbox 1581 3687 1785 3736; x_wconf 73' lang='lat' dir='ltr'><strong>exactae</strong></span> 
     </span>
    </p>
   </div>
   <div class='ocr_carea' id='block_1_66' title="bbox 244 3771 1783 3846">
    <p class='ocr_par' dir='ltr' id='par_1_66' title="bbox 244 3771 1783 3846">
     <span class='ocr_line' id='line_1_66' title="bbox 244 3771 1783 3846; baseline 0.001 -20"><span class='ocrx_word' id='word_1_441' title='bbox 244 3771 364 3829; x_wconf 72' lang='lat' dir='ltr'><strong>illius</strong></span> <span class='ocrx_word' id='word_1_442' title='bbox 386 3776 652 3839; x_wconf 69' lang='lat' dir='ltr'><strong>asceticze,</strong></span> <span class='ocrx_word' id='word_1_443' title='bbox 697 3789 863 3844; x_wconf 91' lang='lat' dir='ltr'><strong>quam</strong></span> <span class='ocrx_word' id='word_1_444' title='bbox 920 3773 979 3827; x_wconf 91' lang='lat' dir='ltr'><strong>in</strong></span> <span class='ocrx_word' id='word_1_445' title='bbox 1008 3773 1285 3846; x_wconf 83' lang='lat' dir='ltr'><strong>Cyrestica</strong></span> <span class='ocrx_word' id='word_1_446' title='bbox 1315 3773 1536 3843; x_wconf 84' lang='lat' dir='ltr'><strong>regione</strong></span> <span class='ocrx_word' id='word_1_447' title='bbox 1585 3786 1783 3827; x_wconf 86' lang='lat' dir='ltr'><strong>conse-</strong></span> 
     </span>
    </p>
   </div>
   <div class='ocr_carea' id='block_1_67' title="bbox 239 3865 982 3934">
    <p class='ocr_par' dir='ltr' id='par_1_67' title="bbox 239 3865 982 3934">
     <span class='ocr_line' id='line_1_67' title="bbox 239 3865 982 3934; baseline 0.005 -16"><span class='ocrx_word' id='word_1_448' title='bbox 239 3875 444 3934; x_wconf 88' lang='lat' dir='ltr'><strong>quentes</strong></span> <span class='ocrx_word' id='word_1_449' title='bbox 473 3866 566 3920; x_wconf 89' lang='lat' dir='ltr'><strong>alii</strong></span> <span class='ocrx_word' id='word_1_450' title='bbox 595 3865 798 3920; x_wconf 86' lang='lat' dir='ltr'><strong>imitati</strong></span> <span class='ocrx_word' id='word_1_451' title='bbox 827 3873 982 3922; x_wconf 90' lang='lat' dir='ltr'><strong>sunt.</strong></span> 
     </span>
    </p>
   </div>
   <div class='ocr_carea' id='block_1_68' title="bbox 300 3956 1783 4029">
    <p class='ocr_par' dir='ltr' id='par_1_68' title="bbox 300 3956 1783 4029">
     <span class='ocr_line' id='line_1_68' title="bbox 300 3956 1783 4029; baseline 0.001 -19"><span class='ocrx_word' id='word_1_452' title='bbox 300 3956 422 4012; x_wconf 81' lang='lat' dir='ltr'><strong>XIII.</strong></span> <span class='ocrx_word' id='word_1_453' title='bbox 450 3958 646 4028; x_wconf 84' lang='lat' dir='ltr'><strong>Capite</strong></span> <span class='ocrx_word' id='word_1_454' title='bbox 672 3957 889 4013; x_wconf 88' lang='lat' dir='ltr'><strong>decimo</strong></span> <span class='ocrx_word' id='word_1_455' title='bbox 924 3959 1159 4029; x_wconf 87' lang='lat' dir='ltr'><strong>septimo</strong></span> <span class='ocrx_word' id='word_1_456' title='bbox 1198 3957 1514 4014; x_wconf 89' lang='lat' dir='ltr'><strong>continetur</strong></span> <span class='ocrx_word' id='word_1_457' title='bbox 1545 3957 1783 4028; x_wconf 89' lang='lat' dir='ltr'><strong>elogium</strong></span> 
     </span>
    </p>
   </div>
   <div class='ocr_carea' id='block_1_69' title="bbox 239 4047 1786 4121">
    <p class='ocr_par' dir='ltr' id='par_1_69' title="bbox 239 4047 1786 4121">
     <span class='ocr_line' id='line_1_69' title="bbox 239 4047 1786 4121; baseline 0.001 -19"><span class='ocrx_word' id='word_1_458' title='bbox 239 4047 514 4114; x_wconf 76' lang='lat' dir='ltr'><strong>Abraamis,</strong></span> <span class='ocrx_word' id='word_1_459' title='bbox 569 4050 666 4121; x_wconf 90' lang='lat' dir='ltr'><strong>qui</strong></span> <span class='ocrx_word' id='word_1_460' title='bbox 699 4066 766 4105; x_wconf 83' lang='lat' dir='ltr'><strong>ex</strong></span> <span class='ocrx_word' id='word_1_461' title='bbox 798 4050 1067 4105; x_wconf 87' lang='lat' dir='ltr'><strong>monacho</strong></span> <span class='ocrx_word' id='word_1_462' title='bbox 1111 4051 1290 4105; x_wconf 84' lang='lat' dir='ltr'><strong>factus</strong></span> <span class='ocrx_word' id='word_1_463' title='bbox 1341 4049 1635 4105; x_wconf 86' lang='lat' dir='ltr'><strong>Carrarum</strong></span> <span class='ocrx_word' id='word_1_464' title='bbox 1669 4049 1786 4120; x_wconf 89' lang='lat' dir='ltr'><strong>epi-</strong></span> 
     </span>
    </p>
   </div>
   <div class='ocr_carea' id='block_1_70' title="bbox 241 4140 1783 4209">
    <p class='ocr_par' dir='ltr' id='par_1_70' title="bbox 241 4140 1783 4209">
     <span class='ocr_line' id='line_1_70' title="bbox 241 4140 1783 4209; baseline 0.001 -16"><span class='ocrx_word' id='word_1_465' title='bbox 241 4153 440 4209; x_wconf 85' lang='lat' dir='ltr'><strong>scopus,</strong></span> <span class='ocrx_word' id='word_1_466' title='bbox 482 4141 751 4196; x_wconf 86' lang='lat' dir='ltr'><strong>asceticos</strong></span> <span class='ocrx_word' id='word_1_467' title='bbox 797 4141 1016 4196; x_wconf 89' lang='lat' dir='ltr'><strong>labores</strong></span> <span class='ocrx_word' id='word_1_468' title='bbox 1056 4156 1167 4196; x_wconf 92' lang='lat' dir='ltr'><strong>non</strong></span> <span class='ocrx_word' id='word_1_469' title='bbox 1212 4141 1507 4205; x_wconf 89' lang='lat' dir='ltr'><strong>imminuit,</strong></span> <span class='ocrx_word' id='word_1_470' title='bbox 1550 4141 1646 4195; x_wconf 89' lang='lat' dir='ltr'><strong>sed</strong></span> <span class='ocrx_word' id='word_1_471' title='bbox 1685 4140 1783 4195; x_wconf 87' lang='lat' dir='ltr'><strong>ad-</strong></span> 
     </span>
    </p>
   </div>
   <div class='ocr_carea' id='block_1_71' title="bbox 241 4234 1786 4305">
    <p class='ocr_par' dir='ltr' id='par_1_71' title="bbox 241 4234 1786 4305">
     <span class='ocr_line' id='line_1_71' title="bbox 241 4234 1786 4305; baseline 0.003 -19"><span class='ocrx_word' id='word_1_472' title='bbox 241 4235 373 4287; x_wconf 80' lang='lat' dir='ltr'><strong>auxit</strong></span> <span class='ocrx_word' id='word_1_473' title='bbox 404 4253 417 4288; x_wconf 93' lang='lat'><strong>:</strong></span> <span class='ocrx_word' id='word_1_474' title='bbox 456 4252 619 4305; x_wconf 89' lang='lat' dir='ltr'><strong>quam</strong></span> <span class='ocrx_word' id='word_1_475' title='bbox 648 4234 777 4290; x_wconf 76' lang='lat' dir='ltr'><strong>vitae</strong></span> <span class='ocrx_word' id='word_1_476' title='bbox 820 4234 1087 4290; x_wconf 90' lang='lat' dir='ltr'><strong>rationem</strong></span> <span class='ocrx_word' id='word_1_477' title='bbox 1124 4235 1354 4289; x_wconf 88' lang='lat' dir='ltr'><strong>laudans</strong></span> <span class='ocrx_word' id='word_1_478' title='bbox 1407 4234 1786 4290; x_wconf 88' lang='lat' dir='ltr'><strong>Theodoretus</strong></span> 
     </span>
    </p>
   </div>
   <div class='ocr_carea' id='block_1_72' title="bbox 241 4324 1781 4381">
    <p class='ocr_par' dir='ltr' id='par_1_72' title="bbox 241 4324 1781 4381">
     <span class='ocr_line' id='line_1_72' title="bbox 241 4324 1781 4381; baseline 0.001 -4"><span class='ocrx_word' id='word_1_479' title='bbox 241 4324 454 4379; x_wconf 81' lang='lat' dir='ltr'><strong>ostendit</strong></span> <span class='ocrx_word' id='word_1_480' title='bbox 472 4326 604 4380; x_wconf 89' lang='lat' dir='ltr'><strong>satis</strong></span> <span class='ocrx_word' id='word_1_481' title='bbox 635 4339 697 4380; x_wconf 86' lang='lat' dir='ltr'><strong>se</strong></span> <span class='ocrx_word' id='word_1_482' title='bbox 723 4340 835 4379; x_wconf 91' lang='lat' dir='ltr'><strong>non</strong></span> <span class='ocrx_word' id='word_1_483' title='bbox 865 4324 1172 4380; x_wconf 88' lang='lat' dir='ltr'><strong>absimilem</strong></span> <span class='ocrx_word' id='word_1_484' title='bbox 1201 4325 1459 4379; x_wconf 87' lang='lat' dir='ltr'><strong>Abraami</strong></span> <span class='ocrx_word' id='word_1_485' title='bbox 1485 4325 1781 4381; x_wconf 86' lang='lat' dir='ltr'><strong>exstitisse.</strong></span> 
     </span>
    </p>
   </div>
   <div class='ocr_carea' id='block_1_73' title="bbox 243 4412 1785 4487">
    <p class='ocr_par' dir='ltr' id='par_1_73' title="bbox 243 4412 1785 4487">
     <span class='ocr_line' id='line_1_73' title="bbox 243 4412 1785 4487; baseline 0.002 -19"><span class='ocrx_word' id='word_1_486' title='bbox 243 4412 511 4471; x_wconf 77' lang='lat' dir='ltr'><strong>Defunctus</strong></span> <span class='ocrx_word' id='word_1_487' title='bbox 551 4427 636 4471; x_wconf 89' lang='lat' dir='ltr'><strong>est</strong></span> <span class='ocrx_word' id='word_1_488' title='bbox 694 4415 1199 4487; x_wconf 79' lang='lat' dir='ltr'><strong>ConstantinOpoli,</strong></span> <span class='ocrx_word' id='word_1_489' title='bbox 1259 4432 1370 4487; x_wconf 91' lang='lat' dir='ltr'><strong>quo</strong></span> <span class='ocrx_word' id='word_1_490' title='bbox 1418 4432 1544 4471; x_wconf 92' lang='lat' dir='ltr'><strong>eum</strong></span> <span class='ocrx_word' id='word_1_491' title='bbox 1602 4417 1785 4471; x_wconf 86' lang='lat' dir='ltr'><strong>’I‘heo-</strong></span> 
     </span>
    </p>
   </div>
   <div class='ocr_carea' id='block_1_74' title="bbox 1883 3209 3459 3298">
    <p class='ocr_par' dir='ltr' id='par_1_74' title="bbox 1883 3209 3459 3298">
     <span class='ocr_line' id='line_1_74' title="bbox 1883 3209 3459 3298; baseline -0.013 -17"><span class='ocrx_word' id='word_1_492' title='bbox 1883 3235 2243 3298; x_wconf 74' lang='lat' dir='ltr'><strong>praeterquam</strong></span> <span class='ocrx_word' id='word_1_493' title='bbox 2293 3220 2441 3291; x_wconf 90' lang='lat' dir='ltr'><strong>quod</strong></span> <span class='ocrx_word' id='word_1_494' title='bbox 2505 3219 2574 3272; x_wconf 89' lang='lat' dir='ltr'><strong>de</strong></span> <span class='ocrx_word' id='word_1_495' title='bbox 2631 3215 2918 3272; x_wconf 88' lang='lat' dir='ltr'><strong>sacerdote</strong></span> <span class='ocrx_word' id='word_1_496' title='bbox 2976 3213 3074 3282; x_wconf 81' lang='grc' dir='ltr'><strong>τῆς</strong></span> <span class='ocrx_word' id='word_1_497' title='bbox 3140 3209 3459 3279; x_wconf 71' lang='grc' dir='ltr'><strong>Ἀντιοχέεοιν</strong></span> 
     </span>
    </p>
   </div>
   <div class='ocr_carea' id='block_1_75' title="bbox 1883 3298 3461 3388">
    <p class='ocr_par' dir='ltr' id='par_1_75' title="bbox 1883 3298 3461 3388">
     <span class='ocr_line' id='line_1_75' title="bbox 1883 3298 3461 3388; baseline -0.01 -19"><span class='ocrx_word' id='word_1_498' title='bbox 1883 3316 2064 3388; x_wconf 70' lang='grc' dir='ltr'>χώρας</span> <span class='ocrx_word' id='word_1_499' title='bbox 2115 3313 2305 3384; x_wconf 76' lang='grc' dir='ltr'>κώμας</span> <span class='ocrx_word' id='word_1_500' title='bbox 2342 3311 2538 3374; x_wconf 76' lang='grc' dir='ltr'>πολλὰς</span> <span class='ocrx_word' id='word_1_501' title='bbox 2582 3307 2892 3377; x_wconf 70' lang='grc' dir='ltr'><strong>ποιμαίνειν</strong></span> <span class='ocrx_word' id='word_1_502' title='bbox 2939 3302 3279 3371; x_wconf 75' lang='grc' dir='ltr'><strong>τεταγμένῳ.</strong></span> <span class='ocrx_word' id='word_1_503' title='bbox 3305 3298 3461 3355; x_wconf 87' lang='lat' dir='ltr'><strong>Unde</strong></span> 
     </span>
    </p>
   </div>
   <div class='ocr_carea' id='block_1_76' title="bbox 1885 3388 3462 3470">
    <p class='ocr_par' dir='ltr' id='par_1_76' title="bbox 1885 3388 3462 3470">
     <span class='ocr_line' id='line_1_76' title="bbox 1885 3388 3462 3470; baseline -0.013 -7"><span class='ocrx_word' id='word_1_504' title='bbox 1885 3410 2189 3463; x_wconf 89' lang='lat' dir='ltr'><strong>illustratur</strong></span> <span class='ocrx_word' id='word_1_505' title='bbox 2211 3406 2366 3459; x_wconf 90' lang='lat' dir='ltr'><strong>locus</strong></span> <span class='ocrx_word' id='word_1_506' title='bbox 2385 3401 2722 3470; x_wconf 87' lang='lat' dir='ltr'><strong>alter,&#39;cujus</strong></span> <span class='ocrx_word' id='word_1_507' title='bbox 2746 3396 3058 3452; x_wconf 88' lang='lat' dir='ltr'><strong>obscuritas</strong></span> <span class='ocrx_word' id='word_1_508' title='bbox 3079 3392 3311 3448; x_wconf 83' lang='lat' dir='ltr'><strong>Baronio</strong></span> <span class='ocrx_word' id='word_1_509' title='bbox 3333 3388 3462 3444; x_wconf 80' lang='lat' dir='ltr'><strong>fecit</strong></span> 
     </span>
    </p>
   </div>
   <div class='ocr_carea' id='block_1_77' title="bbox 1883 3484 3461 3557">
    <p class='ocr_par' dir='ltr' id='par_1_77' title="bbox 1883 3484 3461 3557">
     <span class='ocr_line' id='line_1_77' title="bbox 1883 3484 3461 3557; baseline -0.013 -2"><span class='ocrx_word' id='word_1_510' title='bbox 1883 3499 2231 3555; x_wconf 85' lang='lat' dir='ltr'><strong>occasionem</strong></span> <span class='ocrx_word' id='word_1_511' title='bbox 2266 3494 2614 3551; x_wconf 88' lang='lat' dir='ltr'><strong>incredibilia</strong></span> <span class='ocrx_word' id='word_1_512' title='bbox 2672 3492 2740 3547; x_wconf 89' lang='lat' dir='ltr'><strong>de</strong></span> <span class='ocrx_word' id='word_1_513' title='bbox 2800 3489 3056 3545; x_wconf 89' lang='lat' dir='ltr'><strong>Simeone</strong></span> <span class='ocrx_word' id='word_1_514' title='bbox 3092 3486 3287 3557; x_wconf 77' lang='lat' dir='ltr'><strong>Stylita</strong></span> <span class='ocrx_word' id='word_1_515' title='bbox 3324 3484 3461 3538; x_wconf 85' lang='lat' dir='ltr'><strong>scri-</strong></span> 
     </span>
    </p>
   </div>
   <div class='ocr_carea' id='block_1_78' title="bbox 1891 3591 2150 3646">
    <p class='ocr_par' dir='ltr' id='par_1_78' title="bbox 1891 3591 2150 3646">
     <span class='ocr_line' id='line_1_78' title="bbox 1891 3591 2150 3646; baseline -0.004 0"><span class='ocrx_word' id='word_1_516' title='bbox 1891 3591 2061 3646; x_wconf 87' lang='lat' dir='ltr'><strong>bendi</strong></span> <span class='ocrx_word' id='word_1_517' title='bbox 2083 3591 2150 3645; x_wconf 77' lang='grc'><strong>³⁸.</strong></span> 
     </span>
    </p>
   </div>
   <div class='ocr_carea' id='block_1_79' title="bbox 1952 3669 3460 3751">
    <p class='ocr_par' dir='ltr' id='par_1_79' title="bbox 1952 3669 3460 3751">
     <span class='ocr_line' id='line_1_79' title="bbox 1952 3669 3460 3751; baseline -0.012 -14"><span class='ocrx_word' id='word_1_518' title='bbox 1952 3682 2095 3737; x_wconf 75' lang='lat' dir='ltr'><strong>XIX.</strong></span> <span class='ocrx_word' id='word_1_519' title='bbox 2127 3681 2318 3751; x_wconf 88' lang='lat' dir='ltr'><strong>Capite</strong></span> <span class='ocrx_word' id='word_1_520' title='bbox 2342 3676 2608 3734; x_wconf 86' lang='lat' dir='ltr'><strong>vicesimo</strong></span> <span class='ocrx_word' id='word_1_521' title='bbox 2627 3676 2842 3746; x_wconf 90' lang='lat' dir='ltr'><strong>quinto,</strong></span> <span class='ocrx_word' id='word_1_522' title='bbox 2868 3672 3016 3743; x_wconf 89' lang='lat' dir='ltr'><strong>quod</strong></span> <span class='ocrx_word' id='word_1_523' title='bbox 3041 3677 3127 3726; x_wconf 89' lang='lat' dir='ltr'><strong>est</strong></span> <span class='ocrx_word' id='word_1_524' title='bbox 3147 3669 3460 3724; x_wconf 85' lang='lat' dir='ltr'><strong>encomium</strong></span> 
     </span>
    </p>
   </div>
   <div class='ocr_carea' id='block_1_80' title="bbox 1882 3760 3460 3843">
    <p class='ocr_par' dir='ltr' id='par_1_80' title="bbox 1882 3760 3460 3843">
     <span class='ocr_line' id='line_1_80' title="bbox 1882 3760 3460 3843; baseline -0.01 -14"><span class='ocrx_word' id='word_1_525' title='bbox 1882 3772 2139 3843; x_wconf 81' lang='lat' dir='ltr'><strong>Asclepii,</strong></span> <span class='ocrx_word' id='word_1_526' title='bbox 2191 3772 2245 3826; x_wconf 91' lang='lat' dir='ltr'><strong>id</strong></span> <span class='ocrx_word' id='word_1_527' title='bbox 2289 3787 2462 3824; x_wconf 91' lang='lat' dir='ltr'><strong>unum</strong></span> <span class='ocrx_word' id='word_1_528' title='bbox 2492 3766 2916 3830; x_wconf 83' lang='lat' dir='ltr'><strong>observandum,</strong></span> <span class='ocrx_word' id='word_1_529' title='bbox 2971 3762 3090 3816; x_wconf 76' lang='lat' dir='ltr'><strong>fieri</strong></span> <span class='ocrx_word' id='word_1_530' title='bbox 3127 3760 3460 3815; x_wconf 84' lang='lat' dir='ltr'><strong>mentionem</strong></span> 
     </span>
    </p>
   </div>
   <div class='ocr_carea' id='block_1_81' title="bbox 1882 3852 3462 3928">
    <p class='ocr_par' dir='ltr' id='par_1_81' title="bbox 1882 3852 3462 3928">
     <span class='ocr_line' id='line_1_81' title="bbox 1882 3852 3462 3928; baseline -0.011 -6"><span class='ocrx_word' id='word_1_531' title='bbox 1882 3865 2285 3922; x_wconf 76' lang='lat' dir='ltr'><strong>Jacobiasceta:</strong></span> <span class='ocrx_word' id='word_1_532' title='bbox 2313 3860 2676 3923; x_wconf 83' lang='lat' dir='ltr'><strong>admirabilis,</strong></span> <span class='ocrx_word' id='word_1_533' title='bbox 2704 3858 2799 3928; x_wconf 90' lang='lat' dir='ltr'><strong>qui</strong></span> <span class='ocrx_word' id='word_1_534' title='bbox 2824 3854 3157 3911; x_wconf 85' lang='lat' dir='ltr'><strong>domuncula</strong></span> <span class='ocrx_word' id='word_1_535' title='bbox 3214 3852 3462 3906; x_wconf 70' lang='lat' dir='ltr'><strong>inclusus</strong></span> 
     </span>
    </p>
   </div>
   <div class='ocr_carea' id='block_1_82' title="bbox 1885 3943 3460 4024">
    <p class='ocr_par' dir='ltr' id='par_1_82' title="bbox 1885 3943 3460 4024">
     <span class='ocr_line' id='line_1_82' title="bbox 1885 3943 3460 4024; baseline -0.011 -10"><span class='ocrx_word' id='word_1_536' title='bbox 1885 3959 2065 4014; x_wconf 88' lang='lat' dir='ltr'><strong>adhuc</strong></span> <span class='ocrx_word' id='word_1_537' title='bbox 2091 3957 2300 4010; x_wconf 77' lang='lat' dir='ltr'><strong>viveret</strong></span> <span class='ocrx_word' id='word_1_538' title='bbox 2330 3952 2702 4024; x_wconf 85' lang='lat' dir='ltr'><strong>nonagenario</strong></span> <span class='ocrx_word' id='word_1_539' title='bbox 2732 3951 2924 4020; x_wconf 82' lang='lat' dir='ltr'><strong>major,</strong></span> <span class='ocrx_word' id='word_1_540' title='bbox 2967 3948 3211 4016; x_wconf 89' lang='lat' dir='ltr'><strong>alterque</strong></span> <span class='ocrx_word' id='word_1_541' title='bbox 3258 3943 3399 3997; x_wconf 88' lang='lat' dir='ltr'><strong>l&#39;orct</strong></span> <span class='ocrx_word' id='word_1_542' title='bbox 3428 3957 3460 3996; x_wconf 87' lang='lat' dir='ltr'><strong>a</strong></span> 
     </span>
    </p>
   </div>
   <div class='ocr_carea' id='block_1_83' title="bbox 1883 4037 3462 4119">
    <p class='ocr_par' dir='ltr' id='par_1_83' title="bbox 1883 4037 3462 4119">
     <span class='ocr_line' id='line_1_83' title="bbox 1883 4037 3462 4119; baseline -0.013 -9"><span class='ocrx_word' id='word_1_543' title='bbox 1883 4053 2087 4111; x_wconf 86' lang='lat' dir='ltr'><strong>Iacobo</strong></span> <span class='ocrx_word' id='word_1_544' title='bbox 2133 4050 2560 4119; x_wconf 88' lang='lat' dir='ltr'><strong>Thaumaturgo,</strong></span> <span class='ocrx_word' id='word_1_545' title='bbox 2624 4046 2692 4101; x_wconf 88' lang='lat' dir='ltr'><strong>de</strong></span> <span class='ocrx_word' id='word_1_546' title='bbox 2726 4058 2836 4113; x_wconf 91' lang='lat' dir='ltr'><strong>quo</strong></span> <span class='ocrx_word' id='word_1_547' title='bbox 2880 4058 3001 4111; x_wconf 90' lang='lat' dir='ltr'><strong>cap.</strong></span> <span class='ocrx_word' id='word_1_548' title='bbox 3049 4040 3139 4094; x_wconf 74' lang='lat' dir='ltr'><strong>2i.</strong></span> <span class='ocrx_word' id='word_1_549' title='bbox 3192 4037 3462 4092; x_wconf 85' lang='lat' dir='ltr'><strong>Thauma-</strong></span> 
     </span>
    </p>
   </div>
   <div class='ocr_carea' id='block_1_84' title="bbox 1888 4128 3460 4215">
    <p class='ocr_par' dir='ltr' id='par_1_84' title="bbox 1888 4128 3460 4215">
     <span class='ocr_line' id='line_1_84' title="bbox 1888 4128 3460 4215; baseline -0.011 -16"><span class='ocrx_word' id='word_1_550' title='bbox 1888 4154 2082 4215; x_wconf 87' lang='lat' dir='ltr'><strong>turgus</strong></span> <span class='ocrx_word' id='word_1_551' title='bbox 2110 4141 2258 4198; x_wconf 90' lang='lat' dir='ltr'><strong>enim</strong></span> <span class='ocrx_word' id='word_1_552' title='bbox 2285 4141 2404 4196; x_wconf 89' lang='lat' dir='ltr'><strong>sine</strong></span> <span class='ocrx_word' id='word_1_553' title='bbox 2432 4138 2675 4210; x_wconf 90' lang='lat' dir='ltr'><strong>tugurio,</strong></span> <span class='ocrx_word' id='word_1_554' title='bbox 2706 4136 2800 4190; x_wconf 92' lang='lat' dir='ltr'><strong>hic</strong></span> <span class='ocrx_word' id='word_1_555' title='bbox 2854 4134 2911 4188; x_wconf 89' lang='lat' dir='ltr'><strong>in</strong></span> <span class='ocrx_word' id='word_1_556' title='bbox 2938 4131 3270 4187; x_wconf 88' lang='lat' dir='ltr'><strong>domuncula</strong></span> <span class='ocrx_word' id='word_1_557' title='bbox 3301 4128 3460 4183; x_wconf 85' lang='lat' dir='ltr'><strong>habi-</strong></span> 
     </span>
    </p>
   </div>
   <div class='ocr_carea' id='block_1_85' title="bbox 1889 4237 2061 4292">
    <p class='ocr_par' dir='ltr' id='par_1_85' title="bbox 1889 4237 2061 4292">
     <span class='ocr_line' id='line_1_85' title="bbox 1889 4237 2061 4292; baseline -0.012 -1"><span class='ocrx_word' id='word_1_558' title='bbox 1889 4237 2061 4292; x_wconf 86' lang='lat' dir='ltr'><strong>tabat.</strong></span> 
     </span>
    </p>
   </div>
   <div class='ocr_carea' id='block_1_86' title="bbox 1949 4311 3459 4395">
    <p class='ocr_par' dir='ltr' id='par_1_86' title="bbox 1949 4311 3459 4395">
     <span class='ocr_line' id='line_1_86' title="bbox 1949 4311 3459 4395; baseline -0.011 -13"><span class='ocrx_word' id='word_1_559' title='bbox 1949 4327 2067 4381; x_wconf 77' lang='lat' dir='ltr'><strong>XX.</strong></span> <span class='ocrx_word' id='word_1_560' title='bbox 2100 4325 2290 4395; x_wconf 89' lang='lat' dir='ltr'><strong>Capite</strong></span> <span class='ocrx_word' id='word_1_561' title='bbox 2354 4320 2623 4377; x_wconf 88' lang='lat' dir='ltr'><strong>vicesimo</strong></span> <span class='ocrx_word' id='word_1_562' title='bbox 2677 4327 2835 4374; x_wconf 83' lang='lat' dir='ltr'><strong>sexto</strong></span> <span class='ocrx_word' id='word_1_563' title='bbox 2878 4324 3140 4373; x_wconf 89' lang='lat' dir='ltr'><strong>narratur</strong></span> <span class='ocrx_word' id='word_1_564' title='bbox 3191 4311 3459 4383; x_wconf 87' lang='lat' dir='ltr'><strong>stupenda</strong></span> 
     </span>
    </p>
   </div>
   <div class='ocr_carea' id='block_1_87' title="bbox 1887 4404 3460 4487">
    <p class='ocr_par' dir='ltr' id='par_1_87' title="bbox 1887 4404 3460 4487">
     <span class='ocr_line' id='line_1_87' title="bbox 1887 4404 3460 4487; baseline -0.011 -13"><span class='ocrx_word' id='word_1_565' title='bbox 1887 4418 2156 4474; x_wconf 84' lang='lat' dir='ltr'><strong>Sitnconis</strong></span> <span class='ocrx_word' id='word_1_566' title='bbox 2179 4415 2386 4487; x_wconf 67' lang='lat' dir='ltr'><strong>Stylitae</strong></span> <span class='ocrx_word' id='word_1_567' title='bbox 2408 4414 2543 4467; x_wconf 90' lang='lat' dir='ltr'><strong>vita.</strong></span> <span class='ocrx_word' id='word_1_568' title='bbox 2578 4413 2783 4468; x_wconf 65' lang='lat' dir='ltr'><strong>Pueter</strong></span> <span class='ocrx_word' id='word_1_569' title='bbox 2801 4419 2958 4465; x_wconf 88' lang='lat' dir='ltr'><strong>notas</strong></span> <span class='ocrx_word' id='word_1_570' title='bbox 2984 4418 3312 4477; x_wconf 88' lang='lat' dir='ltr'><strong>temporum,</strong></span> <span class='ocrx_word' id='word_1_571' title='bbox 3336 4404 3460 4475; x_wconf 68' lang='lat' dir='ltr'><strong>qui~</strong></span> 
     </span>
    </p>
   </div>
   <div class='ocr_carea' id='block_1_88' title="bbox 245 4491 3037 4579">
    <p class='ocr_par' dir='ltr' id='par_1_88' title="bbox 245 4491 3037 4579">
     <span class='ocr_line' id='line_1_88' title="bbox 245 4491 3037 4579; baseline -0.001 -23"><span class='ocrx_word' id='word_1_572' title='bbox 245 4502 426 4571; x_wconf 86' lang='lat' dir='ltr'><strong>dosius,</strong></span> <span class='ocrx_word' id='word_1_573' title='bbox 452 4517 544 4562; x_wconf 90' lang='lat' dir='ltr'><strong>aut</strong></span> <span class='ocrx_word' id='word_1_574' title='bbox 568 4500 860 4564; x_wconf 87' lang='lat' dir='ltr'><strong>Pulcheria</strong></span> <span class='ocrx_word' id='word_1_575' title='bbox 897 4508 1081 4577; x_wconf 89' lang='lat' dir='ltr'><strong>potius</strong></span> <span class='ocrx_word' id='word_1_576' title='bbox 1100 4524 1224 4563; x_wconf 89' lang='lat' dir='ltr'><strong>cum</strong></span> <span class='ocrx_word' id='word_1_577' title='bbox 1258 4508 1541 4563; x_wconf 88' lang='lat' dir='ltr'><strong>sororibus</strong></span> <span class='ocrx_word' id='word_1_578' title='bbox 1584 4508 1786 4579; x_wconf 83' lang='lat' dir='ltr'><strong>reginis</strong></span> <span class='ocrx_word' id='word_1_579' title='bbox 1817 4491 1859 4545; x_wconf 81' lang='lat' dir='ltr'><strong>D</strong></span> <span class='ocrx_word' id='word_1_580' title='bbox 1890 4511 1992 4565; x_wconf 89' lang='lat' dir='ltr'><strong>bus</strong></span> <span class='ocrx_word' id='word_1_581' title='bbox 2016 4509 2098 4563; x_wconf 88' lang='lat' dir='ltr'><strong>usi</strong></span> <span class='ocrx_word' id='word_1_582' title='bbox 2128 4523 2341 4569; x_wconf 89' lang='lat' dir='ltr'><strong>sumus,</strong></span> <span class='ocrx_word' id='word_1_583' title='bbox 2368 4503 2711 4572; x_wconf 82' lang='lat' dir='ltr'><strong>observanda</strong></span> <span class='ocrx_word' id='word_1_584' title='bbox 2751 4511 2987 4572; x_wconf 85' lang='lat' dir='ltr'><strong>quatuor</strong></span> <span class='ocrx_word' id='word_1_585' title='bbox 3025 4517 3037 4552; x_wconf 91' lang='lat'><strong>:</strong></span> 
     </span>
    </p>
   </div>
   <div class='ocr_carea' id='block_1_89' title="bbox 248 4606 493 4653">
    <p class='ocr_par' dir='ltr' id='par_1_89' title="bbox 248 4606 493 4653">
     <span class='ocr_line' id='line_1_89' title="bbox 248 4606 493 4653; baseline 0.012 -3"><span class='ocrx_word' id='word_1_586' title='bbox 248 4606 493 4653; x_wconf 75' lang='lat' dir='ltr'><strong>evocarat.</strong></span> 
     </span>
    </p>
   </div>
   <div class='ocr_carea' id='block_1_90' title="bbox 306 4684 1789 4759">
    <p class='ocr_par' dir='ltr' id='par_1_90' title="bbox 306 4684 1789 4759">
     <span class='ocr_line' id='line_1_90' title="bbox 306 4684 1789 4759; baseline 0.002 -18"><span class='ocrx_word' id='word_1_587' title='bbox 306 4684 424 4742; x_wconf 77' lang='lat' dir='ltr'><strong>XIV.</strong></span> <span class='ocrx_word' id='word_1_588' title='bbox 457 4689 862 4745; x_wconf 89' lang='lat' dir='ltr'><strong>Posterioribus</strong></span> <span class='ocrx_word' id='word_1_589' title='bbox 891 4689 1070 4744; x_wconf 88' lang='lat' dir='ltr'><strong>tribus</strong></span> <span class='ocrx_word' id='word_1_590' title='bbox 1102 4688 1375 4759; x_wconf 87' lang='lat' dir='ltr'><strong>capitibus</strong></span> <span class='ocrx_word' id='word_1_591' title='bbox 1406 4688 1470 4755; x_wconf 60' lang='grc'><strong>³⁸,</strong></span> <span class='ocrx_word' id='word_1_592' title='bbox 1495 4690 1696 4759; x_wconf 90' lang='lat' dir='ltr'><strong>quibus</strong></span> <span class='ocrx_word' id='word_1_593' title='bbox 1719 4689 1789 4744; x_wconf 90' lang='lat' dir='ltr'><strong>de</strong></span> 
     </span>
    </p>
   </div>
   <div class='ocr_carea' id='block_1_91' title="bbox 254 4775 1784 4845">
    <p class='ocr_par' dir='ltr' id='par_1_91' title="bbox 254 4775 1784 4845">
     <span class='ocr_line' id='line_1_91' title="bbox 254 4775 1784 4845; baseline 0.002 -14"><span class='ocrx_word' id='word_1_594' title='bbox 254 4775 474 4845; x_wconf 83' lang='lat' dir='ltr'><strong>Eusebio,</strong></span> <span class='ocrx_word' id='word_1_595' title='bbox 508 4780 797 4836; x_wconf 88' lang='lat' dir='ltr'><strong>Salamane</strong></span> <span class='ocrx_word' id='word_1_596' title='bbox 835 4790 892 4836; x_wconf 91' lang='lat' dir='ltr'><strong>et</strong></span> <span class='ocrx_word' id='word_1_597' title='bbox 954 4781 1100 4843; x_wconf 80' lang='lat' dir='ltr'><strong>Mare</strong></span> <span class='ocrx_word' id='word_1_598' title='bbox 1162 4780 1404 4836; x_wconf 88' lang='lat' dir='ltr'><strong>narratio</strong></span> <span class='ocrx_word' id='word_1_599' title='bbox 1456 4781 1784 4844; x_wconf 88' lang='lat' dir='ltr'><strong>instituitur,</strong></span> 
     </span>
    </p>
   </div>
   <div class='ocr_carea' id='block_1_92' title="bbox 255 4871 1789 4945">
    <p class='ocr_par' dir='ltr' id='par_1_92' title="bbox 255 4871 1789 4945">
     <span class='ocr_line' id='line_1_92' title="bbox 255 4871 1789 4945; baseline 0.003 -25"><span class='ocrx_word' id='word_1_600' title='bbox 255 4882 337 4923; x_wconf 87' lang='lat' dir='ltr'><strong>nec</strong></span> <span class='ocrx_word' id='word_1_601' title='bbox 370 4871 563 4945; x_wconf 80' lang='lat' dir='ltr'><strong>aliquid</strong></span> <span class='ocrx_word' id='word_1_602' title='bbox 611 4872 823 4944; x_wconf 86' lang='lat' dir='ltr'><strong>pariter</strong></span> <span class='ocrx_word' id='word_1_603' title='bbox 889 4872 1296 4927; x_wconf 84' lang='lat' dir='ltr'><strong>observandum</strong></span> <span class='ocrx_word' id='word_1_604' title='bbox 1347 4878 1547 4940; x_wconf 83' lang='lat' dir='ltr'><strong>praeter</strong></span> <span class='ocrx_word' id='word_1_605' title='bbox 1600 4871 1789 4925; x_wconf 91' lang='lat' dir='ltr'><strong>insoli-</strong></span> 
     </span>
    </p>
   </div>
   <div class='ocr_carea' id='block_1_93' title="bbox 258 4962 1786 5035">
    <p class='ocr_par' dir='ltr' id='par_1_93' title="bbox 258 4962 1786 5035">
     <span class='ocr_line' id='line_1_93' title="bbox 258 4962 1786 5035; baseline 0.003 -22"><span class='ocrx_word' id='word_1_606' title='bbox 258 4967 344 5014; x_wconf 85' lang='lat' dir='ltr'><strong>tam</strong></span> <span class='ocrx_word' id='word_1_607' title='bbox 364 4962 499 5018; x_wconf 89' lang='lat' dir='ltr'><strong>illam</strong></span> <span class='ocrx_word' id='word_1_608' title='bbox 519 4964 758 5035; x_wconf 76' lang='lat' dir='ltr'><strong>liturgite</strong></span> <span class='ocrx_word' id='word_1_609' title='bbox 780 4963 1072 5029; x_wconf 88' lang='lat' dir='ltr'><strong>rationem,</strong></span> <span class='ocrx_word' id='word_1_610' title='bbox 1119 4980 1228 5034; x_wconf 90' lang='lat' dir='ltr'><strong>qua</strong></span> <span class='ocrx_word' id='word_1_611' title='bbox 1267 4963 1673 5029; x_wconf 87' lang='lat' dir='ltr'><strong>Theodoretus,</strong></span> <span class='ocrx_word' id='word_1_612' title='bbox 1726 4973 1786 5018; x_wconf 91' lang='lat' dir='ltr'><strong>ut</strong></span> 
     </span>
    </p>
   </div>
   <div class='ocr_carea' id='block_1_94' title="bbox 198 5048 1788 5125">
    <p class='ocr_par' dir='ltr' id='par_1_94' title="bbox 198 5048 1788 5125">
     <span class='ocr_line' id='line_1_94' title="bbox 198 5048 1788 5125; baseline 0.002 -20"><span class='ocrx_word' id='word_1_613' title='bbox 198 5104 201 5105; x_wconf 30' lang='grc' dir='ltr'><em>ν</em></span> <span class='ocrx_word' id='word_1_614' title='bbox 259 5048 391 5107; x_wconf 83' lang='lat' dir='ltr'><strong>llaris</strong></span> <span class='ocrx_word' id='word_1_615' title='bbox 414 5055 593 5125; x_wconf 86' lang='lat' dir='ltr'><strong>pietati</strong></span> <span class='ocrx_word' id='word_1_616' title='bbox 614 5054 872 5118; x_wconf 85' lang='lat' dir='ltr'><strong>serviret,</strong></span> <span class='ocrx_word' id='word_1_617' title='bbox 890 5054 1144 5109; x_wconf 89' lang='lat' dir='ltr'><strong>manibus</strong></span> <span class='ocrx_word' id='word_1_618' title='bbox 1167 5053 1525 5109; x_wconf 87' lang='lat' dir='ltr'><strong>diaconorum</strong></span> <span class='ocrx_word' id='word_1_619' title='bbox 1551 5069 1683 5108; x_wconf 91' lang='lat' dir='ltr'><strong>usus</strong></span> <span class='ocrx_word' id='word_1_620' title='bbox 1703 5060 1788 5108; x_wconf 88' lang='lat' dir='ltr'><strong>est</strong></span> 
     </span>
    </p>
   </div>
   <div class='ocr_carea' id='block_1_95' title="bbox 258 5145 519 5209">
    <p class='ocr_par' dir='ltr' id='par_1_95' title="bbox 258 5145 519 5209">
     <span class='ocr_line' id='line_1_95' title="bbox 258 5145 519 5209; baseline 0.004 -10"><span class='ocrx_word' id='word_1_621' title='bbox 258 5154 334 5209; x_wconf 85' lang='lat' dir='ltr'><strong>pro</strong></span> <span class='ocrx_word' id='word_1_622' title='bbox 356 5145 519 5201; x_wconf 85' lang='lat' dir='ltr'><strong>altari.</strong></span> 
     </span>
    </p>
   </div>
   <div class='ocr_carea' id='block_1_96' title="bbox 310 5233 1787 5308">
    <p class='ocr_par' dir='ltr' id='par_1_96' title="bbox 310 5233 1787 5308">
     <span class='ocr_line' id='line_1_96' title="bbox 310 5233 1787 5308; baseline 0.003 -20"><span class='ocrx_word' id='word_1_623' title='bbox 310 5233 404 5292; x_wconf 75' lang='lat' dir='ltr'><strong>XV.</strong></span> <span class='ocrx_word' id='word_1_624' title='bbox 425 5238 607 5308; x_wconf 85' lang='lat' dir='ltr'><strong>Capite</strong></span> <span class='ocrx_word' id='word_1_625' title='bbox 635 5237 904 5293; x_wconf 88' lang='lat' dir='ltr'><strong>vicesimo</strong></span> <span class='ocrx_word' id='word_1_626' title='bbox 930 5237 1108 5306; x_wconf 85' lang='lat' dir='ltr'><strong>primo</strong></span> <span class='ocrx_word' id='word_1_627' title='bbox 1163 5236 1355 5305; x_wconf 89' lang='lat' dir='ltr'><strong>incipit</strong></span> <span class='ocrx_word' id='word_1_628' title='bbox 1408 5237 1787 5293; x_wconf 85' lang='lat' dir='ltr'><strong>Theodoretus</strong></span> 
     </span>
    </p>
   </div>
   <div class='ocr_carea' id='block_1_97' title="bbox 259 5328 1786 5398">
    <p class='ocr_par' dir='ltr' id='par_1_97' title="bbox 259 5328 1786 5398">
     <span class='ocr_line' id='line_1_97' title="bbox 259 5328 1786 5398; baseline 0.003 -19"><span class='ocrx_word' id='word_1_629' title='bbox 259 5330 408 5385; x_wconf 83' lang='lat' dir='ltr'><strong>texere</strong></span> <span class='ocrx_word' id='word_1_630' title='bbox 452 5332 738 5387; x_wconf 88' lang='lat' dir='ltr'><strong>historiam</strong></span> <span class='ocrx_word' id='word_1_631' title='bbox 778 5337 1120 5392; x_wconf 80' lang='lat' dir='ltr'><strong>sanctorum,</strong></span> <span class='ocrx_word' id='word_1_632' title='bbox 1158 5329 1251 5398; x_wconf 89' lang='lat' dir='ltr'><strong>qui</strong></span> <span class='ocrx_word' id='word_1_633' title='bbox 1299 5328 1481 5383; x_wconf 88' lang='lat' dir='ltr'><strong>adhuc</strong></span> <span class='ocrx_word' id='word_1_634' title='bbox 1530 5329 1587 5383; x_wconf 93' lang='lat' dir='ltr'><strong>in</strong></span> <span class='ocrx_word' id='word_1_635' title='bbox 1648 5329 1786 5384; x_wconf 85' lang='lat' dir='ltr'><strong>vivis</strong></span> 
     </span>
    </p>
   </div>
   <div class='ocr_carea' id='block_1_98' title="bbox 254 5419 1783 5487">
    <p class='ocr_par' dir='ltr' id='par_1_98' title="bbox 254 5419 1783 5487">
     <span class='ocr_line' id='line_1_98' title="bbox 254 5419 1783 5487; baseline 0.003 -17"><span class='ocrx_word' id='word_1_636' title='bbox 254 5428 398 5486; x_wconf 82' lang='lat' dir='ltr'><strong>erant,</strong></span> <span class='ocrx_word' id='word_1_637' title='bbox 417 5437 535 5479; x_wconf 92' lang='lat' dir='ltr'><strong>cum</strong></span> <span class='ocrx_word' id='word_1_638' title='bbox 565 5422 869 5487; x_wconf 86' lang='lat' dir='ltr'><strong>scriberet;</strong></span> <span class='ocrx_word' id='word_1_639' title='bbox 897 5427 954 5475; x_wconf 91' lang='lat' dir='ltr'><strong>et</strong></span> <span class='ocrx_word' id='word_1_640' title='bbox 981 5436 1013 5474; x_wconf 89' lang='lat' dir='ltr'><strong>a</strong></span> <span class='ocrx_word' id='word_1_641' title='bbox 1068 5419 1272 5474; x_wconf 84' lang='lat' dir='ltr'><strong>Iacobo</strong></span> <span class='ocrx_word' id='word_1_642' title='bbox 1302 5419 1523 5487; x_wconf 89' lang='lat' dir='ltr'><strong>quidem</strong></span> <span class='ocrx_word' id='word_1_643' title='bbox 1568 5420 1783 5476; x_wconf 90' lang='lat' dir='ltr'><strong>initium</strong></span> 
     </span>
    </p>
   </div>
   <div class='ocr_carea' id='block_1_99' title="bbox 254 5504 1783 5584">
    <p class='ocr_par' dir='ltr' id='par_1_99' title="bbox 254 5504 1783 5584">
     <span class='ocr_line' id='line_1_99' title="bbox 254 5504 1783 5584; baseline 0.003 -23"><span class='ocrx_word' id='word_1_644' title='bbox 254 5504 392 5577; x_wconf 86' lang='lat' dir='ltr'><strong>ducit,</strong></span> <span class='ocrx_word' id='word_1_645' title='bbox 425 5511 489 5568; x_wconf 91' lang='lat' dir='ltr'><strong>de</strong></span> <span class='ocrx_word' id='word_1_646' title='bbox 515 5518 626 5584; x_wconf 80' lang='lat' dir='ltr'><strong>quo</strong></span> <span class='ocrx_word' id='word_1_647' title='bbox 683 5510 927 5566; x_wconf 84' lang='lat' dir='ltr'><strong>diximus</strong></span> <span class='ocrx_word' id='word_1_648' title='bbox 960 5509 1150 5574; x_wconf 89' lang='lat' dir='ltr'><strong>multa,</strong></span> <span class='ocrx_word' id='word_1_649' title='bbox 1180 5509 1377 5578; x_wconf 85' lang='lat' dir='ltr'><strong>partim</strong></span> <span class='ocrx_word' id='word_1_650' title='bbox 1407 5511 1459 5563; x_wconf 90' lang='lat' dir='ltr'><strong>in</strong></span> <span class='ocrx_word' id='word_1_651' title='bbox 1488 5509 1629 5571; x_wconf 79' lang='lat' dir='ltr'><strong>Vita.</strong></span> <span class='ocrx_word' id='word_1_652' title='bbox 1661 5528 1783 5581; x_wconf 87' lang='lat' dir='ltr'><strong>par-</strong></span> 
     </span>
    </p>
   </div>
   <div class='ocr_carea' id='block_1_100' title="bbox 1961 4587 3462 4667">
    <p class='ocr_par' dir='ltr' id='par_1_100' title="bbox 1961 4587 3462 4667">
     <span class='ocr_line' id='line_1_100' title="bbox 1961 4587 3462 4667; baseline -0.01 -12"><span class='ocrx_word' id='word_1_653' title='bbox 1961 4603 2010 4656; x_wconf 88' lang='lat' dir='ltr'><strong>l.</strong></span> <span class='ocrx_word' id='word_1_654' title='bbox 2038 4599 2195 4667; x_wconf 84' lang='lat' dir='ltr'><strong>Quod</strong></span> <span class='ocrx_word' id='word_1_655' title='bbox 2230 4598 2299 4653; x_wconf 89' lang='lat' dir='ltr'><strong>de</strong></span> <span class='ocrx_word' id='word_1_656' title='bbox 2328 4598 2496 4652; x_wconf 88' lang='lat' dir='ltr'><strong>Basso</strong></span> <span class='ocrx_word' id='word_1_657' title='bbox 2515 4606 2774 4650; x_wconf 87' lang='lat' dir='ltr'><strong>narratur</strong></span> <span class='ocrx_word' id='word_1_658' title='bbox 2800 4610 2814 4646; x_wconf 92' lang='lat'>:</span> <span class='ocrx_word' id='word_1_659' title='bbox 2842 4592 2969 4647; x_wconf 84' lang='lat' dir='ltr'><strong>inde</strong></span> <span class='ocrx_word' id='word_1_660' title='bbox 3013 4591 3158 4644; x_wconf 90' lang='lat' dir='ltr'><strong>enim</strong></span> <span class='ocrx_word' id='word_1_661' title='bbox 3207 4587 3462 4658; x_wconf 81' lang='lat' dir='ltr'><strong>intelligi-</strong></span> 
     </span>
    </p>
   </div>
   <div class='ocr_carea' id='block_1_101' title="bbox 1887 4681 3463 4764">
    <p class='ocr_par' dir='ltr' id='par_1_101' title="bbox 1887 4681 3463 4764">
     <span class='ocr_line' id='line_1_101' title="bbox 1887 4681 3463 4764; baseline -0.013 -12"><span class='ocrx_word' id='word_1_662' title='bbox 1887 4707 1978 4752; x_wconf 91' lang='lat' dir='ltr'><strong>tur</strong></span> <span class='ocrx_word' id='word_1_663' title='bbox 1998 4696 2066 4758; x_wconf 80' lang='grc'><strong>³⁷,</strong></span> <span class='ocrx_word' id='word_1_664' title='bbox 2119 4692 2268 4764; x_wconf 89' lang='lat' dir='ltr'><strong>quod</strong></span> <span class='ocrx_word' id='word_1_665' title='bbox 2298 4692 2367 4747; x_wconf 91' lang='lat' dir='ltr'><strong>de</strong></span> <span class='ocrx_word' id='word_1_666' title='bbox 2398 4691 2617 4746; x_wconf 86' lang='lat' dir='ltr'><strong>Meletio</strong></span> <span class='ocrx_word' id='word_1_667' title='bbox 2641 4690 2859 4744; x_wconf 87' lang='lat' dir='ltr'><strong>dicetur</strong></span> <span class='ocrx_word' id='word_1_668' title='bbox 2887 4694 3075 4756; x_wconf 89' lang='lat' dir='ltr'><strong>postea</strong></span> <span class='ocrx_word' id='word_1_669' title='bbox 3106 4701 3118 4736; x_wconf 90' lang='lat'><strong>:</strong></span> <span class='ocrx_word' id='word_1_670' title='bbox 3152 4681 3334 4735; x_wconf 79' lang='grc' dir='ltr'><strong>Πείθει</strong></span> <span class='ocrx_word' id='word_1_671' title='bbox 3372 4681 3463 4733; x_wconf 71' lang='grc' dir='ltr'><strong>τὸν</strong></span> 
     </span>
    </p>
   </div>
   <div class='ocr_carea' id='block_1_102' title="bbox 1890 4773 3463 4858">
    <p class='ocr_par' dir='ltr' id='par_1_102' title="bbox 1890 4773 3463 4858">
     <span class='ocr_line' id='line_1_102' title="bbox 1890 4773 3463 4858; baseline -0.011 -16"><span class='ocrx_word' id='word_1_672' title='bbox 1890 4788 2192 4858; x_wconf 76' lang='grc' dir='ltr'>θαυμάσιον</span> <span class='ocrx_word' id='word_1_673' title='bbox 2220 4787 2447 4848; x_wconf 80' lang='grc' dir='ltr'><strong>Βάσσον,</strong></span> <span class='ocrx_word' id='word_1_674' title='bbox 2474 4785 2533 4847; x_wconf 79' lang='grc' dir='ltr'><strong>ὃς</strong></span> <span class='ocrx_word' id='word_1_675' title='bbox 2556 4779 2856 4853; x_wconf 80' lang='grc' dir='ltr'><strong>τηνικαῦτα</strong></span> <span class='ocrx_word' id='word_1_676' title='bbox 2886 4776 3085 4839; x_wconf 79' lang='grc' dir='ltr'><strong>πολλὰς</strong></span> <span class='ocrx_word' id='word_1_677' title='bbox 3130 4773 3463 4843; x_wconf 78' lang='grc' dir='ltr'>περιώδευσε</span> 
     </span>
    </p>
   </div>
   <div class='ocr_carea' id='block_1_103' title="bbox 1889 4867 3283 4949">
    <p class='ocr_par' dir='ltr' id='par_1_103' title="bbox 1889 4867 3283 4949">
     <span class='ocr_line' id='line_1_103' title="bbox 1889 4867 3283 4949; baseline -0.009 -16"><span class='ocrx_word' id='word_1_678' title='bbox 1889 4879 2101 4949; x_wconf 81' lang='grc' dir='ltr'><strong>κώμας,</strong></span> <span class='ocrx_word' id='word_1_679' title='bbox 2136 4881 2250 4940; x_wconf 83' lang='grc' dir='ltr'>τοῖς</span> <span class='ocrx_word' id='word_1_680' title='bbox 2285 4877 2427 4930; x_wconf 82' lang='grc' dir='ltr'>κατὰ</span> <span class='ocrx_word' id='word_1_681' title='bbox 2456 4876 2648 4944; x_wconf 80' lang='grc' dir='ltr'><strong>κώμην</strong></span> <span class='ocrx_word' id='word_1_682' title='bbox 2687 4869 2926 4942; x_wconf 80' lang='grc' dir='ltr'><strong>ἱερεῦσιν</strong></span> <span class='ocrx_word' id='word_1_683' title='bbox 2955 4867 3283 4921; x_wconf 77' lang='grc' dir='ltr'><strong>ἐπιστατῶν.</strong></span> 
     </span>
    </p>
   </div>
   <div class='ocr_carea' id='block_1_104' title="bbox 1954 4959 3463 5036">
    <p class='ocr_par' dir='ltr' id='par_1_104' title="bbox 1954 4959 3463 5036">
     <span class='ocr_line' id='line_1_104' title="bbox 1954 4959 3463 5036; baseline -0.01 -10"><span class='ocrx_word' id='word_1_684' title='bbox 1954 4972 2010 5026; x_wconf 75' lang='grc'><strong>2.</strong></span> <span class='ocrx_word' id='word_1_685' title='bbox 2037 4972 2263 5025; x_wconf 89' lang='lat' dir='ltr'><strong>Bassum</strong></span> <span class='ocrx_word' id='word_1_686' title='bbox 2288 4969 2554 5030; x_wconf 86' lang='lat' dir='ltr'><strong>Simeoni,</strong></span> <span class='ocrx_word' id='word_1_687' title='bbox 2593 4973 2819 5036; x_wconf 89' lang='lat' dir='ltr'><strong>propter</strong></span> <span class='ocrx_word' id='word_1_688' title='bbox 2845 4961 3202 5034; x_wconf 86' lang='lat' dir='ltr'><strong>quadraginta</strong></span> <span class='ocrx_word' id='word_1_689' title='bbox 3248 4959 3463 5014; x_wconf 86' lang='lat' dir='ltr'><strong>dierum</strong></span> 
     </span>
    </p>
   </div>
   <div class='ocr_carea' id='block_1_105' title="bbox 1893 5051 3462 5127">
    <p class='ocr_par' dir='ltr' id='par_1_105' title="bbox 1893 5051 3462 5127">
     <span class='ocr_line' id='line_1_105' title="bbox 1893 5051 3462 5127; baseline -0.008 -13"><span class='ocrx_word' id='word_1_690' title='bbox 1893 5060 2214 5115; x_wconf 85' lang='lat' dir='ltr'><strong>continuum</strong></span> <span class='ocrx_word' id='word_1_691' title='bbox 2241 5055 2512 5127; x_wconf 86' lang='lat' dir='ltr'><strong>jejunium</strong></span> <span class='ocrx_word' id='word_1_692' title='bbox 2540 5052 2870 5119; x_wconf 90' lang='lat' dir='ltr'><strong>semianimi,</strong></span> <span class='ocrx_word' id='word_1_693' title='bbox 2896 5051 3209 5106; x_wconf 86' lang='lat' dir='ltr'><strong>divinorum</strong></span> <span class='ocrx_word' id='word_1_694' title='bbox 3257 5056 3462 5120; x_wconf 85' lang='lat' dir='ltr'><strong>myste-</strong></span> 
     </span>
    </p>
   </div>
   <div class='ocr_carea' id='block_1_106' title="bbox 1893 5143 3462 5220">
    <p class='ocr_par' dir='ltr' id='par_1_106' title="bbox 1893 5143 3462 5220">
     <span class='ocr_line' id='line_1_106' title="bbox 1893 5143 3462 5220; baseline -0.008 -14"><span class='ocrx_word' id='word_1_695' title='bbox 1893 5153 2102 5206; x_wconf 89' lang='lat' dir='ltr'><strong>riorum</strong></span> <span class='ocrx_word' id='word_1_696' title='bbox 2125 5149 2394 5220; x_wconf 76' lang='lat' dir='ltr'><strong>symbola,</strong></span> <span class='ocrx_word' id='word_1_697' title='bbox 2419 5147 2503 5200; x_wconf 91' lang='lat' dir='ltr'><strong>ori</strong></span> <span class='ocrx_word' id='word_1_698' title='bbox 2529 5146 2748 5216; x_wconf 90' lang='lat' dir='ltr'><strong>quidem</strong></span> <span class='ocrx_word' id='word_1_699' title='bbox 2778 5144 3077 5199; x_wconf 80' lang='lat' dir='ltr'><strong>madefacta</strong></span> <span class='ocrx_word' id='word_1_700' title='bbox 3119 5143 3274 5213; x_wconf 91' lang='lat' dir='ltr'><strong>prius</strong></span> <span class='ocrx_word' id='word_1_701' title='bbox 3295 5155 3462 5211; x_wconf 90' lang='lat' dir='ltr'><strong>spon-</strong></span> 
     </span>
    </p>
   </div>
   <div class='ocr_carea' id='block_1_107' title="bbox 1890 5231 3465 5311">
    <p class='ocr_par' dir='ltr' id='par_1_107' title="bbox 1890 5231 3465 5311">
     <span class='ocr_line' id='line_1_107' title="bbox 1890 5231 3465 5311; baseline -0.008 -17"><span class='ocrx_word' id='word_1_702' title='bbox 1890 5240 1976 5311; x_wconf 83' lang='lat' dir='ltr'><strong>gia</strong></span> <span class='ocrx_word' id='word_1_703' title='bbox 2004 5240 2339 5302; x_wconf 90' lang='lat' dir='ltr'><strong>humectato,</strong></span> <span class='ocrx_word' id='word_1_704' title='bbox 2368 5235 2464 5291; x_wconf 90' lang='lat' dir='ltr'><strong>sed</strong></span> <span class='ocrx_word' id='word_1_705' title='bbox 2498 5235 2818 5305; x_wconf 89' lang='lat' dir='ltr'><strong>priusquam</strong></span> <span class='ocrx_word' id='word_1_706' title='bbox 2846 5234 2972 5289; x_wconf 91' lang='lat' dir='ltr'><strong>cibo</strong></span> <span class='ocrx_word' id='word_1_707' title='bbox 2991 5232 3331 5294; x_wconf 82' lang='lat' dir='ltr'><strong>reﬁceretur,</strong></span> <span class='ocrx_word' id='word_1_708' title='bbox 3372 5231 3465 5283; x_wconf 89' lang='lat' dir='ltr'><strong>in-</strong></span> 
     </span>
    </p>
   </div>
   <div class='ocr_carea' id='block_1_108' title="bbox 1890 5321 3463 5399">
    <p class='ocr_par' dir='ltr' id='par_1_108' title="bbox 1890 5321 3463 5399">
     <span class='ocr_line' id='line_1_108' title="bbox 1890 5321 3463 5399; baseline -0.008 -12"><span class='ocrx_word' id='word_1_709' title='bbox 1890 5333 2092 5387; x_wconf 91' lang='lat' dir='ltr'><strong>didisse</strong></span> <span class='ocrx_word' id='word_1_710' title='bbox 2125 5350 2139 5385; x_wconf 87' lang='lat'><strong>:</strong></span> <span class='ocrx_word' id='word_1_711' title='bbox 2178 5331 2323 5385; x_wconf 90' lang='lat' dir='ltr'><strong>unde</strong></span> <span class='ocrx_word' id='word_1_712' title='bbox 2363 5329 2639 5399; x_wconf 83' lang='lat' dir='ltr'><strong>colligitur</strong></span> <span class='ocrx_word' id='word_1_713' title='bbox 2681 5343 2746 5382; x_wconf 89' lang='lat' dir='ltr'><strong>ea</strong></span> <span class='ocrx_word' id='word_1_714' title='bbox 2781 5327 2947 5381; x_wconf 88' lang='lat' dir='ltr'><strong>etiam</strong></span> <span class='ocrx_word' id='word_1_715' title='bbox 3007 5331 3327 5393; x_wconf 85' lang='lat' dir='ltr'><strong>tempestate</strong></span> <span class='ocrx_word' id='word_1_716' title='bbox 3353 5321 3463 5375; x_wconf 89' lang='lat' dir='ltr'><strong>Eu-</strong></span> 
     </span>
    </p>
   </div>
   <div class='ocr_carea' id='block_1_109' title="bbox 1897 5413 3307 5484">
    <p class='ocr_par' dir='ltr' id='par_1_109' title="bbox 1897 5413 3307 5484">
     <span class='ocr_line' id='line_1_109' title="bbox 1897 5413 3307 5484; baseline -0.009 -10"><span class='ocrx_word' id='word_1_717' title='bbox 1897 5419 2215 5474; x_wconf 89' lang='lat' dir='ltr'><strong>charistiam</strong></span> <span class='ocrx_word' id='word_1_718' title='bbox 2251 5416 2675 5473; x_wconf 75' lang='lat' dir='ltr'><strong>et&#39;moribundis</strong></span> <span class='ocrx_word' id='word_1_719' title='bbox 2696 5424 2749 5470; x_wconf 94' lang='lat' dir='ltr'><strong>et</strong></span> <span class='ocrx_word' id='word_1_720' title='bbox 2775 5414 2977 5484; x_wconf 85' lang='lat' dir='ltr'><strong>jejunis</strong></span> <span class='ocrx_word' id='word_1_721' title='bbox 3006 5413 3307 5483; x_wconf 81' lang='lat' dir='ltr'><strong>praebitam.</strong></span> 
     </span>
    </p>
   </div>
   <div class='ocr_carea' id='block_1_110' title="bbox 1961 5499 3459 5579">
    <p class='ocr_par' dir='ltr' id='par_1_110' title="bbox 1961 5499 3459 5579">
     <span class='ocr_line' id='line_1_110' title="bbox 1961 5499 3459 5579; baseline -0.009 -11"><span class='ocrx_word' id='word_1_722' title='bbox 1961 5516 2013 5569; x_wconf 76' lang='lat'><strong>3.</strong></span> <span class='ocrx_word' id='word_1_723' title='bbox 2067 5512 2388 5567; x_wconf 88' lang='lat' dir='ltr'><strong>Columnam</strong></span> <span class='ocrx_word' id='word_1_724' title='bbox 2444 5521 2796 5579; x_wconf 80' lang='lat' dir='ltr'><strong>postremam,</strong></span> <span class='ocrx_word' id='word_1_725' title='bbox 2854 5521 2977 5561; x_wconf 87' lang='lat' dir='ltr'><strong>cum</strong></span> <span class='ocrx_word' id='word_1_726' title='bbox 3034 5520 3064 5557; x_wconf 92' lang='lat' dir='ltr'><strong>a</strong></span> <span class='ocrx_word' id='word_1_727' title='bbox 3104 5499 3459 5569; x_wconf 81' lang='lat' dir='ltr'><strong>solotrigintu</strong></span> 
     </span>
    </p>
   </div>
   <div class='ocr_carea' id='block_1_111' title="bbox 822 5625 2128 5700">
    <p class='ocr_par' dir='ltr' id='par_1_111' title="bbox 822 5625 2128 5700">
     <span class='ocr_line' id='line_1_111' title="bbox 822 5625 2128 5700; baseline 0.003 -23"><span class='ocrx_word' id='word_1_728' title='bbox 822 5698 826 5700; x_wconf 11' lang='grc' dir='ltr'><em>Π</em></span> <span class='ocrx_word' id='word_1_729' title='bbox 943 5649 946 5651; x_wconf 21' lang='grc' dir='ltr'><strong>Α</strong></span> <span class='ocrx_word' id='word_1_730' title='bbox 1544 5625 1857 5681; x_wconf 63' lang='lat' dir='ltr'><strong>smmum</strong></span> <span class='ocrx_word' id='word_1_731' title='bbox 1899 5625 2128 5681; x_wconf 64' lang='lat' dir='ltr'><strong>sema.</strong></span> 
     </span>
    </p>
   </div>
   <div class='ocr_carea' id='block_1_112' title="bbox 301 5721 1783 5815">
    <p class='ocr_par' dir='ltr' id='par_1_112' title="bbox 301 5721 1775 5815">
     <span class='ocr_line' id='line_1_112' title="bbox 301 5721 1775 5815; baseline 0.001 -20"><span class='ocrx_word' id='word_1_732' title='bbox 301 5739 515 5815; x_wconf 68' lang='lat' dir='ltr'><strong>&#39;j__lhid.,</strong></span> <span class='ocrx_word' id='word_1_733' title='bbox 547 5762 596 5800; x_wconf 70' lang='grc' dir='ltr'><strong>ιε.</strong></span> <span class='ocrx_word' id='word_1_734' title='bbox 640 5721 898 5815; x_wconf 26' lang='lat' dir='ltr'><strong>lagae</strong></span> <span class='ocrx_word' id='word_1_735' title='bbox 920 5741 1121 5815; x_wconf 62' lang='grc' dir='ltr'><strong>Ρρδεσν,</strong></span> <span class='ocrx_word' id='word_1_736' title='bbox 1161 5742 1387 5815; x_wconf 57' lang='lat' dir='ltr'><strong>suum</strong></span> <span class='ocrx_word' id='word_1_737' title='bbox 1416 5744 1547 5815; x_wconf 71' lang='lat' dir='ltr'><strong>libri</strong></span> <span class='ocrx_word' id='word_1_738' title='bbox 1593 5744 1775 5813; x_wconf 84' lang='lat' dir='ltr'><strong>primi.</strong></span> 
     </span>
    </p>
   </div>
   <div class='ocr_carea' id='block_1_113' title="bbox 1899 5721 3454 5815">
    <p class='ocr_par' dir='ltr' id='par_1_113' title="bbox 1899 5728 3454 5815">
     <span class='ocr_line' id='line_1_113' title="bbox 1899 5728 3454 5815; baseline -0.008 -18"><span class='ocrx_word' id='word_1_739' title='bbox 1899 5744 1936 5797; x_wconf 92' lang='lat' dir='ltr'><strong>l.</strong></span> <span class='ocrx_word' id='word_1_740' title='bbox 1969 5760 2152 5815; x_wconf 81' lang='lat' dir='ltr'><strong>supra,</strong></span> <span class='ocrx_word' id='word_1_741' title='bbox 2196 5761 2247 5813; x_wconf 90' lang='lat' dir='ltr'><strong>p.</strong></span> <span class='ocrx_word' id='word_1_742' title='bbox 2290 5744 2413 5809; x_wconf 73' lang='lat'><strong>9.95,</strong></span> <span class='ocrx_word' id='word_1_743' title='bbox 2442 5742 2466 5813; x_wconf 61' lang='grc' dir='ltr'><strong>ξ</strong></span> <span class='ocrx_word' id='word_1_744' title='bbox 2500 5742 2578 5795; x_wconf 80' lang='lat'><strong>[8.</strong></span> <span class='ocrx_word' id='word_1_745' title='bbox 2684 5742 2726 5772; x_wconf 76' lang='grc'><strong>³⁵</strong></span> <span class='ocrx_word' id='word_1_746' title='bbox 2760 5738 2878 5793; x_wconf 67' lang='lat' dir='ltr'><strong>Vici.</strong></span> <span class='ocrx_word' id='word_1_747' title='bbox 2922 5749 3104 5805; x_wconf 84' lang='lat' dir='ltr'><strong>supra,</strong></span> <span class='ocrx_word' id='word_1_748' title='bbox 3134 5749 3183 5801; x_wconf 85' lang='lat' dir='ltr'><strong>p.</strong></span> <span class='ocrx_word' id='word_1_749' title='bbox 3210 5729 3333 5798; x_wconf 71' lang='grc'><strong>290,</strong></span> <span class='ocrx_word' id='word_1_750' title='bbox 3359 5728 3454 5801; x_wconf 68' lang='grc' dir='ltr'><strong>ἓϋ.</strong></span> 
     </span>
    </p>
   </div>
   <div class='ocr_carea' id='block_1_114' title="bbox 245 5805 1623 5887">
    <p class='ocr_par' dir='ltr' id='par_1_114' title="bbox 245 5805 1623 5887">
     <span class='ocr_line' id='line_1_114' title="bbox 245 5805 1623 5887; baseline 0.003 -24"><span class='ocrx_word' id='word_1_751' title='bbox 245 5805 280 5837; x_wconf 66' lang='grc'><strong>⁸*</strong></span> <span class='ocrx_word' id='word_1_752' title='bbox 312 5809 415 5867; x_wconf 72' lang='lat' dir='ltr'><strong>Vid.</strong></span> <span class='ocrx_word' id='word_1_753' title='bbox 443 5805 619 5887; x_wconf 81' lang='lat' dir='ltr'><strong>supra,</strong></span> <span class='ocrx_word' id='word_1_754' title='bbox 648 5831 700 5885; x_wconf 90' lang='lat' dir='ltr'><strong>p.</strong></span> <span class='ocrx_word' id='word_1_755' title='bbox 726 5811 903 5881; x_wconf 70' lang='lat'><strong>29&#39;2,§</strong></span> <span class='ocrx_word' id='word_1_756' title='bbox 938 5812 1018 5865; x_wconf 65' lang='lat' dir='ltr'><strong>II.</strong></span> <span class='ocrx_word' id='word_1_757' title='bbox 1097 5813 1136 5843; x_wconf 82' lang='grc'><strong>³⁷</strong></span> <span class='ocrx_word' id='word_1_758' title='bbox 1170 5814 1288 5867; x_wconf 74' lang='lat' dir='ltr'><strong>Vid.</strong></span> <span class='ocrx_word' id='word_1_759' title='bbox 1319 5813 1451 5868; x_wconf 79' lang='lat' dir='ltr'><strong>ibid.</strong></span> <span class='ocrx_word' id='word_1_760' title='bbox 1484 5812 1510 5884; x_wconf 83' lang='lat'><strong>§</strong></span> <span class='ocrx_word' id='word_1_761' title='bbox 1545 5805 1623 5867; x_wconf 68' lang='lat' dir='ltr'><strong>l5.</strong></span> 
     </span>
    </p>
   </div>
  </div>
