  <div class='ocr_page' id='page_1' title='image "/cluster/home/n/w/nwhite01/storage/ocr_20150623/84 pt.5/mdp.39015010572884/133.png"; bbox 0 0 3926 6216; ppageno 0'>
   <div class='ocr_carea' id='block_1_1' title="bbox 475 366 575 430">
    <p class='ocr_par' dir='ltr' id='par_1_1' title="bbox 475 366 575 430">
     <span class='ocr_line' id='line_1_1' title="bbox 475 366 575 430; baseline -0.02 0"><span class='ocrx_word' id='word_1_1' title='bbox 475 366 575 430; x_wconf 75' lang='lat'><strong>251</strong></span> 
     </span>
    </p>
   </div>
   <div class='ocr_carea' id='block_1_2' title="bbox 1603 322 2638 420">
    <p class='ocr_par' dir='ltr' id='par_1_2' title="bbox 1603 322 2638 420">
     <span class='ocr_line' id='line_1_2' title="bbox 1603 322 2638 420; baseline -0.006 0"><span class='ocrx_word' id='word_1_2' title='bbox 1603 357 1981 420; x_wconf 77' lang='lat' dir='ltr'><strong>GARNERII</strong></span> <span class='ocrx_word' id='word_1_3' title='bbox 2020 322 2519 416; x_wconf 77' lang='lat' dir='ltr'><strong>DISSERTATIO</strong></span> <span class='ocrx_word' id='word_1_4' title='bbox 2556 355 2638 415; x_wconf 82' lang='grc' dir='ltr'>Π.</span> 
     </span>
    </p>
   </div>
   <div class='ocr_carea' id='block_1_3' title="bbox 3621 351 3713 415">
    <p class='ocr_par' dir='ltr' id='par_1_3' title="bbox 3621 351 3713 415">
     <span class='ocr_line' id='line_1_3' title="bbox 3621 351 3713 415; baseline 0.033 -3"><span class='ocrx_word' id='word_1_5' title='bbox 3621 351 3713 415; x_wconf 67' lang='grc' dir='ltr'><strong>2ῑὲ</strong></span> 
     </span>
    </p>
   </div>
   <div class='ocr_carea' id='block_1_4' title="bbox 479 462 3714 544">
    <p class='ocr_par' dir='ltr' id='par_1_4' title="bbox 479 462 3714 544">
     <span class='ocr_line' id='line_1_4' title="bbox 479 462 3714 544; baseline -0.004 -11"><span class='ocrx_word' id='word_1_6' title='bbox 479 491 579 533; x_wconf 84' lang='lat' dir='ltr'><strong>sex</strong></span> <span class='ocrx_word' id='word_1_7' title='bbox 597 476 817 533; x_wconf 79' lang='lat' dir='ltr'><strong>cubitOs</strong></span> <span class='ocrx_word' id='word_1_8' title='bbox 830 475 1198 539; x_wconf 86' lang='lat' dir='ltr'><strong>attolleretur,</strong></span> <span class='ocrx_word' id='word_1_9' title='bbox 1221 476 1326 531; x_wconf 90' lang='lat' dir='ltr'><strong>hoc</strong></span> <span class='ocrx_word' id='word_1_10' title='bbox 1346 483 1451 539; x_wconf 87' lang='lat' dir='ltr'><strong>est,</strong></span> <span class='ocrx_word' id='word_1_11' title='bbox 1472 474 1868 544; x_wconf 84' lang='lat' dir='ltr'><strong>quinquaginta</strong></span> <span class='ocrx_word' id='word_1_12' title='bbox 1891 486 2058 542; x_wconf 89' lang='lat' dir='ltr'><strong>quam</strong></span> <span class='ocrx_word' id='word_1_13' title='bbox 2089 477 2135 533; x_wconf 79' lang='grc' dir='ltr'><strong>Α</strong></span> <span class='ocrx_word' id='word_1_14' title='bbox 2165 469 2393 525; x_wconf 90' lang='lat' dir='ltr'><strong>solitum</strong></span> <span class='ocrx_word' id='word_1_15' title='bbox 2417 471 2614 535; x_wconf 89' lang='lat' dir='ltr'><strong>sciret;</strong></span> <span class='ocrx_word' id='word_1_16' title='bbox 2646 465 2792 522; x_wconf 91' lang='lat' dir='ltr'><strong>unde</strong></span> <span class='ocrx_word' id='word_1_17' title='bbox 2824 462 3160 524; x_wconf 74' lang='lat' dir='ltr'><strong>Theodoreti</strong></span> <span class='ocrx_word' id='word_1_18' title='bbox 3193 463 3518 520; x_wconf 72' lang='lat' dir='ltr'><strong>abstinentia</strong></span> <span class='ocrx_word' id='word_1_19' title='bbox 3579 466 3714 520; x_wconf 84' lang='lat' dir='ltr'><strong>miri-</strong></span> 
     </span>
    </p>
   </div>
   <div class='ocr_carea' id='block_1_5' title="bbox 480 566 2058 641">
    <p class='ocr_par' dir='ltr' id='par_1_5' title="bbox 480 566 2058 641">
     <span class='ocr_line' id='line_1_5' title="bbox 480 566 2058 641; baseline -0.003 -18"><span class='ocrx_word' id='word_1_20' title='bbox 480 568 770 624; x_wconf 90' lang='lat' dir='ltr'><strong>minimum</strong></span> <span class='ocrx_word' id='word_1_21' title='bbox 805 570 1062 641; x_wconf 84' lang='lat' dir='ltr'><strong>pedibus,</strong></span> <span class='ocrx_word' id='word_1_22' title='bbox 1117 566 1229 625; x_wconf 85' lang='lat' dir='ltr'><strong>non</strong></span> <span class='ocrx_word' id='word_1_23' title='bbox 1255 569 1423 624; x_wconf 86' lang='lat' dir='ltr'><strong>fuisse</strong></span> <span class='ocrx_word' id='word_1_24' title='bbox 1444 568 1512 622; x_wconf 91' lang='lat' dir='ltr'><strong>ab</strong></span> <span class='ocrx_word' id='word_1_25' title='bbox 1548 568 1740 622; x_wconf 83' lang='lat' dir='ltr'><strong>intimo</strong></span> <span class='ocrx_word' id='word_1_26' title='bbox 1792 567 1860 622; x_wconf 90' lang='lat' dir='ltr'><strong>ad</strong></span> <span class='ocrx_word' id='word_1_27' title='bbox 1905 580 2058 620; x_wconf 90' lang='lat' dir='ltr'><strong>sum-</strong></span> 
     </span>
    </p>
   </div>
   <div class='ocr_carea' id='block_1_6' title="bbox 481 652 2063 731">
    <p class='ocr_par' dir='ltr' id='par_1_6' title="bbox 481 652 2063 731">
     <span class='ocr_line' id='line_1_6' title="bbox 481 652 2063 731; baseline -0.004 -16"><span class='ocrx_word' id='word_1_28' title='bbox 481 676 631 715; x_wconf 91' lang='lat' dir='ltr'><strong>mum</strong></span> <span class='ocrx_word' id='word_1_29' title='bbox 655 652 1001 729; x_wconf 75' lang='lat' dir='ltr'><strong>uniusmodi;</strong></span> <span class='ocrx_word' id='word_1_30' title='bbox 1030 662 1129 718; x_wconf 89' lang='lat' dir='ltr'><strong>sed</strong></span> <span class='ocrx_word' id='word_1_31' title='bbox 1157 677 1284 717; x_wconf 90' lang='lat' dir='ltr'><strong>suos</strong></span> <span class='ocrx_word' id='word_1_32' title='bbox 1302 660 1565 715; x_wconf 84' lang='lat' dir='ltr'><strong>habuisse</strong></span> <span class='ocrx_word' id='word_1_33' title='bbox 1586 660 1743 731; x_wconf 89' lang='lat' dir='ltr'><strong>quasi</strong></span> <span class='ocrx_word' id='word_1_34' title='bbox 1758 657 1980 729; x_wconf 89' lang='lat' dir='ltr'><strong>gradus,</strong></span> <span class='ocrx_word' id='word_1_35' title='bbox 2005 663 2063 711; x_wconf 89' lang='lat' dir='ltr'><strong>et</strong></span> 
     </span>
    </p>
   </div>
   <div class='ocr_carea' id='block_1_7' title="bbox 480 747 2063 822">
    <p class='ocr_par' dir='ltr' id='par_1_7' title="bbox 480 747 2063 822">
     <span class='ocr_line' id='line_1_7' title="bbox 480 747 2063 822; baseline -0.003 -18"><span class='ocrx_word' id='word_1_36' title='bbox 480 751 712 821; x_wconf 85' lang='lat' dir='ltr'><strong>proinde</strong></span> <span class='ocrx_word' id='word_1_37' title='bbox 741 753 984 808; x_wconf 76' lang='lat' dir='ltr'><strong>minores</strong></span> <span class='ocrx_word' id='word_1_38' title='bbox 1018 753 1191 807; x_wconf 88' lang='lat' dir='ltr'><strong>moles</strong></span> <span class='ocrx_word' id='word_1_39' title='bbox 1221 751 1524 822; x_wconf 85' lang='lat' dir='ltr'><strong>majoribus</strong></span> <span class='ocrx_word' id='word_1_40' title='bbox 1562 749 1866 819; x_wconf 87' lang='lat' dir='ltr'><strong>impositas,</strong></span> <span class='ocrx_word' id='word_1_41' title='bbox 1896 747 1971 801; x_wconf 88' lang='lat' dir='ltr'><strong>ita</strong></span> <span class='ocrx_word' id='word_1_42' title='bbox 2002 754 2063 801; x_wconf 90' lang='lat' dir='ltr'><strong>ut</strong></span> 
     </span>
    </p>
   </div>
   <div class='ocr_carea' id='block_1_8' title="bbox 483 836 2059 911">
    <p class='ocr_par' dir='ltr' id='par_1_8' title="bbox 483 836 2059 911">
     <span class='ocr_line' id='line_1_8' title="bbox 483 836 2059 911; baseline -0.003 -17"><span class='ocrx_word' id='word_1_43' title='bbox 483 840 550 895; x_wconf 87' lang='lat' dir='ltr'><strong>ad</strong></span> <span class='ocrx_word' id='word_1_44' title='bbox 582 840 893 896; x_wconf 84' lang='lat' dir='ltr'><strong>Simeonem</strong></span> <span class='ocrx_word' id='word_1_45' title='bbox 924 851 1128 911; x_wconf 89' lang='lat' dir='ltr'><strong>posset,</strong></span> <span class='ocrx_word' id='word_1_46' title='bbox 1182 840 1402 895; x_wconf 92' lang='lat' dir='ltr'><strong>admota</strong></span> <span class='ocrx_word' id='word_1_47' title='bbox 1430 838 1703 910; x_wconf 83' lang='lat' dir='ltr'><strong>superiori</strong></span> <span class='ocrx_word' id='word_1_48' title='bbox 1734 837 1865 891; x_wconf 90' lang='lat' dir='ltr'><strong>moli</strong></span> <span class='ocrx_word' id='word_1_49' title='bbox 1892 836 2059 901; x_wconf 87' lang='lat' dir='ltr'><strong>scala,</strong></span> 
     </span>
    </p>
   </div>
   <div class='ocr_carea' id='block_1_9' title="bbox 483 927 2062 1001">
    <p class='ocr_par' dir='ltr' id='par_1_9' title="bbox 483 927 2062 1001">
     <span class='ocr_line' id='line_1_9' title="bbox 483 927 2062 1001; baseline -0.003 -14"><span class='ocrx_word' id='word_1_50' title='bbox 483 932 661 988; x_wconf 81' lang='lat' dir='ltr'><strong>facilis</strong></span> <span class='ocrx_word' id='word_1_51' title='bbox 689 949 809 989; x_wconf 89' lang='lat' dir='ltr'><strong>esse</strong></span> <span class='ocrx_word' id='word_1_52' title='bbox 832 949 1093 990; x_wconf 86' lang='lat' dir='ltr'><strong>ascensus</strong></span> <span class='ocrx_word' id='word_1_53' title='bbox 1120 933 1234 989; x_wconf 88' lang='lat' dir='ltr'><strong>:sic</strong></span> <span class='ocrx_word' id='word_1_54' title='bbox 1259 934 1408 989; x_wconf 90' lang='lat' dir='ltr'><strong>enim</strong></span> <span class='ocrx_word' id='word_1_55' title='bbox 1435 931 1865 1001; x_wconf 88' lang='lat' dir='ltr'><strong>alloqueutibus,</strong></span> <span class='ocrx_word' id='word_1_56' title='bbox 1900 944 1966 984; x_wconf 90' lang='lat' dir='ltr'><strong>ac</strong></span> <span class='ocrx_word' id='word_1_57' title='bbox 1993 927 2062 983; x_wconf 89' lang='lat' dir='ltr'><strong>de</strong></span> 
     </span>
    </p>
   </div>
   <div class='ocr_carea' id='block_1_10' title="bbox 483 1022 2061 1094">
    <p class='ocr_par' dir='ltr' id='par_1_10' title="bbox 483 1022 2061 1094">
     <span class='ocr_line' id='line_1_10' title="bbox 483 1022 2061 1094; baseline -0.003 -18"><span class='ocrx_word' id='word_1_58' title='bbox 483 1024 749 1094; x_wconf 85' lang='lat' dir='ltr'><strong>religione</strong></span> <span class='ocrx_word' id='word_1_59' title='bbox 791 1023 1210 1079; x_wconf 86' lang='lat' dir='ltr'><strong>consulentibus</strong></span> <span class='ocrx_word' id='word_1_60' title='bbox 1266 1022 1601 1093; x_wconf 90' lang='lat' dir='ltr'><strong>respondere</strong></span> <span class='ocrx_word' id='word_1_61' title='bbox 1650 1026 1885 1091; x_wconf 81' lang='lat' dir='ltr'><strong>poterat,</strong></span> <span class='ocrx_word' id='word_1_62' title='bbox 1936 1033 2061 1074; x_wconf 90' lang='lat' dir='ltr'><strong>cum</strong></span> 
     </span>
    </p>
   </div>
   <div class='ocr_carea' id='block_1_11' title="bbox 483 1111 2064 1187">
    <p class='ocr_par' dir='ltr' id='par_1_11' title="bbox 483 1111 2064 1187">
     <span class='ocr_line' id='line_1_11' title="bbox 483 1111 2064 1187; baseline -0.003 -17"><span class='ocrx_word' id='word_1_63' title='bbox 483 1125 628 1171; x_wconf 83' lang='lat' dir='ltr'><strong>esset</strong></span> <span class='ocrx_word' id='word_1_64' title='bbox 649 1116 779 1171; x_wconf 84' lang='lat' dir='ltr'><strong>exili</strong></span> <span class='ocrx_word' id='word_1_65' title='bbox 808 1131 965 1181; x_wconf 84' lang='lat' dir='ltr'><strong>voce,</strong></span> <span class='ocrx_word' id='word_1_66' title='bbox 1016 1123 1079 1170; x_wconf 88' lang='lat' dir='ltr'><strong>ut</strong></span> <span class='ocrx_word' id='word_1_67' title='bbox 1124 1117 1219 1187; x_wconf 86' lang='lat' dir='ltr'><strong>qui</strong></span> <span class='ocrx_word' id='word_1_68' title='bbox 1274 1116 1591 1171; x_wconf 91' lang='lat' dir='ltr'><strong>comederct</strong></span> <span class='ocrx_word' id='word_1_69' title='bbox 1638 1123 1871 1178; x_wconf 89' lang='lat' dir='ltr'><strong>tantum,</strong></span> <span class='ocrx_word' id='word_1_70' title='bbox 1903 1111 2064 1167; x_wconf 91' lang='lat' dir='ltr'><strong>initio</strong></span> 
     </span>
    </p>
   </div>
   <div class='ocr_carea' id='block_1_12' title="bbox 484 1207 2061 1280">
    <p class='ocr_par' dir='ltr' id='par_1_12' title="bbox 484 1207 2061 1280">
     <span class='ocr_line' id='line_1_12' title="bbox 484 1207 2061 1280; baseline -0.003 -19"><span class='ocrx_word' id='word_1_71' title='bbox 484 1207 728 1276; x_wconf 87' lang='lat' dir='ltr'><strong>quidem,</strong></span> <span class='ocrx_word' id='word_1_72' title='bbox 777 1208 1199 1280; x_wconf 80' lang='lat' dir='ltr'><strong>quadragesimo</strong></span> <span class='ocrx_word' id='word_1_73' title='bbox 1250 1224 1469 1279; x_wconf 85' lang='lat' dir='ltr'><strong>quoque</strong></span> <span class='ocrx_word' id='word_1_74' title='bbox 1498 1207 1588 1262; x_wconf 89' lang='lat' dir='ltr'><strong>die</strong></span> <span class='ocrx_word' id='word_1_75' title='bbox 1623 1223 1638 1260; x_wconf 89' lang='lat'><strong>:</strong></span> <span class='ocrx_word' id='word_1_76' title='bbox 1687 1214 1877 1275; x_wconf 88' lang='lat' dir='ltr'><strong>postea</strong></span> <span class='ocrx_word' id='word_1_77' title='bbox 1908 1218 2061 1269; x_wconf 80' lang='lat' dir='ltr'><strong>vero,</strong></span> 
     </span>
    </p>
   </div>
   <div class='ocr_carea' id='block_1_13' title="bbox 484 1306 697 1351">
    <p class='ocr_par' dir='ltr' id='par_1_13' title="bbox 484 1306 697 1351">
     <span class='ocr_line' id='line_1_13' title="bbox 484 1306 697 1351; baseline 0.009 -3"><span class='ocrx_word' id='word_1_78' title='bbox 484 1306 697 1351; x_wconf 87' lang='lat' dir='ltr'><strong>octavo.</strong></span> 
     </span>
    </p>
   </div>
   <div class='ocr_carea' id='block_1_14' title="bbox 555 1386 2068 1459">
    <p class='ocr_par' dir='ltr' id='par_1_14' title="bbox 555 1386 2068 1459">
     <span class='ocr_line' id='line_1_14' title="bbox 555 1386 2068 1459; baseline 0.001 -20"><span class='ocrx_word' id='word_1_79' title='bbox 555 1387 610 1439; x_wconf 74' lang='grc'><strong>4.</strong></span> <span class='ocrx_word' id='word_1_80' title='bbox 646 1386 789 1441; x_wconf 90' lang='lat' dir='ltr'><strong>Fieri</strong></span> <span class='ocrx_word' id='word_1_81' title='bbox 825 1390 1051 1459; x_wconf 88' lang='lat' dir='ltr'><strong>quidem</strong></span> <span class='ocrx_word' id='word_1_82' title='bbox 1074 1390 1407 1446; x_wconf 86' lang='lat' dir='ltr'><strong>mentionem</strong></span> <span class='ocrx_word' id='word_1_83' title='bbox 1433 1405 1463 1444; x_wconf 87' lang='lat' dir='ltr'><strong>a</strong></span> <span class='ocrx_word' id='word_1_84' title='bbox 1487 1389 1832 1447; x_wconf 85' lang='lat' dir='ltr'><strong>Theodoreto</strong></span> <span class='ocrx_word' id='word_1_85' title='bbox 1859 1387 2068 1442; x_wconf 86' lang='lat' dir='ltr'><strong>littera-</strong></span> 
     </span>
    </p>
   </div>
   <div class='ocr_carea' id='block_1_15' title="bbox 485 1477 2062 1551">
    <p class='ocr_par' dir='ltr' id='par_1_15' title="bbox 485 1477 2062 1551">
     <span class='ocr_line' id='line_1_15' title="bbox 485 1477 2062 1551; baseline 0.002 -22"><span class='ocrx_word' id='word_1_86' title='bbox 485 1491 610 1530; x_wconf 91' lang='lat' dir='ltr'><strong>rum</strong></span> <span class='ocrx_word' id='word_1_87' title='bbox 633 1493 663 1531; x_wconf 88' lang='lat' dir='ltr'><strong>a</strong></span> <span class='ocrx_word' id='word_1_88' title='bbox 689 1477 946 1536; x_wconf 89' lang='lat' dir='ltr'><strong>Simeone</strong></span> <span class='ocrx_word' id='word_1_89' title='bbox 968 1481 1033 1536; x_wconf 89' lang='lat' dir='ltr'><strong>ad</strong></span> <span class='ocrx_word' id='word_1_90' title='bbox 1061 1482 1452 1551; x_wconf 87' lang='lat' dir='ltr'><strong>imperatorem</strong></span> <span class='ocrx_word' id='word_1_91' title='bbox 1476 1480 1848 1537; x_wconf 85' lang='lat' dir='ltr'><strong>Theodosium</strong></span> <span class='ocrx_word' id='word_1_92' title='bbox 1864 1477 2062 1535; x_wconf 86' lang='lat' dir='ltr'><strong>Juuio-</strong></span> 
     </span>
    </p>
   </div>
   <div class='ocr_carea' id='block_1_16' title="bbox 488 1569 2067 1644">
    <p class='ocr_par' dir='ltr' id='par_1_16' title="bbox 488 1569 2067 1644">
     <span class='ocr_line' id='line_1_16' title="bbox 488 1569 2067 1644; baseline 0.002 -23"><span class='ocrx_word' id='word_1_93' title='bbox 488 1582 604 1622; x_wconf 87' lang='lat' dir='ltr'><strong>rem</strong></span> <span class='ocrx_word' id='word_1_94' title='bbox 639 1569 707 1624; x_wconf 89' lang='lat' dir='ltr'><strong>de</strong></span> <span class='ocrx_word' id='word_1_95' title='bbox 735 1571 999 1643; x_wconf 79' lang='lat' dir='ltr'><strong>religione</strong></span> <span class='ocrx_word' id='word_1_96' title='bbox 1018 1575 1392 1644; x_wconf 82' lang='lat' dir='ltr'><strong>scriptarum;</strong></span> <span class='ocrx_word' id='word_1_97' title='bbox 1424 1582 1741 1629; x_wconf 88' lang='lat' dir='ltr'><strong>nontamen</strong></span> <span class='ocrx_word' id='word_1_98' title='bbox 1773 1572 2067 1628; x_wconf 88' lang='lat' dir='ltr'><strong>missarum</strong></span> 
     </span>
    </p>
   </div>
   <div class='ocr_carea' id='block_1_17' title="bbox 486 1658 2064 1734">
    <p class='ocr_par' dir='ltr' id='par_1_17' title="bbox 486 1658 2064 1734">
     <span class='ocr_line' id='line_1_17' title="bbox 486 1658 2064 1734; baseline 0.001 -21"><span class='ocrx_word' id='word_1_99' title='bbox 486 1658 557 1713; x_wconf 77' lang='lat' dir='ltr'><strong>ab</strong></span> <span class='ocrx_word' id='word_1_100' title='bbox 593 1659 926 1729; x_wconf 85' lang='lat' dir='ltr'><strong>imperatore</strong></span> <span class='ocrx_word' id='word_1_101' title='bbox 955 1667 1023 1718; x_wconf 87' lang='lat' dir='ltr'><strong>ad</strong></span> <span class='ocrx_word' id='word_1_102' title='bbox 1051 1664 1361 1719; x_wconf 88' lang='lat' dir='ltr'><strong>Simeonem</strong></span> <span class='ocrx_word' id='word_1_103' title='bbox 1394 1663 1462 1718; x_wconf 88' lang='lat' dir='ltr'><strong>de</strong></span> <span class='ocrx_word' id='word_1_104' title='bbox 1490 1678 1624 1734; x_wconf 88' lang='lat' dir='ltr'><strong>pace</strong></span> <span class='ocrx_word' id='word_1_105' title='bbox 1673 1661 2064 1723; x_wconf 88' lang='lat' dir='ltr'><strong>Ecclesiarum,</strong></span> 
     </span>
    </p>
   </div>
   <div class='ocr_carea' id='block_1_18' title="bbox 486 1749 2070 1823">
    <p class='ocr_par' dir='ltr' id='par_1_18' title="bbox 486 1749 2070 1823">
     <span class='ocr_line' id='line_1_18' title="bbox 486 1749 2070 1823; baseline 0 -20"><span class='ocrx_word' id='word_1_106' title='bbox 486 1756 613 1817; x_wconf 81' lang='lat' dir='ltr'><strong>post</strong></span> <span class='ocrx_word' id='word_1_107' title='bbox 640 1751 933 1807; x_wconf 87' lang='lat' dir='ltr'><strong>concilium</strong></span> <span class='ocrx_word' id='word_1_108' title='bbox 966 1753 1304 1823; x_wconf 86' lang='lat' dir='ltr'><strong>Ephesinum</strong></span> <span class='ocrx_word' id='word_1_109' title='bbox 1348 1771 1359 1806; x_wconf 92' lang='lat'>:</span> <span class='ocrx_word' id='word_1_110' title='bbox 1399 1770 1462 1807; x_wconf 85' lang='lat' dir='ltr'><strong>ea</strong></span> <span class='ocrx_word' id='word_1_111' title='bbox 1507 1753 1656 1807; x_wconf 91' lang='lat' dir='ltr'><strong>enim</strong></span> <span class='ocrx_word' id='word_1_112' title='bbox 1683 1768 1787 1822; x_wconf 74' lang='lat' dir='ltr'><strong>pax</strong></span> <span class='ocrx_word' id='word_1_113' title='bbox 1815 1749 2070 1805; x_wconf 86' lang='lat' dir='ltr'><strong>Theodo-</strong></span> 
     </span>
    </p>
   </div>
   <div class='ocr_carea' id='block_1_19' title="bbox 2160 561 2543 631">
    <p class='ocr_par' dir='ltr' id='par_1_19' title="bbox 2160 561 2543 631">
     <span class='ocr_line' id='line_1_19' title="bbox 2160 561 2543 631; baseline -0.003 -16"><span class='ocrx_word' id='word_1_114' title='bbox 2160 561 2263 616; x_wconf 82' lang='lat' dir='ltr'><strong>tice</strong></span> <span class='ocrx_word' id='word_1_115' title='bbox 2297 569 2543 631; x_wconf 81' lang='lat' dir='ltr'><strong>apparet.</strong></span> 
     </span>
    </p>
   </div>
   <div class='ocr_carea' id='block_1_20' title="bbox 2235 646 3710 724">
    <p class='ocr_par' dir='ltr' id='par_1_20' title="bbox 2235 646 3710 724">
     <span class='ocr_line' id='line_1_20' title="bbox 2235 646 3710 724; baseline -0.005 -15"><span class='ocrx_word' id='word_1_116' title='bbox 2235 652 2351 709; x_wconf 90' lang='lat' dir='ltr'><strong>Sub</strong></span> <span class='ocrx_word' id='word_1_117' title='bbox 2383 652 2549 707; x_wconf 81' lang='lat' dir='ltr'><strong>finem</strong></span> <span class='ocrx_word' id='word_1_118' title='bbox 2600 653 2772 709; x_wconf 89' lang='lat' dir='ltr'><strong>totius</strong></span> <span class='ocrx_word' id='word_1_119' title='bbox 2821 652 3007 724; x_wconf 87' lang='lat' dir='ltr'><strong>operis</strong></span> <span class='ocrx_word' id='word_1_120' title='bbox 3056 649 3437 706; x_wconf 82' lang='lat' dir='ltr'><strong>Theodoretus</strong></span> <span class='ocrx_word' id='word_1_121' title='bbox 3482 663 3542 702; x_wconf 91' lang='lat' dir='ltr'><strong>ea</strong></span> <span class='ocrx_word' id='word_1_122' title='bbox 3574 646 3710 713; x_wconf 83' lang='lat' dir='ltr'><strong>dicit,</strong></span> 
     </span>
    </p>
   </div>
   <div class='ocr_carea' id='block_1_21' title="bbox 2162 742 3712 818">
    <p class='ocr_par' dir='ltr' id='par_1_21' title="bbox 2162 742 3712 818">
     <span class='ocr_line' id='line_1_21' title="bbox 2162 742 3712 818; baseline -0.004 -15"><span class='ocrx_word' id='word_1_123' title='bbox 2162 748 2366 818; x_wconf 89' lang='lat' dir='ltr'><strong>quibus</strong></span> <span class='ocrx_word' id='word_1_124' title='bbox 2390 748 2591 818; x_wconf 87' lang='lat' dir='ltr'><strong>prodat</strong></span> <span class='ocrx_word' id='word_1_125' title='bbox 2624 748 2850 804; x_wconf 90' lang='lat' dir='ltr'><strong>insitum</strong></span> <span class='ocrx_word' id='word_1_126' title='bbox 2873 748 3063 803; x_wconf 91' lang='lat' dir='ltr'><strong>animo</strong></span> <span class='ocrx_word' id='word_1_127' title='bbox 3089 761 3192 801; x_wconf 88' lang='lat' dir='ltr'><strong>suo</strong></span> <span class='ocrx_word' id='word_1_128' title='bbox 3243 742 3462 814; x_wconf 87' lang='lat' dir='ltr'><strong>pietatis</strong></span> <span class='ocrx_word' id='word_1_129' title='bbox 3493 757 3712 808; x_wconf 80' lang='lat' dir='ltr'><strong>sensum,</strong></span> 
     </span>
    </p>
   </div>
   <div class='ocr_carea' id='block_1_22' title="bbox 2163 833 3716 910">
    <p class='ocr_par' dir='ltr' id='par_1_22' title="bbox 2163 833 3716 910">
     <span class='ocr_line' id='line_1_22' title="bbox 2163 833 3716 910; baseline -0.004 -16"><span class='ocrx_word' id='word_1_130' title='bbox 2163 854 2489 909; x_wconf 90' lang='lat' dir='ltr'><strong>oppressum</strong></span> <span class='ocrx_word' id='word_1_131' title='bbox 2519 839 2746 909; x_wconf 88' lang='lat' dir='ltr'><strong>quidem</strong></span> <span class='ocrx_word' id='word_1_132' title='bbox 2779 848 2837 895; x_wconf 90' lang='lat' dir='ltr'><strong>et</strong></span> <span class='ocrx_word' id='word_1_133' title='bbox 2876 854 3018 910; x_wconf 89' lang='lat' dir='ltr'><strong>pene</strong></span> <span class='ocrx_word' id='word_1_134' title='bbox 3052 837 3409 908; x_wconf 81' lang='lat' dir='ltr'><strong>praefocatum</strong></span> <span class='ocrx_word' id='word_1_135' title='bbox 3438 833 3716 903; x_wconf 82' lang='lat' dir='ltr'><strong>impatienti</strong></span> 
     </span>
    </p>
   </div>
   <div class='ocr_carea' id='block_1_23' title="bbox 2165 925 3714 1002">
    <p class='ocr_par' dir='ltr' id='par_1_23' title="bbox 2165 925 3714 1002">
     <span class='ocr_line' id='line_1_23' title="bbox 2165 925 3714 1002; baseline -0.004 -17"><span class='ocrx_word' id='word_1_136' title='bbox 2165 930 2405 1001; x_wconf 89' lang='lat' dir='ltr'><strong>quadam</strong></span> <span class='ocrx_word' id='word_1_137' title='bbox 2446 931 2699 987; x_wconf 79' lang='lat' dir='ltr'><strong>caecitate</strong></span> <span class='ocrx_word' id='word_1_138' title='bbox 2727 933 2792 997; x_wconf 81' lang='grc'><strong>³⁸,</strong></span> <span class='ocrx_word' id='word_1_139' title='bbox 2824 947 2931 1002; x_wconf 89' lang='lat' dir='ltr'><strong>qua</strong></span> <span class='ocrx_word' id='word_1_140' title='bbox 2955 930 3117 986; x_wconf 83' lang='lat' dir='ltr'><strong>fidem</strong></span> <span class='ocrx_word' id='word_1_141' title='bbox 3164 929 3259 983; x_wconf 87' lang='lat' dir='ltr'><strong>ubi</strong></span> <span class='ocrx_word' id='word_1_142' title='bbox 3305 936 3423 984; x_wconf 90' lang='lat' dir='ltr'><strong>erat</strong></span> <span class='ocrx_word' id='word_1_143' title='bbox 3448 926 3513 992; x_wconf 67' lang='lat'><strong>’9,</strong></span> <span class='ocrx_word' id='word_1_144' title='bbox 3542 934 3593 980; x_wconf 89' lang='lat' dir='ltr'><strong>et</strong></span> <span class='ocrx_word' id='word_1_145' title='bbox 3621 925 3714 979; x_wconf 78' lang='lat' dir='ltr'><strong>ha:-</strong></span> 
     </span>
    </p>
   </div>
   <div class='ocr_carea' id='block_1_24' title="bbox 2167 1016 3718 1089">
    <p class='ocr_par' dir='ltr' id='par_1_24' title="bbox 2167 1016 3718 1089">
     <span class='ocr_line' id='line_1_24' title="bbox 2167 1016 3718 1089; baseline -0.006 -12"><span class='ocrx_word' id='word_1_146' title='bbox 2167 1022 2441 1079; x_wconf 83' lang='lat' dir='ltr'><strong>rcsinubi</strong></span> <span class='ocrx_word' id='word_1_147' title='bbox 2472 1039 2584 1078; x_wconf 90' lang='lat' dir='ltr'><strong>non</strong></span> <span class='ocrx_word' id='word_1_148' title='bbox 2611 1030 2751 1089; x_wconf 88' lang='lat' dir='ltr'><strong>erat,</strong></span> <span class='ocrx_word' id='word_1_149' title='bbox 2800 1023 2990 1078; x_wconf 83' lang='lat' dir='ltr'><strong>videre</strong></span> <span class='ocrx_word' id='word_1_150' title='bbox 3025 1022 3128 1077; x_wconf 90' lang='lat' dir='ltr'><strong>sibi</strong></span> <span class='ocrx_word' id='word_1_151' title='bbox 3162 1020 3472 1083; x_wconf 78' lang='lat' dir='ltr'><strong>videbatur,</strong></span> <span class='ocrx_word' id='word_1_152' title='bbox 3518 1016 3607 1071; x_wconf 87' lang='lat' dir='ltr'><strong>sed</strong></span> <span class='ocrx_word' id='word_1_153' title='bbox 3638 1030 3718 1069; x_wconf 82' lang='lat' dir='ltr'><strong>ex-</strong></span> 
     </span>
    </p>
   </div>
   <div class='ocr_carea' id='block_1_25' title="bbox 2166 1108 3720 1185">
    <p class='ocr_par' dir='ltr' id='par_1_25' title="bbox 2166 1108 3720 1185">
     <span class='ocr_line' id='line_1_25' title="bbox 2166 1108 3720 1185; baseline -0.005 -15"><span class='ocrx_word' id='word_1_154' title='bbox 2166 1130 2351 1170; x_wconf 78' lang='lat' dir='ltr'><strong>serere</strong></span> <span class='ocrx_word' id='word_1_155' title='bbox 2389 1130 2447 1171; x_wconf 87' lang='lat' dir='ltr'><strong>se</strong></span> <span class='ocrx_word' id='word_1_156' title='bbox 2469 1123 2782 1180; x_wconf 87' lang='lat' dir='ltr'><strong>conantem,</strong></span> <span class='ocrx_word' id='word_1_157' title='bbox 2833 1115 2878 1170; x_wconf 90' lang='lat' dir='ltr'><strong>si</strong></span> <span class='ocrx_word' id='word_1_158' title='bbox 2904 1113 3127 1185; x_wconf 88' lang='lat' dir='ltr'><strong>quando</strong></span> <span class='ocrx_word' id='word_1_159' title='bbox 3161 1128 3288 1168; x_wconf 86' lang='lat' dir='ltr'><strong>vera</strong></span> <span class='ocrx_word' id='word_1_160' title='bbox 3321 1113 3414 1165; x_wconf 85' lang='lat' dir='ltr'><strong>lux</strong></span> <span class='ocrx_word' id='word_1_161' title='bbox 3446 1108 3720 1180; x_wconf 76' lang='lat' dir='ltr'><strong>przestigias</strong></span> 
     </span>
    </p>
   </div>
   <div class='ocr_carea' id='block_1_26' title="bbox 2166 1201 3718 1278">
    <p class='ocr_par' dir='ltr' id='par_1_26' title="bbox 2166 1201 3718 1278">
     <span class='ocr_line' id='line_1_26' title="bbox 2166 1201 3718 1278; baseline -0.006 -15"><span class='ocrx_word' id='word_1_162' title='bbox 2166 1208 2392 1278; x_wconf 87' lang='lat' dir='ltr'><strong>superbi</strong></span> <span class='ocrx_word' id='word_1_163' title='bbox 2460 1207 2747 1275; x_wconf 84' lang='lat' dir='ltr'><strong>cujusdam</strong></span> <span class='ocrx_word' id='word_1_164' title='bbox 2777 1207 2973 1263; x_wconf 87' lang='lat' dir='ltr'><strong>fascini</strong></span> <span class='ocrx_word' id='word_1_165' title='bbox 3001 1207 3324 1277; x_wconf 87' lang='lat' dir='ltr'><strong>depelleret.</strong></span> <span class='ocrx_word' id='word_1_166' title='bbox 3387 1222 3406 1255; x_wconf 84' lang='grc'><em>‹</em></span> <span class='ocrx_word' id='word_1_167' title='bbox 3450 1203 3587 1267; x_wconf 89' lang='lat' dir='ltr'><strong>Illos,</strong></span> <span class='ocrx_word' id='word_1_168' title='bbox 3646 1201 3718 1255; x_wconf 90' lang='lat' dir='ltr'><strong>in-</strong></span> 
     </span>
    </p>
   </div>
   <div class='ocr_carea' id='block_1_27' title="bbox 2166 1292 3720 1371">
    <p class='ocr_par' dir='ltr' id='par_1_27' title="bbox 2166 1292 3720 1371">
     <span class='ocr_line' id='line_1_27' title="bbox 2166 1292 3720 1371; baseline -0.005 -17"><span class='ocrx_word' id='word_1_169' title='bbox 2166 1300 2307 1371; x_wconf 89' lang='lat' dir='ltr'><strong>quit,</strong></span> <span class='ocrx_word' id='word_1_170' title='bbox 2333 1315 2569 1370; x_wconf 88' lang='lat' dir='ltr'><strong>quorum</strong></span> <span class='ocrx_word' id='word_1_171' title='bbox 2606 1300 2777 1354; x_wconf 83' lang='lat' dir='ltr'><strong>vitam</strong></span> <span class='ocrx_word' id='word_1_172' title='bbox 2815 1299 3099 1363; x_wconf 77' lang='lat' dir='ltr'><strong>contexui,</strong></span> <span class='ocrx_word' id='word_1_173' title='bbox 3136 1313 3207 1352; x_wconf 90' lang='lat' dir='ltr'><strong>ne</strong></span> <span class='ocrx_word' id='word_1_174' title='bbox 3245 1312 3330 1350; x_wconf 91' lang='lat' dir='ltr'><strong>me</strong></span> <span class='ocrx_word' id='word_1_175' title='bbox 3355 1294 3597 1365; x_wconf 87' lang='lat' dir='ltr'><strong>procula</strong></span> <span class='ocrx_word' id='word_1_176' title='bbox 3622 1292 3720 1361; x_wconf 81' lang='lat' dir='ltr'><strong>spi-</strong></span> 
     </span>
    </p>
   </div>
   <div class='ocr_carea' id='block_1_28' title="bbox 2168 1383 3721 1458">
    <p class='ocr_par' dir='ltr' id='par_1_28' title="bbox 2168 1383 3721 1458">
     <span class='ocr_line' id='line_1_28' title="bbox 2168 1383 3721 1458; baseline -0.003 -16"><span class='ocrx_word' id='word_1_177' title='bbox 2168 1388 2355 1442; x_wconf 89' lang='lat' dir='ltr'><strong>rituali</strong></span> <span class='ocrx_word' id='word_1_178' title='bbox 2390 1404 2586 1443; x_wconf 87' lang='lat' dir='ltr'><strong>eorum</strong></span> <span class='ocrx_word' id='word_1_179' title='bbox 2617 1388 2790 1443; x_wconf 85' lang='lat' dir='ltr'><strong>choro</strong></span> <span class='ocrx_word' id='word_1_180' title='bbox 2824 1388 3064 1458; x_wconf 89' lang='lat' dir='ltr'><strong>positum</strong></span> <span class='ocrx_word' id='word_1_181' title='bbox 3096 1387 3444 1458; x_wconf 86' lang='lat' dir='ltr'><strong>despiciant;</strong></span> <span class='ocrx_word' id='word_1_182' title='bbox 3476 1384 3566 1439; x_wconf 89' lang='lat' dir='ltr'><strong>sed</strong></span> <span class='ocrx_word' id='word_1_183' title='bbox 3598 1383 3721 1437; x_wconf 86' lang='lat' dir='ltr'><strong>infra</strong></span> 
     </span>
    </p>
   </div>
   <div class='ocr_carea' id='block_1_29' title="bbox 2164 1477 3724 1553">
    <p class='ocr_par' dir='ltr' id='par_1_29' title="bbox 2164 1477 3724 1553">
     <span class='ocr_line' id='line_1_29' title="bbox 2164 1477 3724 1553; baseline -0.004 -17"><span class='ocrx_word' id='word_1_184' title='bbox 2164 1482 2439 1553; x_wconf 85' lang='lat' dir='ltr'><strong>jaceutem</strong></span> <span class='ocrx_word' id='word_1_185' title='bbox 2473 1482 2714 1547; x_wconf 86' lang='lat' dir='ltr'><strong>trahant,</strong></span> <span class='ocrx_word' id='word_1_186' title='bbox 2763 1481 2904 1537; x_wconf 90' lang='lat' dir='ltr'><strong>etad</strong></span> <span class='ocrx_word' id='word_1_187' title='bbox 2938 1482 3159 1536; x_wconf 92' lang='lat' dir='ltr'><strong>culmen</strong></span> <span class='ocrx_word' id='word_1_188' title='bbox 3196 1480 3421 1537; x_wconf 85' lang='lat' dir='ltr'><strong>virtutis</strong></span> <span class='ocrx_word' id='word_1_189' title='bbox 3448 1477 3724 1549; x_wconf 81' lang='lat' dir='ltr'><strong>perducant</strong></span> 
     </span>
    </p>
   </div>
   <div class='ocr_carea' id='block_1_30' title="bbox 2170 1567 3725 1643">
    <p class='ocr_par' dir='ltr' id='par_1_30' title="bbox 2170 1567 3725 1643">
     <span class='ocr_line' id='line_1_30' title="bbox 2170 1567 3725 1643; baseline -0.005 -15"><span class='ocrx_word' id='word_1_190' title='bbox 2170 1589 2381 1642; x_wconf 88' lang='lat' dir='ltr'><strong>suoque</strong></span> <span class='ocrx_word' id='word_1_191' title='bbox 2404 1573 2569 1628; x_wconf 74' lang='grc' dir='ltr'><strong>ρωιυί</strong></span> <span class='ocrx_word' id='word_1_192' title='bbox 2600 1572 2917 1643; x_wconf 85' lang='lat' dir='ltr'><strong>adjungant,</strong></span> <span class='ocrx_word' id='word_1_193' title='bbox 2946 1580 3007 1627; x_wconf 91' lang='lat' dir='ltr'><strong>ut</strong></span> <span class='ocrx_word' id='word_1_194' title='bbox 3034 1589 3142 1627; x_wconf 89' lang='lat' dir='ltr'><strong>non</strong></span> <span class='ocrx_word' id='word_1_195' title='bbox 3173 1572 3385 1626; x_wconf 88' lang='lat' dir='ltr'><strong>alienas</strong></span> <span class='ocrx_word' id='word_1_196' title='bbox 3406 1567 3589 1624; x_wconf 87' lang='lat' dir='ltr'><strong>laudes</strong></span> <span class='ocrx_word' id='word_1_197' title='bbox 3625 1576 3725 1622; x_wconf 16' lang='lat' dir='ltr'><strong>tan,</strong></span> 
     </span>
    </p>
   </div>
   <div class='ocr_carea' id='block_1_31' title="bbox 2172 1663 3727 1734">
    <p class='ocr_par' dir='ltr' id='par_1_31' title="bbox 2172 1663 3727 1734">
     <span class='ocr_line' id='line_1_31' title="bbox 2172 1663 3727 1734; baseline -0.005 -16"><span class='ocrx_word' id='word_1_198' title='bbox 2172 1672 2287 1719; x_wconf 92' lang='lat' dir='ltr'><strong>tum</strong></span> <span class='ocrx_word' id='word_1_199' title='bbox 2312 1665 2570 1732; x_wconf 84' lang='lat' dir='ltr'><strong>laudent;</strong></span> <span class='ocrx_word' id='word_1_200' title='bbox 2595 1663 2691 1719; x_wconf 91' lang='lat' dir='ltr'><strong>sed</strong></span> <span class='ocrx_word' id='word_1_201' title='bbox 2728 1678 2831 1734; x_wconf 87' lang='lat' dir='ltr'><strong>ego</strong></span> <span class='ocrx_word' id='word_1_202' title='bbox 2854 1664 3019 1719; x_wconf 89' lang='lat' dir='ltr'><strong>etiam</strong></span> <span class='ocrx_word' id='word_1_203' title='bbox 3050 1664 3232 1719; x_wconf 87' lang='lat' dir='ltr'><strong>laudis</strong></span> <span class='ocrx_word' id='word_1_204' title='bbox 3283 1663 3523 1733; x_wconf 87' lang='lat' dir='ltr'><strong>aliquam</strong></span> <span class='ocrx_word' id='word_1_205' title='bbox 3576 1666 3727 1712; x_wconf 88' lang='lat' dir='ltr'><strong>matc-</strong></span> 
     </span>
    </p>
   </div>
   <div class='ocr_carea' id='block_1_32' title="bbox 2170 1748 3728 1826">
    <p class='ocr_par' dir='ltr' id='par_1_32' title="bbox 2170 1748 3728 1826">
     <span class='ocr_line' id='line_1_32' title="bbox 2170 1748 3728 1826; baseline -0.007 -14"><span class='ocrx_word' id='word_1_206' title='bbox 2170 1756 2309 1812; x_wconf 88' lang='lat' dir='ltr'><strong>riem</strong></span> <span class='ocrx_word' id='word_1_207' title='bbox 2338 1772 2665 1826; x_wconf 87' lang='lat' dir='ltr'><strong>consequar,</strong></span> <span class='ocrx_word' id='word_1_208' title='bbox 2689 1769 2857 1825; x_wconf 87' lang='lat' dir='ltr'><strong>opere</strong></span> <span class='ocrx_word' id='word_1_209' title='bbox 2879 1795 2894 1819; x_wconf 94' lang='lat'><strong>,</strong></span> <span class='ocrx_word' id='word_1_210' title='bbox 2927 1755 3132 1820; x_wconf 85' lang='lat' dir='ltr'><strong>verbis,</strong></span> <span class='ocrx_word' id='word_1_211' title='bbox 3157 1766 3213 1810; x_wconf 90' lang='lat' dir='ltr'><strong>et</strong></span> <span class='ocrx_word' id='word_1_212' title='bbox 3234 1762 3420 1809; x_wconf 86' lang='lat' dir='ltr'><strong>mente</strong></span> <span class='ocrx_word' id='word_1_213' title='bbox 3443 1748 3728 1820; x_wconf 83' lang='lat' dir='ltr'><strong>gloriﬁcaus</strong></span> 
     </span>
    </p>
   </div>
   <div class='ocr_carea' id='block_1_33' title="bbox 488 1843 3727 1916">
    <p class='ocr_par' dir='ltr' id='par_1_33' title="bbox 488 1843 3727 1916">
     <span class='ocr_line' id='line_1_33' title="bbox 488 1843 3727 1916; baseline -0.002 -16"><span class='ocrx_word' id='word_1_214' title='bbox 488 1849 607 1896; x_wconf 78' lang='lat' dir='ltr'><strong>reto</strong></span> <span class='ocrx_word' id='word_1_215' title='bbox 652 1845 742 1898; x_wconf 89' lang='lat' dir='ltr'><strong>vix</strong></span> <span class='ocrx_word' id='word_1_216' title='bbox 784 1861 1026 1915; x_wconf 87' lang='lat' dir='ltr'><strong>unquam</strong></span> <span class='ocrx_word' id='word_1_217' title='bbox 1075 1846 1304 1916; x_wconf 90' lang='lat' dir='ltr'><strong>probata</strong></span> <span class='ocrx_word' id='word_1_218' title='bbox 1348 1854 1450 1901; x_wconf 89' lang='lat' dir='ltr'><strong>est.</strong></span> <span class='ocrx_word' id='word_1_219' title='bbox 1511 1846 1666 1900; x_wconf 90' lang='lat' dir='ltr'><strong>Tuuc</strong></span> <span class='ocrx_word' id='word_1_220' title='bbox 1705 1844 1867 1915; x_wconf 74' lang='lat'><strong>302</strong></span> <span class='ocrx_word' id='word_1_221' title='bbox 1918 1850 2066 1897; x_wconf 75' lang='lat' dir='ltr'><strong>certe</strong></span> <span class='ocrx_word' id='word_1_222' title='bbox 2097 1858 2140 1911; x_wconf 80' lang='grc' dir='ltr'><strong>Β</strong></span> <span class='ocrx_word' id='word_1_223' title='bbox 2169 1848 2556 1905; x_wconf 82' lang='lat' dir='ltr'><strong>universorum</strong></span> <span class='ocrx_word' id='word_1_224' title='bbox 2600 1847 2949 1902; x_wconf 88' lang='lat' dir='ltr'><strong>Servatorem</strong></span> <span class='ocrx_word' id='word_1_225' title='bbox 3000 1846 3284 1903; x_wconf 87' lang='lat' dir='ltr'><strong>Christum</strong></span> <span class='ocrx_word' id='word_1_226' title='bbox 3329 1843 3611 1900; x_wconf 89' lang='lat' dir='ltr'><strong>Dominum</strong></span> <span class='ocrx_word' id='word_1_227' title='bbox 3641 1853 3727 1894; x_wconf 87' lang='lat' dir='ltr'><strong>no-</strong></span> 
     </span>
    </p>
   </div>
   <div class='ocr_carea' id='block_1_34' title="bbox 488 1934 2062 2005">
    <p class='ocr_par' dir='ltr' id='par_1_34' title="bbox 488 1934 2062 2005">
     <span class='ocr_line' id='line_1_34' title="bbox 488 1934 2062 2005; baseline 0.001 -21"><span class='ocrx_word' id='word_1_228' title='bbox 488 1934 752 2003; x_wconf 86' lang='lat' dir='ltr'><strong>temporis</strong></span> <span class='ocrx_word' id='word_1_229' title='bbox 805 1951 915 1990; x_wconf 92' lang='lat' dir='ltr'><strong>non</strong></span> <span class='ocrx_word' id='word_1_230' title='bbox 961 1937 1231 2005; x_wconf 89' lang='lat' dir='ltr'><strong>placebat,</strong></span> <span class='ocrx_word' id='word_1_231' title='bbox 1289 1952 1416 1992; x_wconf 90' lang='lat' dir='ltr'><strong>cum</strong></span> <span class='ocrx_word' id='word_1_232' title='bbox 1470 1936 1761 1991; x_wconf 89' lang='lat' dir='ltr'><strong>historiam</strong></span> <span class='ocrx_word' id='word_1_233' title='bbox 1805 1942 2062 1990; x_wconf 76' lang='lat' dir='ltr'><strong>texeret:</strong></span> 
     </span>
    </p>
   </div>
   <div class='ocr_carea' id='block_1_35' title="bbox 484 2027 2064 2100">
    <p class='ocr_par' dir='ltr' id='par_1_35' title="bbox 484 2027 2064 2100">
     <span class='ocr_line' id='line_1_35' title="bbox 484 2027 2064 2100; baseline 0.001 -22"><span class='ocrx_word' id='word_1_234' title='bbox 484 2038 800 2096; x_wconf 82' lang='lat' dir='ltr'><strong>quanquam</strong></span> <span class='ocrx_word' id='word_1_235' title='bbox 827 2028 1076 2097; x_wconf 90' lang='lat' dir='ltr'><strong>epistola,</strong></span> <span class='ocrx_word' id='word_1_236' title='bbox 1109 2046 1232 2100; x_wconf 59' lang='lat' dir='ltr'><strong>qua;</strong></span> <span class='ocrx_word' id='word_1_237' title='bbox 1259 2031 1502 2084; x_wconf 89' lang='lat' dir='ltr'><strong>Simeoni</strong></span> <span class='ocrx_word' id='word_1_238' title='bbox 1561 2028 1884 2086; x_wconf 88' lang='lat' dir='ltr'><strong>inscribitur</strong></span> <span class='ocrx_word' id='word_1_239' title='bbox 1927 2027 1981 2080; x_wconf 90' lang='lat' dir='ltr'><strong>in</strong></span> <span class='ocrx_word' id='word_1_240' title='bbox 2010 2042 2064 2080; x_wconf 86' lang='lat' dir='ltr'><strong>Ill</strong></span> 
     </span>
    </p>
   </div>
   <div class='ocr_carea' id='block_1_36' title="bbox 484 2120 2069 2190">
    <p class='ocr_par' dir='ltr' id='par_1_36' title="bbox 484 2120 2069 2190">
     <span class='ocr_line' id='line_1_36' title="bbox 484 2120 2069 2190; baseline 0.001 -20"><span class='ocrx_word' id='word_1_241' title='bbox 484 2124 640 2186; x_wconf 88' lang='lat' dir='ltr'><strong>parte</strong></span> <span class='ocrx_word' id='word_1_242' title='bbox 669 2120 891 2174; x_wconf 89' lang='lat' dir='ltr'><strong>concilii</strong></span> <span class='ocrx_word' id='word_1_243' title='bbox 929 2121 1214 2190; x_wconf 89' lang='lat' dir='ltr'><strong>Ephesini,</strong></span> <span class='ocrx_word' id='word_1_244' title='bbox 1247 2121 1473 2177; x_wconf 89' lang='lat' dir='ltr'><strong>videtur</strong></span> <span class='ocrx_word' id='word_1_245' title='bbox 1489 2121 1557 2176; x_wconf 90' lang='lat' dir='ltr'><strong>ad</strong></span> <span class='ocrx_word' id='word_1_246' title='bbox 1588 2120 1847 2176; x_wconf 81' lang='lat' dir='ltr'><strong>Acacium</strong></span> <span class='ocrx_word' id='word_1_247' title='bbox 1895 2120 2069 2190; x_wconf 89' lang='lat' dir='ltr'><strong>perti-</strong></span> 
     </span>
    </p>
   </div>
   <div class='ocr_carea' id='block_1_37' title="bbox 483 2213 2090 2283">
    <p class='ocr_par' dir='ltr' id='par_1_37' title="bbox 483 2213 2090 2283">
     <span class='ocr_line' id='line_1_37' title="bbox 483 2213 2090 2283; baseline 0.006 -22"><span class='ocrx_word' id='word_1_248' title='bbox 483 2222 649 2274; x_wconf 88' lang='lat' dir='ltr'><strong>nere;</strong></span> <span class='ocrx_word' id='word_1_249' title='bbox 677 2225 798 2278; x_wconf 74' lang='lat' dir='ltr'><strong>quae</strong></span> <span class='ocrx_word' id='word_1_250' title='bbox 844 2226 977 2266; x_wconf 88' lang='lat' dir='ltr'><strong>vero</strong></span> <span class='ocrx_word' id='word_1_251' title='bbox 1005 2214 1276 2283; x_wconf 86' lang='lat' dir='ltr'><strong>sequitur,</strong></span> <span class='ocrx_word' id='word_1_252' title='bbox 1308 2215 1501 2269; x_wconf 90' lang='lat' dir='ltr'><strong>mutila</strong></span> <span class='ocrx_word' id='word_1_253' title='bbox 1528 2223 1633 2280; x_wconf 91' lang='lat' dir='ltr'><strong>est,</strong></span> <span class='ocrx_word' id='word_1_254' title='bbox 1668 2221 1724 2269; x_wconf 90' lang='lat' dir='ltr'><strong>et</strong></span> <span class='ocrx_word' id='word_1_255' title='bbox 1756 2214 1824 2269; x_wconf 87' lang='lat' dir='ltr'><strong>ad</strong></span> <span class='ocrx_word' id='word_1_256' title='bbox 1850 2213 2090 2269; x_wconf 84' lang='lat' dir='ltr'><strong>Simco--</strong></span> 
     </span>
    </p>
   </div>
   <div class='ocr_carea' id='block_1_38' title="bbox 484 2304 1305 2375">
    <p class='ocr_par' dir='ltr' id='par_1_38' title="bbox 484 2304 1305 2375">
     <span class='ocr_line' id='line_1_38' title="bbox 484 2304 1305 2375; baseline 0.006 -19"><span class='ocrx_word' id='word_1_257' title='bbox 484 2316 611 2356; x_wconf 86' lang='lat' dir='ltr'><strong>nem</strong></span> <span class='ocrx_word' id='word_1_258' title='bbox 639 2317 754 2357; x_wconf 89' lang='lat' dir='ltr'><strong>non</strong></span> <span class='ocrx_word' id='word_1_259' title='bbox 774 2304 1133 2375; x_wconf 85' lang='lat' dir='ltr'><strong>singulariter</strong></span> <span class='ocrx_word' id='word_1_260' title='bbox 1160 2307 1305 2361; x_wconf 87' lang='lat' dir='ltr'><strong>data.</strong></span> 
     </span>
    </p>
   </div>
   <div class='ocr_carea' id='block_1_39' title="bbox 554 2389 2067 2467">
    <p class='ocr_par' dir='ltr' id='par_1_39' title="bbox 554 2389 2067 2467">
     <span class='ocr_line' id='line_1_39' title="bbox 554 2389 2067 2467; baseline 0.005 -22"><span class='ocrx_word' id='word_1_261' title='bbox 554 2389 636 2445; x_wconf 86' lang='lat' dir='ltr'><strong>Ad</strong></span> <span class='ocrx_word' id='word_1_262' title='bbox 680 2391 798 2447; x_wconf 63' lang='lat' dir='ltr'><strong>hate</strong></span> <span class='ocrx_word' id='word_1_263' title='bbox 859 2393 1021 2459; x_wconf 88' lang='lat' dir='ltr'><strong>addo,</strong></span> <span class='ocrx_word' id='word_1_264' title='bbox 1076 2394 1314 2451; x_wconf 90' lang='lat' dir='ltr'><strong>Leonem</strong></span> <span class='ocrx_word' id='word_1_265' title='bbox 1364 2396 1777 2467; x_wconf 84' lang='lat' dir='ltr'><strong>imperatorem,</strong></span> <span class='ocrx_word' id='word_1_266' title='bbox 1823 2411 1950 2452; x_wconf 87' lang='lat' dir='ltr'><strong>cum</strong></span> <span class='ocrx_word' id='word_1_267' title='bbox 1997 2396 2067 2452; x_wconf 93' lang='lat' dir='ltr'><strong>de</strong></span> 
     </span>
    </p>
   </div>
   <div class='ocr_carea' id='block_1_40' title="bbox 484 2482 2062 2559">
    <p class='ocr_par' dir='ltr' id='par_1_40' title="bbox 484 2482 2062 2559">
     <span class='ocr_line' id='line_1_40' title="bbox 484 2482 2062 2559; baseline 0.004 -22"><span class='ocrx_word' id='word_1_268' title='bbox 484 2482 720 2537; x_wconf 90' lang='lat' dir='ltr'><strong>concilio</strong></span> <span class='ocrx_word' id='word_1_269' title='bbox 742 2482 1177 2542; x_wconf 87' lang='lat' dir='ltr'><strong>Chalcedonensi</strong></span> <span class='ocrx_word' id='word_1_270' title='bbox 1201 2488 1268 2543; x_wconf 89' lang='lat' dir='ltr'><strong>ad</strong></span> <span class='ocrx_word' id='word_1_271' title='bbox 1299 2490 1593 2559; x_wconf 81' lang='lat' dir='ltr'><strong>episcopos</strong></span> <span class='ocrx_word' id='word_1_272' title='bbox 1642 2491 1856 2545; x_wconf 87' lang='lat' dir='ltr'><strong>litteras</strong></span> <span class='ocrx_word' id='word_1_273' title='bbox 1882 2490 2062 2554; x_wconf 89' lang='lat' dir='ltr'><strong>daret,</strong></span> 
     </span>
    </p>
   </div>
   <div class='ocr_carea' id='block_1_41' title="bbox 484 2573 2068 2653">
    <p class='ocr_par' dir='ltr' id='par_1_41' title="bbox 484 2573 2068 2653">
     <span class='ocr_line' id='line_1_41' title="bbox 484 2573 2068 2653; baseline 0.006 -25"><span class='ocrx_word' id='word_1_274' title='bbox 484 2573 774 2644; x_wconf 86' lang='lat' dir='ltr'><strong>scripsisse</strong></span> <span class='ocrx_word' id='word_1_275' title='bbox 800 2591 1019 2646; x_wconf 90' lang='lat' dir='ltr'><strong>quoque</strong></span> <span class='ocrx_word' id='word_1_276' title='bbox 1042 2577 1111 2632; x_wconf 90' lang='lat' dir='ltr'><strong>ad</strong></span> <span class='ocrx_word' id='word_1_277' title='bbox 1132 2580 1377 2636; x_wconf 88' lang='lat' dir='ltr'><strong>illustres</strong></span> <span class='ocrx_word' id='word_1_278' title='bbox 1404 2582 1724 2646; x_wconf 86' lang='lat' dir='ltr'><strong>monachos,</strong></span> <span class='ocrx_word' id='word_1_279' title='bbox 1770 2592 1826 2637; x_wconf 88' lang='lat' dir='ltr'><strong>et</strong></span> <span class='ocrx_word' id='word_1_280' title='bbox 1875 2583 1930 2637; x_wconf 92' lang='lat' dir='ltr'><strong>iu</strong></span> <span class='ocrx_word' id='word_1_281' title='bbox 1957 2582 2068 2653; x_wconf 91' lang='lat' dir='ltr'><strong>pri-</strong></span> 
     </span>
    </p>
   </div>
   <div class='ocr_carea' id='block_1_42' title="bbox 486 2667 2069 2740">
    <p class='ocr_par' dir='ltr' id='par_1_42' title="bbox 486 2667 2069 2740">
     <span class='ocr_line' id='line_1_42' title="bbox 486 2667 2069 2740; baseline 0.005 -19"><span class='ocrx_word' id='word_1_282' title='bbox 486 2668 593 2722; x_wconf 84' lang='lat' dir='ltr'><strong>mis</strong></span> <span class='ocrx_word' id='word_1_283' title='bbox 617 2667 683 2723; x_wconf 89' lang='lat' dir='ltr'><strong>ad</strong></span> <span class='ocrx_word' id='word_1_284' title='bbox 710 2669 1086 2726; x_wconf 88' lang='lat' dir='ltr'><strong>sanctissimos</strong></span> <span class='ocrx_word' id='word_1_285' title='bbox 1116 2680 1245 2738; x_wconf 90' lang='lat' dir='ltr'><strong>tres,</strong></span> <span class='ocrx_word' id='word_1_286' title='bbox 1282 2674 1617 2740; x_wconf 88' lang='lat' dir='ltr'><strong>Simeonem,</strong></span> <span class='ocrx_word' id='word_1_287' title='bbox 1662 2675 1952 2738; x_wconf 67' lang='lat' dir='ltr'><strong>Iacobum,</strong></span> <span class='ocrx_word' id='word_1_288' title='bbox 2012 2683 2069 2730; x_wconf 89' lang='lat' dir='ltr'><strong>et</strong></span> 
     </span>
    </p>
   </div>
   <div class='ocr_carea' id='block_1_43' title="bbox 485 2754 2070 2840">
    <p class='ocr_par' dir='ltr' id='par_1_43' title="bbox 485 2754 2070 2840">
     <span class='ocr_line' id='line_1_43' title="bbox 485 2754 2070 2840; baseline 0.005 -27"><span class='ocrx_word' id='word_1_289' title='bbox 485 2759 849 2827; x_wconf 87' lang='lat' dir='ltr'><strong>Baradatum,</strong></span> <span class='ocrx_word' id='word_1_290' title='bbox 889 2762 957 2817; x_wconf 89' lang='lat' dir='ltr'><strong>de</strong></span> <span class='ocrx_word' id='word_1_291' title='bbox 1005 2780 1117 2834; x_wconf 89' lang='lat' dir='ltr'><strong>quo</strong></span> <span class='ocrx_word' id='word_1_292' title='bbox 1169 2775 1253 2822; x_wconf 89' lang='lat' dir='ltr'><strong>est</strong></span> <span class='ocrx_word' id='word_1_293' title='bbox 1298 2754 1465 2839; x_wconf 79' lang='lat' dir='ltr'><strong>caput</strong></span> <span class='ocrx_word' id='word_1_294' title='bbox 1536 2770 1628 2835; x_wconf 72' lang='lat'><strong>27,</strong></span> <span class='ocrx_word' id='word_1_295' title='bbox 1681 2769 1829 2840; x_wconf 86' lang='lat' dir='ltr'><strong>quod</strong></span> <span class='ocrx_word' id='word_1_296' title='bbox 1884 2767 2070 2838; x_wconf 89' lang='lat' dir='ltr'><strong>sequi-</strong></span> 
     </span>
    </p>
   </div>
   <div class='ocr_carea' id='block_1_44' title="bbox 487 2861 595 2907">
    <p class='ocr_par' dir='ltr' id='par_1_44' title="bbox 487 2861 595 2907">
     <span class='ocr_line' id='line_1_44' title="bbox 487 2861 595 2907; baseline 0.009 -1"><span class='ocrx_word' id='word_1_297' title='bbox 487 2861 595 2907; x_wconf 88' lang='lat' dir='ltr'><strong>tur.</strong></span> 
     </span>
    </p>
   </div>
   <div class='ocr_carea' id='block_1_45' title="bbox 556 2945 2070 3023">
    <p class='ocr_par' dir='ltr' id='par_1_45' title="bbox 556 2945 2070 3023">
     <span class='ocr_line' id='line_1_45' title="bbox 556 2945 2070 3023; baseline 0.003 -23"><span class='ocrx_word' id='word_1_298' title='bbox 556 2945 698 3001; x_wconf 83' lang='lat' dir='ltr'><strong>XXI.</strong></span> <span class='ocrx_word' id='word_1_299' title='bbox 725 2946 901 3019; x_wconf 87' lang='lat' dir='ltr'><strong>Caput</strong></span> <span class='ocrx_word' id='word_1_300' title='bbox 933 2949 1257 3007; x_wconf 89' lang='lat' dir='ltr'><strong>vicesimum</strong></span> <span class='ocrx_word' id='word_1_301' title='bbox 1306 2953 1605 3023; x_wconf 88' lang='lat' dir='ltr'><strong>septimum</strong></span> <span class='ocrx_word' id='word_1_302' title='bbox 1633 2953 1885 3009; x_wconf 89' lang='lat' dir='ltr'><strong>continet</strong></span> <span class='ocrx_word' id='word_1_303' title='bbox 1951 2952 2070 3006; x_wconf 91' lang='lat' dir='ltr'><strong>lau-</strong></span> 
     </span>
    </p>
   </div>
   <div class='ocr_carea' id='block_1_46' title="bbox 485 3036 2070 3113">
    <p class='ocr_par' dir='ltr' id='par_1_46' title="bbox 485 3036 2070 3113">
     <span class='ocr_line' id='line_1_46' title="bbox 485 3036 2070 3113; baseline 0.004 -22"><span class='ocrx_word' id='word_1_304' title='bbox 485 3036 584 3093; x_wconf 89' lang='lat' dir='ltr'><strong>des</strong></span> <span class='ocrx_word' id='word_1_305' title='bbox 616 3039 895 3108; x_wconf 87' lang='lat' dir='ltr'><strong>Baradati,</strong></span> <span class='ocrx_word' id='word_1_306' title='bbox 937 3044 1032 3113; x_wconf 90' lang='lat' dir='ltr'><strong>qui</strong></span> <span class='ocrx_word' id='word_1_307' title='bbox 1066 3042 1338 3100; x_wconf 89' lang='lat' dir='ltr'><strong>fuitunus</strong></span> <span class='ocrx_word' id='word_1_308' title='bbox 1362 3045 1436 3100; x_wconf 90' lang='lat' dir='ltr'><strong>de</strong></span> <span class='ocrx_word' id='word_1_309' title='bbox 1481 3046 1661 3101; x_wconf 91' lang='lat' dir='ltr'><strong>tribus</strong></span> <span class='ocrx_word' id='word_1_310' title='bbox 1713 3044 2070 3100; x_wconf 82' lang='lat' dir='ltr'><strong>sanctissimis</strong></span> 
     </span>
    </p>
   </div>
   <div class='ocr_carea' id='block_1_47' title="bbox 483 3130 2070 3207">
    <p class='ocr_par' dir='ltr' id='par_1_47' title="bbox 483 3130 2070 3207">
     <span class='ocr_line' id='line_1_47' title="bbox 483 3130 2070 3207; baseline 0.004 -23"><span class='ocrx_word' id='word_1_311' title='bbox 483 3130 703 3194; x_wconf 81' lang='lat' dir='ltr'><strong>ascetis,</strong></span> <span class='ocrx_word' id='word_1_312' title='bbox 761 3131 830 3187; x_wconf 90' lang='lat' dir='ltr'><strong>ad</strong></span> <span class='ocrx_word' id='word_1_313' title='bbox 884 3149 1023 3203; x_wconf 89' lang='lat' dir='ltr'><strong>quos</strong></span> <span class='ocrx_word' id='word_1_314' title='bbox 1083 3137 1413 3198; x_wconf 87' lang='lat' dir='ltr'><strong>nominatim</strong></span> <span class='ocrx_word' id='word_1_315' title='bbox 1473 3144 1745 3192; x_wconf 90' lang='lat' dir='ltr'><strong>memorat</strong></span> <span class='ocrx_word' id='word_1_316' title='bbox 1801 3136 2070 3207; x_wconf 84' lang='lat' dir='ltr'><strong>Evagrius</strong></span> 
     </span>
    </p>
   </div>
   <div class='ocr_carea' id='block_1_48' title="bbox 485 3209 2138 3300">
    <p class='ocr_par' dir='ltr' id='par_1_48' title="bbox 485 3209 2138 3300">
     <span class='ocr_line' id='line_1_48' title="bbox 485 3209 2138 3300; baseline 0.004 -23"><span class='ocrx_word' id='word_1_317' title='bbox 485 3223 771 3293; x_wconf 82' lang='lat' dir='ltr'><strong>scripsisse</strong></span> <span class='ocrx_word' id='word_1_318' title='bbox 816 3223 1055 3282; x_wconf 89' lang='lat' dir='ltr'><strong>Leonem</strong></span> <span class='ocrx_word' id='word_1_319' title='bbox 1107 3229 1523 3300; x_wconf 90' lang='lat' dir='ltr'><strong>imperatorem,</strong></span> <span class='ocrx_word' id='word_1_320' title='bbox 1569 3230 1639 3285; x_wconf 93' lang='lat' dir='ltr'><strong>de</strong></span> <span class='ocrx_word' id='word_1_321' title='bbox 1685 3245 1849 3285; x_wconf 88' lang='lat' dir='ltr'><strong>causa</strong></span> <span class='ocrx_word' id='word_1_322' title='bbox 1884 3229 2069 3283; x_wconf 89' lang='lat' dir='ltr'><strong>Timo-</strong></span> <span class='ocrx_word' id='word_1_323' title='bbox 2095 3209 2138 3267; x_wconf 61' lang='grc' dir='ltr'><strong>(ἶ</strong></span> 
     </span>
    </p>
   </div>
   <div class='ocr_carea' id='block_1_49' title="bbox 489 3315 1834 3377">
    <p class='ocr_par' dir='ltr' id='par_1_49' title="bbox 489 3315 1834 3377">
     <span class='ocr_line' id='line_1_49' title="bbox 489 3315 1834 3377; baseline 0.007 -10"><span class='ocrx_word' id='word_1_324' title='bbox 489 3315 603 3368; x_wconf 88' lang='lat' dir='ltr'><strong>thei</strong></span> <span class='ocrx_word' id='word_1_325' title='bbox 635 3315 990 3373; x_wconf 85' lang='lat' dir='ltr'><strong>Alexandrini</strong></span> <span class='ocrx_word' id='word_1_326' title='bbox 1015 3328 1071 3374; x_wconf 91' lang='lat' dir='ltr'><strong>et</strong></span> <span class='ocrx_word' id='word_1_327' title='bbox 1095 3321 1318 3376; x_wconf 91' lang='lat' dir='ltr'><strong>concilii</strong></span> <span class='ocrx_word' id='word_1_328' title='bbox 1349 3321 1834 3377; x_wconf 88' lang='lat' dir='ltr'><strong>Chalcedonensis.</strong></span> 
     </span>
    </p>
   </div>
   <div class='ocr_carea' id='block_1_50' title="bbox 556 3405 2072 3484">
    <p class='ocr_par' dir='ltr' id='par_1_50' title="bbox 556 3405 2072 3484">
     <span class='ocr_line' id='line_1_50' title="bbox 556 3405 2072 3484; baseline 0.005 -23"><span class='ocrx_word' id='word_1_329' title='bbox 556 3405 748 3463; x_wconf 81' lang='lat' dir='ltr'><strong>Exstat</strong></span> <span class='ocrx_word' id='word_1_330' title='bbox 799 3408 857 3464; x_wconf 92' lang='lat' dir='ltr'><strong>in</strong></span> <span class='ocrx_word' id='word_1_331' title='bbox 902 3410 1046 3466; x_wconf 91' lang='lat' dir='ltr'><strong>libro</strong></span> <span class='ocrx_word' id='word_1_332' title='bbox 1078 3412 1360 3484; x_wconf 79' lang='lat' dir='ltr'><strong>encyclico</strong></span> <span class='ocrx_word' id='word_1_333' title='bbox 1413 3413 1668 3468; x_wconf 91' lang='lat' dir='ltr'><strong>Baradati</strong></span> <span class='ocrx_word' id='word_1_334' title='bbox 1716 3412 2072 3469; x_wconf 89' lang='lat' dir='ltr'><strong>rescribentis</strong></span> 
     </span>
    </p>
   </div>
   <div class='ocr_carea' id='block_1_51' title="bbox 485 3500 2068 3575">
    <p class='ocr_par' dir='ltr' id='par_1_51' title="bbox 485 3500 2068 3575">
     <span class='ocr_line' id='line_1_51' title="bbox 485 3500 2068 3575; baseline 0.003 -22"><span class='ocrx_word' id='word_1_335' title='bbox 485 3500 740 3569; x_wconf 82' lang='lat' dir='ltr'><strong>epistola,</strong></span> <span class='ocrx_word' id='word_1_336' title='bbox 772 3517 1000 3573; x_wconf 71' lang='lat' dir='ltr'><strong>magum,</strong></span> <span class='ocrx_word' id='word_1_337' title='bbox 1046 3504 1143 3559; x_wconf 90' lang='lat' dir='ltr'><strong>sed</strong></span> <span class='ocrx_word' id='word_1_338' title='bbox 1178 3512 1383 3558; x_wconf 59' lang='lat' dir='ltr'><strong>sanctae</strong></span> <span class='ocrx_word' id='word_1_339' title='bbox 1437 3504 1806 3574; x_wconf 86' lang='lat' dir='ltr'><strong>simplicitatis</strong></span> <span class='ocrx_word' id='word_1_340' title='bbox 1864 3506 2068 3575; x_wconf 89' lang='lat' dir='ltr'><strong>plena:</strong></span> 
     </span>
    </p>
   </div>
   <div class='ocr_carea' id='block_1_52' title="bbox 486 3590 2072 3665">
    <p class='ocr_par' dir='ltr' id='par_1_52' title="bbox 486 3590 2072 3665">
     <span class='ocr_line' id='line_1_52' title="bbox 486 3590 2072 3665; baseline 0.004 -21"><span class='ocrx_word' id='word_1_341' title='bbox 486 3590 723 3647; x_wconf 81' lang='lat' dir='ltr'><strong>aliorum</strong></span> <span class='ocrx_word' id='word_1_342' title='bbox 753 3592 989 3648; x_wconf 89' lang='lat' dir='ltr'><strong>duorum</strong></span> <span class='ocrx_word' id='word_1_343' title='bbox 1020 3593 1219 3657; x_wconf 70' lang='lat' dir='ltr'><strong>litterae</strong></span> <span class='ocrx_word' id='word_1_344' title='bbox 1245 3595 1550 3664; x_wconf 87' lang='lat' dir='ltr'><strong>perierunt.</strong></span> <span class='ocrx_word' id='word_1_345' title='bbox 1588 3594 2072 3665; x_wconf 77' lang='lat' dir='ltr'><strong>Quanquam&#39;apud</strong></span> 
     </span>
    </p>
   </div>
   <div class='ocr_carea' id='block_1_53' title="bbox 487 3679 2075 3752">
    <p class='ocr_par' dir='ltr' id='par_1_53' title="bbox 487 3679 2075 3752">
     <span class='ocr_line' id='line_1_53' title="bbox 487 3679 2075 3752; baseline 0.003 -17"><span class='ocrx_word' id='word_1_346' title='bbox 487 3679 781 3752; x_wconf 83' lang='lat' dir='ltr'><strong>Evagrium</strong></span> <span class='ocrx_word' id='word_1_347' title='bbox 821 3691 905 3737; x_wconf 90' lang='lat' dir='ltr'><strong>est</strong></span> <span class='ocrx_word' id='word_1_348' title='bbox 928 3682 1203 3738; x_wconf 90' lang='lat' dir='ltr'><strong>Simeonis</strong></span> <span class='ocrx_word' id='word_1_349' title='bbox 1231 3683 1467 3752; x_wconf 89' lang='lat' dir='ltr'><strong>cpistola</strong></span> <span class='ocrx_word' id='word_1_350' title='bbox 1497 3683 1566 3738; x_wconf 88' lang='lat' dir='ltr'><strong>ad</strong></span> <span class='ocrx_word' id='word_1_351' title='bbox 1590 3683 1853 3738; x_wconf 88' lang='lat' dir='ltr'><strong>Basilium</strong></span> <span class='ocrx_word' id='word_1_352' title='bbox 1881 3685 2075 3739; x_wconf 80' lang='lat' dir='ltr'><strong>Antio-</strong></span> 
     </span>
    </p>
   </div>
   <div class='ocr_carea' id='block_1_54' title="bbox 487 3772 2074 3845">
    <p class='ocr_par' dir='ltr' id='par_1_54' title="bbox 487 3772 2074 3845">
     <span class='ocr_line' id='line_1_54' title="bbox 487 3772 2074 3845; baseline 0.004 -20"><span class='ocrx_word' id='word_1_353' title='bbox 487 3772 748 3838; x_wconf 87' lang='lat' dir='ltr'><strong>chenum,</strong></span> <span class='ocrx_word' id='word_1_354' title='bbox 802 3773 1021 3829; x_wconf 79' lang='lat' dir='ltr'><strong>Maximi</strong></span> <span class='ocrx_word' id='word_1_355' title='bbox 1073 3774 1145 3829; x_wconf 86' lang='lat' dir='ltr'><strong>ob</strong></span> <span class='ocrx_word' id='word_1_356' title='bbox 1193 3774 1615 3829; x_wconf 80' lang='lat' dir='ltr'><strong>fornicationem</strong></span> <span class='ocrx_word' id='word_1_357' title='bbox 1663 3774 1900 3845; x_wconf 88' lang='lat' dir='ltr'><strong>depositi</strong></span> <span class='ocrx_word' id='word_1_358' title='bbox 1946 3791 2074 3831; x_wconf 90' lang='lat' dir='ltr'><strong>suc-</strong></span> 
     </span>
    </p>
   </div>
   <div class='ocr_carea' id='block_1_55' title="bbox 486 3864 2074 3934">
    <p class='ocr_par' dir='ltr' id='par_1_55' title="bbox 486 3864 2074 3934">
     <span class='ocr_line' id='line_1_55' title="bbox 486 3864 2074 3934; baseline 0.003 -16"><span class='ocrx_word' id='word_1_359' title='bbox 486 3878 786 3931; x_wconf 88' lang='lat' dir='ltr'><strong>cessorem,</strong></span> <span class='ocrx_word' id='word_1_360' title='bbox 818 3864 874 3918; x_wconf 90' lang='lat' dir='ltr'><strong>in</strong></span> <span class='ocrx_word' id='word_1_361' title='bbox 906 3880 1014 3934; x_wconf 91' lang='lat' dir='ltr'><strong>qua</strong></span> <span class='ocrx_word' id='word_1_362' title='bbox 1046 3865 1107 3919; x_wconf 84' lang='lat' dir='ltr'><strong>fit</strong></span> <span class='ocrx_word' id='word_1_363' title='bbox 1144 3865 1354 3923; x_wconf 90' lang='lat' dir='ltr'><strong>mentio</strong></span> <span class='ocrx_word' id='word_1_364' title='bbox 1393 3865 1575 3922; x_wconf 67' lang='lat' dir='ltr'><strong>missae</strong></span> <span class='ocrx_word' id='word_1_365' title='bbox 1598 3867 1828 3921; x_wconf 88' lang='lat' dir='ltr'><strong>alterius</strong></span> <span class='ocrx_word' id='word_1_366' title='bbox 1867 3867 1935 3923; x_wconf 92' lang='lat' dir='ltr'><strong>ad</strong></span> <span class='ocrx_word' id='word_1_367' title='bbox 1968 3867 2074 3922; x_wconf 88' lang='lat' dir='ltr'><strong>im-</strong></span> 
     </span>
    </p>
   </div>
   <div class='ocr_carea' id='block_1_56' title="bbox 487 3960 826 4018">
    <p class='ocr_par' dir='ltr' id='par_1_56' title="bbox 487 3960 826 4018">
     <span class='ocr_line' id='line_1_56' title="bbox 487 3960 826 4018; baseline 0.009 -15"><span class='ocrx_word' id='word_1_368' title='bbox 487 3960 826 4018; x_wconf 88' lang='lat' dir='ltr'><strong>peratorcm.</strong></span> 
     </span>
    </p>
   </div>
   <div class='ocr_carea' id='block_1_57' title="bbox 562 4042 2074 4121">
    <p class='ocr_par' dir='ltr' id='par_1_57' title="bbox 562 4042 2074 4121">
     <span class='ocr_line' id='line_1_57' title="bbox 562 4042 2074 4121; baseline 0.005 -24"><span class='ocrx_word' id='word_1_369' title='bbox 562 4042 729 4098; x_wconf 85' lang='lat' dir='ltr'><strong>XXII.</strong></span> <span class='ocrx_word' id='word_1_370' title='bbox 755 4045 833 4099; x_wconf 91' lang='lat' dir='ltr'><strong>De</strong></span> <span class='ocrx_word' id='word_1_371' title='bbox 877 4046 1176 4112; x_wconf 66' lang='lat' dir='ltr'><strong>Thalelaeo,</strong></span> <span class='ocrx_word' id='word_1_372' title='bbox 1215 4049 1375 4119; x_wconf 89' lang='lat' dir='ltr'><strong>cujus</strong></span> <span class='ocrx_word' id='word_1_373' title='bbox 1403 4049 1719 4105; x_wconf 82' lang='lat' dir='ltr'><strong>encomium</strong></span> <span class='ocrx_word' id='word_1_374' title='bbox 1771 4051 1953 4121; x_wconf 90' lang='lat' dir='ltr'><strong>capite</strong></span> <span class='ocrx_word' id='word_1_375' title='bbox 2002 4050 2074 4105; x_wconf 78' lang='grc'><strong>28</strong></span> 
     </span>
    </p>
   </div>
   <div class='ocr_carea' id='block_1_58' title="bbox 490 4136 2072 4208">
    <p class='ocr_par' dir='ltr' id='par_1_58' title="bbox 490 4136 2072 4208">
     <span class='ocr_line' id='line_1_58' title="bbox 490 4136 2072 4208; baseline 0.006 -18"><span class='ocrx_word' id='word_1_376' title='bbox 490 4136 748 4201; x_wconf 86' lang='lat' dir='ltr'><strong>habetur,</strong></span> <span class='ocrx_word' id='word_1_377' title='bbox 796 4139 935 4192; x_wconf 86' lang='lat' dir='ltr'><strong>nihil</strong></span> <span class='ocrx_word' id='word_1_378' title='bbox 963 4139 1371 4196; x_wconf 89' lang='lat' dir='ltr'><strong>observandum</strong></span> <span class='ocrx_word' id='word_1_379' title='bbox 1416 4141 1657 4208; x_wconf 85' lang='lat' dir='ltr'><strong>videtur,</strong></span> <span class='ocrx_word' id='word_1_380' title='bbox 1708 4143 1816 4198; x_wconf 88' lang='lat' dir='ltr'><strong>nisi</strong></span> <span class='ocrx_word' id='word_1_381' title='bbox 1852 4145 1972 4199; x_wconf 89' lang='lat' dir='ltr'><strong>leve</strong></span> <span class='ocrx_word' id='word_1_382' title='bbox 2003 4145 2072 4199; x_wconf 89' lang='lat' dir='ltr'><strong>il-</strong></span> 
     </span>
    </p>
   </div>
   <div class='ocr_carea' id='block_1_59' title="bbox 487 4228 2074 4304">
    <p class='ocr_par' dir='ltr' id='par_1_59' title="bbox 487 4228 2074 4304">
     <span class='ocr_line' id='line_1_59' title="bbox 487 4228 2074 4304; baseline 0.007 -21"><span class='ocrx_word' id='word_1_383' title='bbox 487 4228 605 4294; x_wconf 92' lang='lat' dir='ltr'><strong>lud,</strong></span> <span class='ocrx_word' id='word_1_384' title='bbox 658 4229 945 4287; x_wconf 89' lang='lat' dir='ltr'><strong>inclusisse</strong></span> <span class='ocrx_word' id='word_1_385' title='bbox 969 4248 1028 4289; x_wconf 89' lang='lat' dir='ltr'><strong>se</strong></span> <span class='ocrx_word' id='word_1_386' title='bbox 1062 4249 1258 4304; x_wconf 90' lang='lat' dir='ltr'><strong>nempe</strong></span> <span class='ocrx_word' id='word_1_387' title='bbox 1309 4234 1620 4291; x_wconf 89' lang='lat' dir='ltr'><strong>admirabili</strong></span> <span class='ocrx_word' id='word_1_388' title='bbox 1674 4236 1767 4291; x_wconf 93' lang='lat' dir='ltr'><strong>illa</strong></span> <span class='ocrx_word' id='word_1_389' title='bbox 1817 4239 2074 4294; x_wconf 86' lang='lat' dir='ltr'><strong>machina</strong></span> 
     </span>
    </p>
   </div>
   <div class='ocr_carea' id='block_1_60' title="bbox 487 4321 2072 4392">
    <p class='ocr_par' dir='ltr' id='par_1_60' title="bbox 487 4321 2072 4392">
     <span class='ocr_line' id='line_1_60' title="bbox 487 4321 2072 4392; baseline 0.006 -16"><span class='ocrx_word' id='word_1_390' title='bbox 487 4321 830 4379; x_wconf 89' lang='lat' dir='ltr'><strong>clathrorum</strong></span> <span class='ocrx_word' id='word_1_391' title='bbox 862 4323 917 4379; x_wconf 91' lang='lat' dir='ltr'><strong>in</strong></span> <span class='ocrx_word' id='word_1_392' title='bbox 941 4340 1150 4380; x_wconf 90' lang='lat' dir='ltr'><strong>morem</strong></span> <span class='ocrx_word' id='word_1_393' title='bbox 1184 4326 1348 4392; x_wconf 88' lang='lat' dir='ltr'><strong>facta,</strong></span> <span class='ocrx_word' id='word_1_394' title='bbox 1383 4328 1671 4384; x_wconf 59' lang='lat' dir='ltr'><strong>annoIL’ii.</strong></span> <span class='ocrx_word' id='word_1_395' title='bbox 1726 4330 1786 4384; x_wconf 91' lang='lat' dir='ltr'><strong>In</strong></span> <span class='ocrx_word' id='word_1_396' title='bbox 1837 4346 1901 4386; x_wconf 87' lang='lat' dir='ltr'><strong>ea</strong></span> <span class='ocrx_word' id='word_1_397' title='bbox 1922 4331 2072 4385; x_wconf 91' lang='lat' dir='ltr'><strong>enim</strong></span> 
     </span>
    </p>
   </div>
   <div class='ocr_carea' id='block_1_61' title="bbox 487 4418 2072 4490">
    <p class='ocr_par' dir='ltr' id='par_1_61' title="bbox 487 4418 2072 4490">
     <span class='ocr_line' id='line_1_61' title="bbox 487 4418 2072 4490; baseline 0.006 -19"><span class='ocrx_word' id='word_1_398' title='bbox 487 4423 746 4488; x_wconf 75' lang='lat' dir='ltr'><strong>exegerat</strong></span> <span class='ocrx_word' id='word_1_399' title='bbox 798 4418 818 4438; x_wconf 83' lang='grc'>⁶</span> <span class='ocrx_word' id='word_1_400' title='bbox 849 4419 962 4490; x_wconf 90' lang='lat' dir='ltr'><strong>jam</strong></span> <span class='ocrx_word' id='word_1_401' title='bbox 1016 4418 1208 4474; x_wconf 89' lang='lat' dir='ltr'><strong>decem</strong></span> <span class='ocrx_word' id='word_1_402' title='bbox 1265 4435 1460 4487; x_wconf 89' lang='lat' dir='ltr'><strong>annos,</strong></span> <span class='ocrx_word' id='word_1_403' title='bbox 1511 4438 1636 4477; x_wconf 91' lang='lat' dir='ltr'><strong>cum</strong></span> <span class='ocrx_word' id='word_1_404' title='bbox 1686 4422 2072 4481; x_wconf 89' lang='lat' dir='ltr'><strong>Theodoretus</strong></span> 
     </span>
    </p>
   </div>
   <div class='ocr_carea' id='block_1_62' title="bbox 487 4509 1450 4579">
    <p class='ocr_par' dir='ltr' id='par_1_62' title="bbox 487 4509 1450 4579">
     <span class='ocr_line' id='line_1_62' title="bbox 487 4509 1450 4579; baseline 0.002 -15"><span class='ocrx_word' id='word_1_405' title='bbox 487 4509 781 4565; x_wconf 87' lang='lat' dir='ltr'><strong>scriberet.</strong></span> <span class='ocrx_word' id='word_1_406' title='bbox 1442 4572 1450 4579; x_wconf 33' lang='lat' dir='ltr'><strong>l</strong></span> 
     </span>
    </p>
   </div>
   <div class='ocr_carea' id='block_1_63' title="bbox 556 4600 2073 4676">
    <p class='ocr_par' dir='ltr' id='par_1_63' title="bbox 556 4600 2073 4676">
     <span class='ocr_line' id='line_1_63' title="bbox 556 4600 2073 4676; baseline 0.006 -22"><span class='ocrx_word' id='word_1_407' title='bbox 556 4600 747 4657; x_wconf 85' lang='lat' dir='ltr'><strong>XXIII.</strong></span> <span class='ocrx_word' id='word_1_408' title='bbox 775 4603 1007 4674; x_wconf 85' lang='lat' dir='ltr'><strong>Reliqua</strong></span> <span class='ocrx_word' id='word_1_409' title='bbox 1037 4604 1150 4660; x_wconf 90' lang='lat' dir='ltr'><strong>duo</strong></span> <span class='ocrx_word' id='word_1_410' title='bbox 1190 4606 1371 4676; x_wconf 90' lang='lat' dir='ltr'><strong>capita</strong></span> <span class='ocrx_word' id='word_1_411' title='bbox 1399 4606 1727 4662; x_wconf 83' lang='lat' dir='ltr'><strong>feminarum</strong></span> <span class='ocrx_word' id='word_1_412' title='bbox 1753 4608 1942 4674; x_wconf 89' lang='lat' dir='ltr'><strong>trium,</strong></span> <span class='ocrx_word' id='word_1_413' title='bbox 1961 4609 2073 4663; x_wconf 84' lang='lat' dir='ltr'><strong>Ma-</strong></span> 
     </span>
    </p>
   </div>
   <div class='ocr_carea' id='block_1_64' title="bbox 488 4693 2069 4768">
    <p class='ocr_par' dir='ltr' id='par_1_64' title="bbox 488 4693 2069 4768">
     <span class='ocr_line' id='line_1_64' title="bbox 488 4693 2069 4768; baseline 0.006 -22"><span class='ocrx_word' id='word_1_414' title='bbox 488 4708 653 4757; x_wconf 73' lang='lat' dir='ltr'><strong>ranze,</strong></span> <span class='ocrx_word' id='word_1_415' title='bbox 675 4693 849 4766; x_wconf 71' lang='lat' dir='ltr'><strong>Cyrm,</strong></span> <span class='ocrx_word' id='word_1_416' title='bbox 875 4704 930 4750; x_wconf 89' lang='lat' dir='ltr'><strong>et</strong></span> <span class='ocrx_word' id='word_1_417' title='bbox 956 4696 1240 4753; x_wconf 76' lang='lat' dir='ltr'><strong>Domninze</strong></span> <span class='ocrx_word' id='word_1_418' title='bbox 1266 4697 1591 4768; x_wconf 86' lang='lat' dir='ltr'><strong>stupendam</strong></span> <span class='ocrx_word' id='word_1_419' title='bbox 1620 4700 2069 4756; x_wconf 80' lang='lat' dir='ltr'><strong>exercitationem</strong></span> 
     </span>
    </p>
   </div>
   <div class='ocr_carea' id='block_1_65' title="bbox 488 4779 2074 4857">
    <p class='ocr_par' dir='ltr' id='par_1_65' title="bbox 488 4779 2074 4857">
     <span class='ocr_line' id='line_1_65' title="bbox 488 4779 2074 4857; baseline 0.006 -23"><span class='ocrx_word' id='word_1_420' title='bbox 488 4779 830 4838; x_wconf 86' lang='lat' dir='ltr'><strong>describunt.</strong></span> <span class='ocrx_word' id='word_1_421' title='bbox 867 4785 1202 4841; x_wconf 87' lang='lat' dir='ltr'><strong>Habitabant</strong></span> <span class='ocrx_word' id='word_1_422' title='bbox 1225 4787 1389 4841; x_wconf 89' lang='lat' dir='ltr'><strong>simul</strong></span> <span class='ocrx_word' id='word_1_423' title='bbox 1415 4787 1628 4857; x_wconf 90' lang='lat' dir='ltr'><strong>priores</strong></span> <span class='ocrx_word' id='word_1_424' title='bbox 1666 4788 1811 4851; x_wconf 67' lang='lat' dir='ltr'><strong>dum,</strong></span> <span class='ocrx_word' id='word_1_425' title='bbox 1840 4797 1896 4843; x_wconf 89' lang='lat' dir='ltr'><strong>et</strong></span> <span class='ocrx_word' id='word_1_426' title='bbox 1915 4806 2074 4844; x_wconf 83' lang='lat' dir='ltr'><strong>excr-</strong></span> 
     </span>
    </p>
   </div>
   <div class='ocr_carea' id='block_1_66' title="bbox 490 4872 2071 4947">
    <p class='ocr_par' dir='ltr' id='par_1_66' title="bbox 490 4872 2071 4947">
     <span class='ocr_line' id='line_1_66' title="bbox 490 4872 2071 4947; baseline 0.005 -21"><span class='ocrx_word' id='word_1_427' title='bbox 490 4872 605 4927; x_wconf 85' lang='lat' dir='ltr'><strong>eeri</strong></span> <span class='ocrx_word' id='word_1_428' title='bbox 660 4885 940 4943; x_wconf 73' lang='lat' dir='ltr'><strong>cmpcrant</strong></span> <span class='ocrx_word' id='word_1_429' title='bbox 981 4878 1091 4947; x_wconf 91' lang='lat' dir='ltr'><strong>jam</strong></span> <span class='ocrx_word' id='word_1_430' title='bbox 1129 4877 1259 4932; x_wconf 88' lang='lat' dir='ltr'><strong>inde</strong></span> <span class='ocrx_word' id='word_1_431' title='bbox 1309 4877 1379 4932; x_wconf 89' lang='lat' dir='ltr'><strong>ab</strong></span> <span class='ocrx_word' id='word_1_432' title='bbox 1418 4894 1564 4932; x_wconf 89' lang='lat' dir='ltr'><strong>anno</strong></span> <span class='ocrx_word' id='word_1_433' title='bbox 1594 4878 1716 4933; x_wconf 72' lang='grc'><strong>402.</strong></span> <span class='ocrx_word' id='word_1_434' title='bbox 1766 4878 1893 4934; x_wconf 89' lang='lat' dir='ltr'><strong>Erat</strong></span> <span class='ocrx_word' id='word_1_435' title='bbox 1923 4879 2071 4934; x_wconf 91' lang='lat' dir='ltr'><strong>enim</strong></span> 
     </span>
    </p>
   </div>
   <div class='ocr_carea' id='block_1_67' title="bbox 490 4963 2069 5037">
    <p class='ocr_par' dir='ltr' id='par_1_67' title="bbox 490 4963 2069 5037">
     <span class='ocr_line' id='line_1_67' title="bbox 490 4963 2069 5037; baseline 0.007 -20"><span class='ocrx_word' id='word_1_436' title='bbox 490 4963 941 5035; x_wconf 78' lang='lat' dir='ltr'><strong>quadragesimus</strong></span> <span class='ocrx_word' id='word_1_437' title='bbox 972 4971 1249 5025; x_wconf 87' lang='lat' dir='ltr'><strong>secundus</strong></span> <span class='ocrx_word' id='word_1_438' title='bbox 1272 4970 1688 5026; x_wconf 84' lang='lat' dir='ltr'><strong>exercitationis</strong></span> <span class='ocrx_word' id='word_1_439' title='bbox 1718 4986 1916 5037; x_wconf 89' lang='lat' dir='ltr'><strong>annus,</strong></span> <span class='ocrx_word' id='word_1_440' title='bbox 1943 4988 2069 5028; x_wconf 91' lang='lat' dir='ltr'><strong>cum</strong></span> 
     </span>
    </p>
   </div>
   <div class='ocr_carea' id='block_1_68' title="bbox 489 5056 1383 5116">
    <p class='ocr_par' dir='ltr' id='par_1_68' title="bbox 489 5056 1383 5116">
     <span class='ocr_line' id='line_1_68' title="bbox 489 5056 1383 5116; baseline 0.004 -3"><span class='ocrx_word' id='word_1_441' title='bbox 489 5056 763 5113; x_wconf 85' lang='lat' dir='ltr'><strong>scriberet</strong></span> <span class='ocrx_word' id='word_1_442' title='bbox 782 5058 1183 5116; x_wconf 88' lang='lat' dir='ltr'><strong>Theodoretus.</strong></span> <span class='ocrx_word' id='word_1_443' title='bbox 1376 5056 1383 5061; x_wconf 76' lang='grc'><em>’</em></span> 
     </span>
    </p>
   </div>
   <div class='ocr_carea' id='block_1_69' title="bbox 564 5149 2070 5211">
    <p class='ocr_par' dir='ltr' id='par_1_69' title="bbox 564 5149 2070 5211">
     <span class='ocr_line' id='line_1_69' title="bbox 564 5149 2070 5211; baseline 0.005 -9"><span class='ocrx_word' id='word_1_444' title='bbox 564 5149 831 5204; x_wconf 88' lang='lat' dir='ltr'><strong>Domniua</strong></span> <span class='ocrx_word' id='word_1_445' title='bbox 849 5166 973 5204; x_wconf 86' lang='lat' dir='ltr'><strong>cum</strong></span> <span class='ocrx_word' id='word_1_446' title='bbox 995 5152 1433 5210; x_wconf 84' lang='lat' dir='ltr'><strong>soleretadvenis</strong></span> <span class='ocrx_word' id='word_1_447' title='bbox 1452 5155 1763 5211; x_wconf 88' lang='lat' dir='ltr'><strong>necessaria</strong></span> <span class='ocrx_word' id='word_1_448' title='bbox 1778 5156 1844 5210; x_wconf 86' lang='lat' dir='ltr'><strong>ad</strong></span> <span class='ocrx_word' id='word_1_449' title='bbox 1864 5156 2070 5211; x_wconf 78' lang='lat' dir='ltr'><strong>victum</strong></span> 
     </span>
    </p>
   </div>
   <div class='ocr_carea' id='block_1_70' title="bbox 490 5242 2073 5317">
    <p class='ocr_par' dir='ltr' id='par_1_70' title="bbox 490 5242 2073 5317">
     <span class='ocr_line' id='line_1_70' title="bbox 490 5242 2073 5317; baseline 0.003 -18"><span class='ocrx_word' id='word_1_450' title='bbox 490 5242 763 5307; x_wconf 73' lang='lat' dir='ltr'><strong>sufﬁcere,</strong></span> <span class='ocrx_word' id='word_1_451' title='bbox 800 5243 1147 5298; x_wconf 87' lang='lat' dir='ltr'><strong>Theodoreto</strong></span> <span class='ocrx_word' id='word_1_452' title='bbox 1172 5245 1239 5299; x_wconf 89' lang='lat' dir='ltr'><strong>ad</strong></span> <span class='ocrx_word' id='word_1_453' title='bbox 1265 5262 1386 5300; x_wconf 86' lang='lat' dir='ltr'><strong>eam</strong></span> <span class='ocrx_word' id='word_1_454' title='bbox 1420 5258 1632 5317; x_wconf 88' lang='lat' dir='ltr'><strong>partem</strong></span> <span class='ocrx_word' id='word_1_455' title='bbox 1662 5248 1925 5311; x_wconf 86' lang='lat' dir='ltr'><strong>venienti,</strong></span> <span class='ocrx_word' id='word_1_456' title='bbox 1952 5265 2073 5317; x_wconf 73' lang='lat' dir='ltr'><strong>qum</strong></span> 
     </span>
    </p>
   </div>
   <div class='ocr_carea' id='block_1_71' title="bbox 490 5335 2069 5408">
    <p class='ocr_par' dir='ltr' id='par_1_71' title="bbox 490 5335 2069 5408">
     <span class='ocr_line' id='line_1_71' title="bbox 490 5335 2069 5408; baseline 0 -15"><span class='ocrx_word' id='word_1_457' title='bbox 490 5336 786 5408; x_wconf 79' lang='lat' dir='ltr'><strong>Cyresticae</strong></span> <span class='ocrx_word' id='word_1_458' title='bbox 820 5335 1031 5406; x_wconf 86' lang='lat' dir='ltr'><strong>regioni</strong></span> <span class='ocrx_word' id='word_1_459' title='bbox 1063 5335 1131 5389; x_wconf 89' lang='lat' dir='ltr'><strong>ad</strong></span> <span class='ocrx_word' id='word_1_460' title='bbox 1174 5345 1422 5391; x_wconf 86' lang='lat' dir='ltr'><strong>austrum</strong></span> <span class='ocrx_word' id='word_1_461' title='bbox 1457 5338 1559 5391; x_wconf 87' lang='lat' dir='ltr'><strong>sita</strong></span> <span class='ocrx_word' id='word_1_462' title='bbox 1591 5348 1696 5404; x_wconf 81' lang='lat' dir='ltr'><strong>est,</strong></span> <span class='ocrx_word' id='word_1_463' title='bbox 1733 5358 1749 5389; x_wconf 75' lang='grc' dir='ltr'><strong>ι</strong></span> <span class='ocrx_word' id='word_1_464' title='bbox 1786 5350 1842 5393; x_wconf 91' lang='lat' dir='ltr'><strong>et</strong></span> <span class='ocrx_word' id='word_1_465' title='bbox 1878 5355 2069 5408; x_wconf 87' lang='lat' dir='ltr'><strong>panes,</strong></span> 
     </span>
    </p>
   </div>
   <div class='ocr_carea' id='block_1_72' title="bbox 492 5429 2068 5493">
    <p class='ocr_par' dir='ltr' id='par_1_72' title="bbox 492 5429 2068 5493">
     <span class='ocr_line' id='line_1_72' title="bbox 492 5429 2068 5493; baseline 0.001 -7"><span class='ocrx_word' id='word_1_466' title='bbox 492 5439 548 5486; x_wconf 84' lang='lat' dir='ltr'><strong>et</strong></span> <span class='ocrx_word' id='word_1_467' title='bbox 582 5429 815 5493; x_wconf 89' lang='lat' dir='ltr'><strong>fructus,</strong></span> <span class='ocrx_word' id='word_1_468' title='bbox 840 5438 895 5483; x_wconf 89' lang='lat' dir='ltr'><strong>et</strong></span> <span class='ocrx_word' id='word_1_469' title='bbox 924 5430 1126 5484; x_wconf 87' lang='lat' dir='ltr'><strong>lentem</strong></span> <span class='ocrx_word' id='word_1_470' title='bbox 1166 5429 1525 5485; x_wconf 87' lang='lat' dir='ltr'><strong>madefactam</strong></span> <span class='ocrx_word' id='word_1_471' title='bbox 1572 5431 1845 5485; x_wconf 83' lang='lat' dir='ltr'><strong>mittebat.</strong></span> <span class='ocrx_word' id='word_1_472' title='bbox 1888 5450 1906 5482; x_wconf 77' lang='grc' dir='ltr'><strong>ι</strong></span> <span class='ocrx_word' id='word_1_473' title='bbox 1951 5433 2068 5487; x_wconf 83' lang='grc' dir='ltr'><strong>Νοη</strong></span> 
     </span>
    </p>
   </div>
   <div class='ocr_carea' id='block_1_73' title="bbox 493 5520 2072 5593">
    <p class='ocr_par' dir='ltr' id='par_1_73' title="bbox 493 5520 2072 5593">
     <span class='ocr_line' id='line_1_73' title="bbox 493 5520 2072 5593; baseline 0.001 -16"><span class='ocrx_word' id='word_1_474' title='bbox 493 5522 599 5579; x_wconf 82' lang='lat' dir='ltr'><strong>alia</strong></span> <span class='ocrx_word' id='word_1_475' title='bbox 635 5522 824 5586; x_wconf 81' lang='lat' dir='ltr'><strong>procul</strong></span> <span class='ocrx_word' id='word_1_476' title='bbox 860 5520 1032 5576; x_wconf 83' lang='lat' dir='ltr'><strong>dubio</strong></span> <span class='ocrx_word' id='word_1_477' title='bbox 1080 5522 1148 5577; x_wconf 86' lang='lat' dir='ltr'><strong>de</strong></span> <span class='ocrx_word' id='word_1_478' title='bbox 1201 5539 1386 5587; x_wconf 84' lang='lat' dir='ltr'><strong>causa,</strong></span> <span class='ocrx_word' id='word_1_479' title='bbox 1425 5538 1589 5593; x_wconf 87' lang='lat' dir='ltr'><strong>quam</strong></span> <span class='ocrx_word' id='word_1_480' title='bbox 1630 5523 1759 5592; x_wconf 89' lang='lat' dir='ltr'><strong>quia</strong></span> <span class='ocrx_word' id='word_1_481' title='bbox 1805 5523 1892 5577; x_wconf 81' lang='lat' dir='ltr'><strong>liis</strong></span> <span class='ocrx_word' id='word_1_482' title='bbox 1927 5526 2072 5583; x_wconf 65' lang='lat' dir='ltr'><strong>vesci</strong></span> 
     </span>
    </p>
   </div>
   <div class='ocr_carea' id='block_1_74' title="bbox 2169 1939 2505 1996">
    <p class='ocr_par' dir='ltr' id='par_1_74' title="bbox 2169 1939 2505 1996">
     <span class='ocr_line' id='line_1_74' title="bbox 2169 1939 2505 1996; baseline -0.012 0"><span class='ocrx_word' id='word_1_483' title='bbox 2169 1949 2366 1996; x_wconf 88' lang='lat' dir='ltr'><strong>strum.</strong></span> <span class='ocrx_word' id='word_1_484' title='bbox 2401 1959 2420 1993; x_wconf 72' lang='grc' dir='ltr'><strong>ι</strong></span> <span class='ocrx_word' id='word_1_485' title='bbox 2501 1939 2505 1943; x_wconf 84' lang='grc'><em>’</em></span> 
     </span>
    </p>
   </div>
   <div class='ocr_carea' id='block_1_75' title="bbox 2484 2082 3416 2157">
    <p class='ocr_par' dir='ltr' id='par_1_75' title="bbox 2484 2082 3416 2157">
     <span class='ocr_line' id='line_1_75' title="bbox 2484 2082 3416 2157; baseline -0.014 -11"><span class='ocrx_word' id='word_1_486' title='bbox 2484 2084 2644 2155; x_wconf 81' lang='lat'><strong>303</strong></span> <span class='ocrx_word' id='word_1_487' title='bbox 2669 2084 2695 2157; x_wconf 65' lang='grc' dir='ltr'><strong>ς</strong></span> <span class='ocrx_word' id='word_1_488' title='bbox 2722 2085 2809 2142; x_wconf 80' lang='lat' dir='ltr'><strong>IV.</strong></span> <span class='ocrx_word' id='word_1_489' title='bbox 2837 2084 3021 2142; x_wconf 82' lang='lat' dir='ltr'><strong>Oratio</strong></span> <span class='ocrx_word' id='word_1_490' title='bbox 3045 2083 3108 2136; x_wconf 86' lang='lat' dir='ltr'><strong>de</strong></span> <span class='ocrx_word' id='word_1_491' title='bbox 3137 2082 3416 2137; x_wconf 66' lang='lat' dir='ltr'><strong>Chai-itote.</strong></span> 
     </span>
    </p>
   </div>
   <div class='ocr_carea' id='block_1_76' title="bbox 2239 2209 3727 2276">
    <p class='ocr_par' dir='ltr' id='par_1_76' title="bbox 2239 2209 3727 2276">
     <span class='ocr_line' id='line_1_76' title="bbox 2239 2209 3727 2276; baseline -0.009 -2"><span class='ocrx_word' id='word_1_492' title='bbox 2239 2219 2281 2274; x_wconf 85' lang='grc' dir='ltr'><strong>Ι.</strong></span> <span class='ocrx_word' id='word_1_493' title='bbox 2346 2219 2508 2274; x_wconf 89' lang='lat' dir='ltr'><strong>Ducit</strong></span> <span class='ocrx_word' id='word_1_494' title='bbox 2581 2221 2872 2276; x_wconf 78' lang='lat' dir='ltr'><strong>exordium</strong></span> <span class='ocrx_word' id='word_1_495' title='bbox 2920 2229 3117 2275; x_wconf 91' lang='lat' dir='ltr'><strong>auctor</strong></span> <span class='ocrx_word' id='word_1_496' title='bbox 3173 2218 3244 2272; x_wconf 86' lang='lat' dir='ltr'><strong>ab</strong></span> <span class='ocrx_word' id='word_1_497' title='bbox 3279 2216 3434 2271; x_wconf 88' lang='lat' dir='ltr'><strong>hisce</strong></span> <span class='ocrx_word' id='word_1_498' title='bbox 3498 2209 3668 2267; x_wconf 80' lang='lat' dir='ltr'><strong>verbis</strong></span> <span class='ocrx_word' id='word_1_499' title='bbox 3712 2222 3727 2261; x_wconf 78' lang='lat'><strong>&#39;.</strong></span> 
     </span>
    </p>
   </div>
   <div class='ocr_carea' id='block_1_77' title="bbox 2178 2304 3724 2380">
    <p class='ocr_par' dir='ltr' id='par_1_77' title="bbox 2178 2304 3724 2380">
     <span class='ocr_line' id='line_1_77' title="bbox 2178 2304 3724 2380; baseline -0.006 -17"><span class='ocrx_word' id='word_1_500' title='bbox 2178 2328 2196 2362; x_wconf 79' lang='grc' dir='ltr'><strong>ι</strong></span> <span class='ocrx_word' id='word_1_501' title='bbox 2225 2310 2425 2376; x_wconf 83' lang='lat' dir='ltr'><strong>Quanti</strong></span> <span class='ocrx_word' id='word_1_502' title='bbox 2456 2309 2567 2366; x_wconf 89' lang='lat' dir='ltr'><strong>sint</strong></span> <span class='ocrx_word' id='word_1_503' title='bbox 2594 2310 2818 2367; x_wconf 85' lang='lat' dir='ltr'><strong>virtutis</strong></span> <span class='ocrx_word' id='word_1_504' title='bbox 2838 2312 3080 2378; x_wconf 61' lang='lat' dir='ltr'><strong>athletae,</strong></span> <span class='ocrx_word' id='word_1_505' title='bbox 3108 2319 3345 2380; x_wconf 89' lang='lat' dir='ltr'><strong>etquam</strong></span> <span class='ocrx_word' id='word_1_506' title='bbox 3380 2304 3581 2369; x_wconf 84' lang='lat' dir='ltr'><strong>multis,</strong></span> <span class='ocrx_word' id='word_1_507' title='bbox 3607 2317 3724 2372; x_wconf 87' lang='lat' dir='ltr'><strong>qua-</strong></span> 
     </span>
    </p>
   </div>
   <div class='ocr_carea' id='block_1_78' title="bbox 2168 2396 3728 2476">
    <p class='ocr_par' dir='ltr' id='par_1_78' title="bbox 2168 2396 3728 2476">
     <span class='ocr_line' id='line_1_78' title="bbox 2168 2396 3728 2476; baseline -0.008 -19"><span class='ocrx_word' id='word_1_508' title='bbox 2168 2402 2424 2473; x_wconf 89' lang='lat' dir='ltr'><strong>libusque</strong></span> <span class='ocrx_word' id='word_1_509' title='bbox 2462 2404 2688 2460; x_wconf 91' lang='lat' dir='ltr'><strong>coronis</strong></span> <span class='ocrx_word' id='word_1_510' title='bbox 2720 2403 2988 2476; x_wconf 83' lang='lat' dir='ltr'><strong>fulgeant,</strong></span> <span class='ocrx_word' id='word_1_511' title='bbox 3025 2402 3319 2475; x_wconf 88' lang='lat' dir='ltr'><strong>perspicue</strong></span> <span class='ocrx_word' id='word_1_512' title='bbox 3352 2398 3423 2454; x_wconf 86' lang='lat' dir='ltr'><strong>de</strong></span> <span class='ocrx_word' id='word_1_513' title='bbox 3456 2396 3559 2451; x_wconf 91' lang='lat' dir='ltr'><strong>illis</strong></span> <span class='ocrx_word' id='word_1_514' title='bbox 3584 2410 3613 2448; x_wconf 92' lang='lat' dir='ltr'><strong>a</strong></span> <span class='ocrx_word' id='word_1_515' title='bbox 3642 2406 3728 2446; x_wconf 87' lang='lat' dir='ltr'><strong>no-</strong></span> 
     </span>
    </p>
   </div>
   <div class='ocr_carea' id='block_1_79' title="bbox 2170 2488 3729 2566">
    <p class='ocr_par' dir='ltr' id='par_1_79' title="bbox 2170 2488 3729 2566">
     <span class='ocr_line' id='line_1_79' title="bbox 2170 2488 3729 2566; baseline -0.008 -17"><span class='ocrx_word' id='word_1_516' title='bbox 2170 2494 2257 2550; x_wconf 88' lang='lat' dir='ltr'><strong>bis</strong></span> <span class='ocrx_word' id='word_1_517' title='bbox 2277 2496 2608 2566; x_wconf 66' lang='lat' dir='ltr'><strong>conscriptze</strong></span> <span class='ocrx_word' id='word_1_518' title='bbox 2645 2498 2997 2552; x_wconf 89' lang='lat' dir='ltr'><strong>narrationes</strong></span> <span class='ocrx_word' id='word_1_519' title='bbox 3030 2496 3254 2550; x_wconf 85' lang='lat' dir='ltr'><strong>docent.</strong></span> <span class='ocrx_word' id='word_1_520' title='bbox 3294 2512 3311 2544; x_wconf 77' lang='grc' dir='ltr'><strong>ι</strong></span> <span class='ocrx_word' id='word_1_521' title='bbox 3348 2493 3414 2547; x_wconf 90' lang='lat' dir='ltr'><strong>Et</strong></span> <span class='ocrx_word' id='word_1_522' title='bbox 3444 2488 3598 2561; x_wconf 90' lang='lat' dir='ltr'><strong>paulo</strong></span> <span class='ocrx_word' id='word_1_523' title='bbox 3617 2494 3729 2540; x_wconf 88' lang='lat' dir='ltr'><strong>ante</strong></span> 
     </span>
    </p>
   </div>
   <div class='ocr_carea' id='block_1_80' title="bbox 2170 2584 3729 2660">
    <p class='ocr_par' dir='ltr' id='par_1_80' title="bbox 2170 2584 3729 2660">
     <span class='ocr_line' id='line_1_80' title="bbox 2170 2584 3729 2660; baseline -0.007 -18"><span class='ocrx_word' id='word_1_524' title='bbox 2170 2587 2337 2643; x_wconf 84' lang='lat' dir='ltr'><strong>ﬁnem</strong></span> <span class='ocrx_word' id='word_1_525' title='bbox 2367 2606 2380 2642; x_wconf 87' lang='lat'><strong>:</strong></span> <span class='ocrx_word' id='word_1_526' title='bbox 2419 2607 2437 2640; x_wconf 77' lang='grc' dir='ltr'><strong>ι</strong></span> <span class='ocrx_word' id='word_1_527' title='bbox 2467 2588 2642 2660; x_wconf 87' lang='lat' dir='ltr'><strong>Hujus</strong></span> <span class='ocrx_word' id='word_1_528' title='bbox 2658 2589 3093 2659; x_wconf 88' lang='lat' dir='ltr'><strong>pulchritudinis</strong></span> <span class='ocrx_word' id='word_1_529' title='bbox 3122 2603 3312 2643; x_wconf 90' lang='lat' dir='ltr'><strong>amore</strong></span> <span class='ocrx_word' id='word_1_530' title='bbox 3331 2584 3479 2655; x_wconf 90' lang='lat' dir='ltr'><strong>capti</strong></span> <span class='ocrx_word' id='word_1_531' title='bbox 3502 2588 3729 2636; x_wconf 83' lang='lat' dir='ltr'><strong>recentes</strong></span> 
     </span>
    </p>
   </div>
   <div class='ocr_carea' id='block_1_81' title="bbox 2168 2672 3727 2754">
    <p class='ocr_par' dir='ltr' id='par_1_81' title="bbox 2168 2672 3727 2754">
     <span class='ocr_line' id='line_1_81' title="bbox 2168 2672 3727 2754; baseline -0.006 -19"><span class='ocrx_word' id='word_1_532' title='bbox 2168 2682 2391 2738; x_wconf 79' lang='lat' dir='ltr'><strong>virtutis</strong></span> <span class='ocrx_word' id='word_1_533' title='bbox 2435 2682 2675 2747; x_wconf 59' lang='lat' dir='ltr'><strong>athletae,</strong></span> <span class='ocrx_word' id='word_1_534' title='bbox 2714 2699 2953 2754; x_wconf 91' lang='lat' dir='ltr'><strong>quorum</strong></span> <span class='ocrx_word' id='word_1_535' title='bbox 2994 2700 3026 2740; x_wconf 89' lang='lat' dir='ltr'><strong>a</strong></span> <span class='ocrx_word' id='word_1_536' title='bbox 3078 2682 3241 2738; x_wconf 90' lang='lat' dir='ltr'><strong>nobis</strong></span> <span class='ocrx_word' id='word_1_537' title='bbox 3270 2676 3596 2750; x_wconf 88' lang='lat' dir='ltr'><strong>compendio</strong></span> <span class='ocrx_word' id='word_1_538' title='bbox 3620 2672 3727 2729; x_wconf 82' lang='lat' dir='ltr'><strong>Vita</strong></span> 
     </span>
    </p>
   </div>
   <div class='ocr_carea' id='block_1_82' title="bbox 2170 2773 3767 2847">
    <p class='ocr_par' dir='ltr' id='par_1_82' title="bbox 2170 2773 3767 2847">
     <span class='ocr_line' id='line_1_82' title="bbox 2170 2773 3767 2847; baseline -0.006 -19"><span class='ocrx_word' id='word_1_539' title='bbox 2170 2773 2450 2845; x_wconf 89' lang='lat' dir='ltr'><strong>descripta</strong></span> <span class='ocrx_word' id='word_1_540' title='bbox 2476 2783 2581 2840; x_wconf 91' lang='lat' dir='ltr'><strong>est,</strong></span> <span class='ocrx_word' id='word_1_541' title='bbox 2621 2776 2689 2830; x_wconf 89' lang='lat' dir='ltr'><strong>ad</strong></span> <span class='ocrx_word' id='word_1_542' title='bbox 2707 2792 2901 2847; x_wconf 86' lang='lat' dir='ltr'><strong>magna</strong></span> <span class='ocrx_word' id='word_1_543' title='bbox 2930 2777 3021 2831; x_wconf 90' lang='lat' dir='ltr'><strong>illa</strong></span> <span class='ocrx_word' id='word_1_544' title='bbox 3053 2784 3306 2831; x_wconf 89' lang='lat' dir='ltr'><strong>naturam</strong></span> <span class='ocrx_word' id='word_1_545' title='bbox 3332 2774 3619 2828; x_wconf 87' lang='lat' dir='ltr'><strong>humanam</strong></span> <span class='ocrx_word' id='word_1_546' title='bbox 3643 2781 3726 2821; x_wconf 82' lang='lat' dir='ltr'><strong>cx-</strong></span> <span class='ocrx_word' id='word_1_547' title='bbox 3760 2826 3767 2845; x_wconf 48' lang='lat'><strong><em>‘</em></strong></span> 
     </span>
    </p>
   </div>
   <div class='ocr_carea' id='block_1_83' title="bbox 2171 2858 3728 2936">
    <p class='ocr_par' dir='ltr' id='par_1_83' title="bbox 2171 2858 3728 2936">
     <span class='ocr_line' id='line_1_83' title="bbox 2171 2858 3728 2936; baseline -0.007 -15"><span class='ocrx_word' id='word_1_548' title='bbox 2171 2866 2424 2921; x_wconf 90' lang='lat' dir='ltr'><strong>cedentia</strong></span> <span class='ocrx_word' id='word_1_549' title='bbox 2468 2866 2726 2936; x_wconf 89' lang='lat' dir='ltr'><strong>prodiere</strong></span> <span class='ocrx_word' id='word_1_550' title='bbox 2767 2865 3092 2922; x_wconf 88' lang='lat' dir='ltr'><strong>certamina.</strong></span> <span class='ocrx_word' id='word_1_551' title='bbox 3123 2885 3140 2917; x_wconf 76' lang='grc' dir='ltr'><strong>ι</strong></span> <span class='ocrx_word' id='word_1_552' title='bbox 3177 2865 3292 2920; x_wconf 86' lang='lat' dir='ltr'><strong>Sub</strong></span> <span class='ocrx_word' id='word_1_553' title='bbox 3342 2863 3580 2918; x_wconf 90' lang='lat' dir='ltr'><strong>medium</strong></span> <span class='ocrx_word' id='word_1_554' title='bbox 3606 2858 3728 2912; x_wconf 86' lang='lat' dir='ltr'><strong>allu-</strong></span> 
     </span>
    </p>
   </div>
   <div class='ocr_carea' id='block_1_84' title="bbox 2171 2950 3731 3031">
    <p class='ocr_par' dir='ltr' id='par_1_84' title="bbox 2171 2950 3731 3031">
     <span class='ocr_line' id='line_1_84' title="bbox 2171 2950 3731 3031; baseline -0.007 -17"><span class='ocrx_word' id='word_1_555' title='bbox 2171 2958 2309 3014; x_wconf 88' lang='lat' dir='ltr'><strong>deus</strong></span> <span class='ocrx_word' id='word_1_556' title='bbox 2346 2958 2415 3012; x_wconf 89' lang='lat' dir='ltr'><strong>ad</strong></span> <span class='ocrx_word' id='word_1_557' title='bbox 2444 2975 2645 3014; x_wconf 90' lang='lat' dir='ltr'><strong>nomen</strong></span> <span class='ocrx_word' id='word_1_558' title='bbox 2668 3001 2682 3025; x_wconf 94' lang='lat'><strong>,</strong></span> <span class='ocrx_word' id='word_1_559' title='bbox 2724 2975 2836 3030; x_wconf 91' lang='lat' dir='ltr'><strong>quo</strong></span> <span class='ocrx_word' id='word_1_560' title='bbox 2884 2958 3209 3031; x_wconf 75' lang='lat' dir='ltr'><strong>Religiosum</strong></span> <span class='ocrx_word' id='word_1_561' title='bbox 3257 2958 3535 3012; x_wconf 78' lang='lat' dir='ltr'><strong>historiam</strong></span> <span class='ocrx_word' id='word_1_562' title='bbox 3561 2950 3731 3008; x_wconf 70' lang='lat' dir='ltr'><strong>inscri~</strong></span> 
     </span>
    </p>
   </div>
   <div class='ocr_carea' id='block_1_85' title="bbox 2171 3040 3735 3123">
    <p class='ocr_par' dir='ltr' id='par_1_85' title="bbox 2171 3040 3735 3123">
     <span class='ocr_line' id='line_1_85' title="bbox 2171 3040 3735 3123; baseline -0.006 -18"><span class='ocrx_word' id='word_1_563' title='bbox 2171 3058 2402 3122; x_wconf 87' lang='lat' dir='ltr'><strong>pserat:</strong></span> <span class='ocrx_word' id='word_1_564' title='bbox 2444 3040 2464 3101; x_wconf 57' lang='grc' dir='ltr'><strong><em>ε</em></strong></span> <span class='ocrx_word' id='word_1_565' title='bbox 2514 3050 2617 3118; x_wconf 87' lang='lat' dir='ltr'><strong>Qui</strong></span> <span class='ocrx_word' id='word_1_566' title='bbox 2651 3051 2820 3123; x_wconf 82' lang='lat' dir='ltr'><strong>igitur</strong></span> <span class='ocrx_word' id='word_1_567' title='bbox 2858 3068 2988 3107; x_wconf 88' lang='lat' dir='ltr'><strong>vere</strong></span> <span class='ocrx_word' id='word_1_568' title='bbox 3042 3060 3128 3107; x_wconf 91' lang='lat' dir='ltr'><strong>est</strong></span> <span class='ocrx_word' id='word_1_569' title='bbox 3176 3050 3571 3122; x_wconf 87' lang='lat' dir='ltr'><strong>philosophus,</strong></span> <span class='ocrx_word' id='word_1_570' title='bbox 3612 3046 3653 3099; x_wconf 90' lang='lat' dir='ltr'><strong>is</strong></span> <span class='ocrx_word' id='word_1_571' title='bbox 3685 3052 3735 3097; x_wconf 87' lang='lat' dir='ltr'><strong>et</strong></span> 
     </span>
    </p>
   </div>
   <div class='ocr_carea' id='block_1_86' title="bbox 2172 3141 3120 3212">
    <p class='ocr_par' dir='ltr' id='par_1_86' title="bbox 2172 3141 3120 3212">
     <span class='ocr_line' id='line_1_86' title="bbox 2172 3141 3120 3212; baseline 0 -18"><span class='ocrx_word' id='word_1_572' title='bbox 2172 3141 2635 3212; x_wconf 87' lang='lat' dir='ltr'><strong>pbilotheusjurc</strong></span> <span class='ocrx_word' id='word_1_573' title='bbox 2661 3143 2971 3212; x_wconf 87' lang='lat' dir='ltr'><strong>appelletur</strong></span> <span class='ocrx_word' id='word_1_574' title='bbox 3005 3142 3070 3196; x_wconf 66' lang='grc' dir='ltr'><strong>³ο.</strong></span> <span class='ocrx_word' id='word_1_575' title='bbox 3103 3162 3120 3194; x_wconf 76' lang='grc' dir='ltr'><strong>ι</strong></span> 
     </span>
    </p>
   </div>
   <div class='ocr_carea' id='block_1_87' title="bbox 2240 3227 3735 3290">
    <p class='ocr_par' dir='ltr' id='par_1_87' title="bbox 2240 3227 3735 3290">
     <span class='ocr_line' id='line_1_87' title="bbox 2240 3227 3735 3290; baseline -0.006 -2"><span class='ocrx_word' id='word_1_576' title='bbox 2240 3233 2305 3288; x_wconf 88' lang='lat' dir='ltr'><strong>ll.</strong></span> <span class='ocrx_word' id='word_1_577' title='bbox 2336 3233 2469 3288; x_wconf 84' lang='lat' dir='ltr'><strong>Inde</strong></span> <span class='ocrx_word' id='word_1_578' title='bbox 2512 3243 2730 3289; x_wconf 87' lang='lat' dir='ltr'><strong>constat</strong></span> <span class='ocrx_word' id='word_1_579' title='bbox 2773 3235 3032 3290; x_wconf 88' lang='lat' dir='ltr'><strong>eumdem</strong></span> <span class='ocrx_word' id='word_1_580' title='bbox 3073 3250 3196 3290; x_wconf 87' lang='lat' dir='ltr'><strong>esse</strong></span> <span class='ocrx_word' id='word_1_581' title='bbox 3243 3243 3531 3289; x_wconf 89' lang='lat' dir='ltr'><strong>auctorem</strong></span> <span class='ocrx_word' id='word_1_582' title='bbox 3573 3227 3735 3285; x_wconf 76' lang='lat' dir='ltr'><strong>Philo-</strong></span> 
     </span>
    </p>
   </div>
   <div class='ocr_carea' id='block_1_88' title="bbox 2173 3324 3732 3397">
    <p class='ocr_par' dir='ltr' id='par_1_88' title="bbox 2173 3324 3732 3397">
     <span class='ocr_line' id='line_1_88' title="bbox 2173 3324 3732 3397; baseline -0.006 -17"><span class='ocrx_word' id='word_1_583' title='bbox 2173 3328 2277 3380; x_wconf 83' lang='lat' dir='ltr'><strong>thei</strong></span> <span class='ocrx_word' id='word_1_584' title='bbox 2302 3342 2367 3381; x_wconf 90' lang='lat' dir='ltr'><strong>ac</strong></span> <span class='ocrx_word' id='word_1_585' title='bbox 2385 3324 2654 3381; x_wconf 84' lang='lat' dir='ltr'><strong>Sermonis</strong></span> <span class='ocrx_word' id='word_1_586' title='bbox 2685 3328 2747 3380; x_wconf 85' lang='lat' dir='ltr'><strong>de</strong></span> <span class='ocrx_word' id='word_1_587' title='bbox 2782 3328 3062 3391; x_wconf 80' lang='lat' dir='ltr'><strong>charitate,</strong></span> <span class='ocrx_word' id='word_1_588' title='bbox 3091 3342 3292 3397; x_wconf 89' lang='lat' dir='ltr'><strong>nempe</strong></span> <span class='ocrx_word' id='word_1_589' title='bbox 3320 3324 3732 3381; x_wconf 88' lang='lat' dir='ltr'><strong>Thcodoretum.</strong></span> 
     </span>
    </p>
   </div>
   <div class='ocr_carea' id='block_1_89' title="bbox 2170 3415 3734 3489">
    <p class='ocr_par' dir='ltr' id='par_1_89' title="bbox 2170 3415 3734 3489">
     <span class='ocr_line' id='line_1_89' title="bbox 2170 3415 3734 3489; baseline -0.007 -15"><span class='ocrx_word' id='word_1_590' title='bbox 2170 3417 2399 3474; x_wconf 90' lang='lat' dir='ltr'><strong>Constat</strong></span> <span class='ocrx_word' id='word_1_591' title='bbox 2428 3427 2484 3473; x_wconf 90' lang='lat' dir='ltr'><strong>et</strong></span> <span class='ocrx_word' id='word_1_592' title='bbox 2514 3417 2819 3473; x_wconf 86' lang='lat' dir='ltr'><strong>Sermonem</strong></span> <span class='ocrx_word' id='word_1_593' title='bbox 2858 3429 2983 3489; x_wconf 86' lang='lat' dir='ltr'><strong>post</strong></span> <span class='ocrx_word' id='word_1_594' title='bbox 3011 3419 3347 3474; x_wconf 78' lang='lat' dir='ltr'><strong>Plzilotheum</strong></span> <span class='ocrx_word' id='word_1_595' title='bbox 3387 3415 3734 3484; x_wconf 90' lang='lat' dir='ltr'><strong>conscriptum</strong></span> 
     </span>
    </p>
   </div>
   <div class='ocr_carea' id='block_1_90' title="bbox 2171 3508 3733 3580">
    <p class='ocr_par' dir='ltr' id='par_1_90' title="bbox 2171 3508 3733 3580">
     <span class='ocr_line' id='line_1_90' title="bbox 2171 3508 3733 3580; baseline -0.005 -16"><span class='ocrx_word' id='word_1_596' title='bbox 2171 3524 2312 3575; x_wconf 89' lang='lat' dir='ltr'><strong>esse,</strong></span> <span class='ocrx_word' id='word_1_597' title='bbox 2346 3517 2512 3579; x_wconf 89' lang='lat' dir='ltr'><strong>atque</strong></span> <span class='ocrx_word' id='word_1_598' title='bbox 2552 3510 2627 3564; x_wconf 91' lang='lat' dir='ltr'><strong>ita</strong></span> <span class='ocrx_word' id='word_1_599' title='bbox 2651 3509 2755 3580; x_wconf 88' lang='lat' dir='ltr'><strong>ipsi</strong></span> <span class='ocrx_word' id='word_1_600' title='bbox 2781 3525 2892 3565; x_wconf 91' lang='lat' dir='ltr'><strong>non</strong></span> <span class='ocrx_word' id='word_1_601' title='bbox 2923 3511 3022 3566; x_wconf 90' lang='lat' dir='ltr'><strong>abs</strong></span> <span class='ocrx_word' id='word_1_602' title='bbox 3048 3527 3106 3565; x_wconf 90' lang='lat' dir='ltr'><strong>re</strong></span> <span class='ocrx_word' id='word_1_603' title='bbox 3132 3511 3187 3564; x_wconf 90' lang='lat' dir='ltr'><strong>in</strong></span> <span class='ocrx_word' id='word_1_604' title='bbox 3211 3508 3545 3580; x_wconf 88' lang='lat' dir='ltr'><strong>quibusdam</strong></span> <span class='ocrx_word' id='word_1_605' title='bbox 3566 3517 3733 3560; x_wconf 78' lang='lat' dir='ltr'><strong>exem-</strong></span> 
     </span>
    </p>
   </div>
   <div class='ocr_carea' id='block_1_91' title="bbox 2170 3599 3736 3674">
    <p class='ocr_par' dir='ltr' id='par_1_91' title="bbox 2170 3599 3736 3674">
     <span class='ocr_line' id='line_1_91' title="bbox 2170 3599 3736 3674; baseline -0.006 -18"><span class='ocrx_word' id='word_1_606' title='bbox 2170 3602 2418 3672; x_wconf 87' lang='lat' dir='ltr'><strong>plaribus</strong></span> <span class='ocrx_word' id='word_1_607' title='bbox 2442 3603 2641 3674; x_wconf 90' lang='lat' dir='ltr'><strong>subjici</strong></span> <span class='ocrx_word' id='word_1_608' title='bbox 2669 3603 2712 3634; x_wconf 76' lang='lat'>“</span> <span class='ocrx_word' id='word_1_609' title='bbox 2751 3621 2764 3658; x_wconf 90' lang='lat'><strong>:</strong></span> <span class='ocrx_word' id='word_1_610' title='bbox 2799 3603 3072 3673; x_wconf 89' lang='lat' dir='ltr'><strong>siquidem</strong></span> <span class='ocrx_word' id='word_1_611' title='bbox 3104 3617 3326 3658; x_wconf 90' lang='lat' dir='ltr'><strong>causam</strong></span> <span class='ocrx_word' id='word_1_612' title='bbox 3363 3599 3736 3665; x_wconf 80' lang='lat' dir='ltr'><strong>ostendat,qua</strong></span> 
     </span>
    </p>
   </div>
   <div class='ocr_carea' id='block_1_92' title="bbox 2172 3692 3735 3764">
    <p class='ocr_par' dir='ltr' id='par_1_92' title="bbox 2172 3692 3735 3764">
     <span class='ocr_line' id='line_1_92' title="bbox 2172 3692 3735 3764; baseline -0.005 -17"><span class='ocrx_word' id='word_1_613' title='bbox 2172 3693 2395 3764; x_wconf 88' lang='lat' dir='ltr'><strong>impulsi</strong></span> <span class='ocrx_word' id='word_1_614' title='bbox 2418 3694 2776 3751; x_wconf 86' lang='lat' dir='ltr'><strong>admirabiles</strong></span> <span class='ocrx_word' id='word_1_615' title='bbox 2808 3696 2886 3749; x_wconf 90' lang='lat' dir='ltr'><strong>illi</strong></span> <span class='ocrx_word' id='word_1_616' title='bbox 2917 3695 3021 3749; x_wconf 77' lang='lat' dir='ltr'><strong>viri</strong></span> <span class='ocrx_word' id='word_1_617' title='bbox 3050 3694 3116 3749; x_wconf 91' lang='lat' dir='ltr'><strong>ad</strong></span> <span class='ocrx_word' id='word_1_618' title='bbox 3139 3693 3445 3749; x_wconf 87' lang='lat' dir='ltr'><strong>certamina</strong></span> <span class='ocrx_word' id='word_1_619' title='bbox 3466 3692 3735 3746; x_wconf 88' lang='lat' dir='ltr'><strong>humanam</strong></span> 
     </span>
    </p>
   </div>
   <div class='ocr_carea' id='block_1_93' title="bbox 2170 3784 3152 3858">
    <p class='ocr_par' dir='ltr' id='par_1_93' title="bbox 2170 3784 3152 3858">
     <span class='ocr_line' id='line_1_93' title="bbox 2170 3784 3152 3858; baseline 0.001 -19"><span class='ocrx_word' id='word_1_620' title='bbox 2170 3793 2429 3840; x_wconf 89' lang='lat' dir='ltr'><strong>naturam</strong></span> <span class='ocrx_word' id='word_1_621' title='bbox 2445 3786 2768 3841; x_wconf 86' lang='lat' dir='ltr'><strong>excedentia</strong></span> <span class='ocrx_word' id='word_1_622' title='bbox 2805 3784 3152 3858; x_wconf 50' lang='lat' dir='ltr'><strong>prodierint</strong></span> 
     </span>
    </p>
   </div>
   <div class='ocr_carea' id='block_1_94' title="bbox 2243 3877 3737 3936">
    <p class='ocr_par' dir='ltr' id='par_1_94' title="bbox 2243 3877 3737 3936">
     <span class='ocr_line' id='line_1_94' title="bbox 2243 3877 3737 3936; baseline -0.005 -4"><span class='ocrx_word' id='word_1_623' title='bbox 2243 3877 2334 3932; x_wconf 88' lang='lat' dir='ltr'><strong>Ill.</strong></span> <span class='ocrx_word' id='word_1_624' title='bbox 2364 3877 2493 3932; x_wconf 90' lang='lat' dir='ltr'><strong>Fuit</strong></span> <span class='ocrx_word' id='word_1_625' title='bbox 2520 3887 2703 3934; x_wconf 90' lang='lat' dir='ltr'><strong>tamen</strong></span> <span class='ocrx_word' id='word_1_626' title='bbox 2739 3879 2916 3934; x_wconf 90' lang='lat' dir='ltr'><strong>altera</strong></span> <span class='ocrx_word' id='word_1_627' title='bbox 2956 3878 3122 3934; x_wconf 90' lang='lat' dir='ltr'><strong>etiam</strong></span> <span class='ocrx_word' id='word_1_628' title='bbox 3163 3877 3445 3934; x_wconf 90' lang='lat' dir='ltr'><strong>scribendi</strong></span> <span class='ocrx_word' id='word_1_629' title='bbox 3480 3889 3655 3936; x_wconf 89' lang='lat' dir='ltr'><strong>causa,</strong></span> <span class='ocrx_word' id='word_1_630' title='bbox 3686 3877 3737 3925; x_wconf 83' lang='lat' dir='ltr'><strong>ut</strong></span> 
     </span>
    </p>
   </div>
   <div class='ocr_carea' id='block_1_95' title="bbox 2171 3961 3740 4035">
    <p class='ocr_par' dir='ltr' id='par_1_95' title="bbox 2171 3961 3740 4035">
     <span class='ocr_line' id='line_1_95' title="bbox 2171 3961 3740 4035; baseline -0.006 -11"><span class='ocrx_word' id='word_1_631' title='bbox 2171 3968 2538 4024; x_wconf 87' lang='lat' dir='ltr'><strong>constantiam</strong></span> <span class='ocrx_word' id='word_1_632' title='bbox 2569 3969 2739 4024; x_wconf 92' lang='lat' dir='ltr'><strong>animi</strong></span> <span class='ocrx_word' id='word_1_633' title='bbox 2771 3970 2880 4035; x_wconf 90' lang='lat' dir='ltr'><strong>sui,</strong></span> <span class='ocrx_word' id='word_1_634' title='bbox 2926 3969 3057 4024; x_wconf 89' lang='lat' dir='ltr'><strong>dum</strong></span> <span class='ocrx_word' id='word_1_635' title='bbox 3089 3968 3469 4025; x_wconf 89' lang='lat' dir='ltr'><strong>calamitatum</strong></span> <span class='ocrx_word' id='word_1_636' title='bbox 3497 3966 3632 4022; x_wconf 90' lang='lat' dir='ltr'><strong>mole</strong></span> <span class='ocrx_word' id='word_1_637' title='bbox 3654 3961 3740 4017; x_wconf 84' lang='lat' dir='ltr'><strong>ob-</strong></span> 
     </span>
    </p>
   </div>
   <div class='ocr_carea' id='block_1_96' title="bbox 2171 4057 3734 4127">
    <p class='ocr_par' dir='ltr' id='par_1_96' title="bbox 2171 4057 3734 4127">
     <span class='ocr_line' id='line_1_96' title="bbox 2171 4057 3734 4127; baseline 0.001 -13"><span class='ocrx_word' id='word_1_638' title='bbox 2171 4067 2447 4126; x_wconf 74' lang='lat' dir='ltr'><strong>tueretur,</strong></span> <span class='ocrx_word' id='word_1_639' title='bbox 2463 4075 2575 4116; x_wconf 91' lang='lat' dir='ltr'><strong>non</strong></span> <span class='ocrx_word' id='word_1_640' title='bbox 2589 4069 2897 4117; x_wconf 89' lang='lat' dir='ltr'><strong>ascetarum</strong></span> <span class='ocrx_word' id='word_1_641' title='bbox 2914 4061 3099 4127; x_wconf 91' lang='lat' dir='ltr'><strong>modo,</strong></span> <span class='ocrx_word' id='word_1_642' title='bbox 3121 4062 3219 4117; x_wconf 89' lang='lat' dir='ltr'><strong>sed</strong></span> <span class='ocrx_word' id='word_1_643' title='bbox 3237 4071 3551 4117; x_wconf 88' lang='lat' dir='ltr'><strong>sanctorum</strong></span> <span class='ocrx_word' id='word_1_644' title='bbox 3566 4057 3734 4115; x_wconf 72' lang='lat' dir='ltr'><strong>etiam.</strong></span> 
     </span>
    </p>
   </div>
   <div class='ocr_carea' id='block_1_97' title="bbox 2170 4144 3735 4225">
    <p class='ocr_par' dir='ltr' id='par_1_97' title="bbox 2170 4144 3735 4225">
     <span class='ocr_line' id='line_1_97' title="bbox 2170 4144 3735 4225; baseline -0.006 -18"><span class='ocrx_word' id='word_1_645' title='bbox 2170 4168 2409 4224; x_wconf 90' lang='lat' dir='ltr'><strong>quorum</strong></span> <span class='ocrx_word' id='word_1_646' title='bbox 2469 4152 2757 4225; x_wconf 88' lang='lat' dir='ltr'><strong>Scriptura</strong></span> <span class='ocrx_word' id='word_1_647' title='bbox 2833 4154 3100 4220; x_wconf 76' lang='lat' dir='ltr'><strong>meminit,</strong></span> <span class='ocrx_word' id='word_1_648' title='bbox 3188 4154 3482 4224; x_wconf 89' lang='lat' dir='ltr'><strong>ipsiusque</strong></span> <span class='ocrx_word' id='word_1_649' title='bbox 3545 4144 3735 4206; x_wconf 87' lang='lat' dir='ltr'><strong>Chriin</strong></span> 
     </span>
    </p>
   </div>
   <div class='ocr_carea' id='block_1_98' title="bbox 2171 4242 3737 4315">
    <p class='ocr_par' dir='ltr' id='par_1_98' title="bbox 2171 4242 3737 4315">
     <span class='ocr_line' id='line_1_98' title="bbox 2171 4242 3737 4315; baseline -0.007 -15"><span class='ocrx_word' id='word_1_650' title='bbox 2171 4245 2438 4315; x_wconf 78' lang='lat' dir='ltr'><strong>exemplis</strong></span> <span class='ocrx_word' id='word_1_651' title='bbox 2455 4251 2815 4300; x_wconf 88' lang='lat' dir='ltr'><strong>sustentaret.</strong></span> <span class='ocrx_word' id='word_1_652' title='bbox 2836 4244 2976 4299; x_wconf 81' lang='lat' dir='ltr'><strong>Hinc</strong></span> <span class='ocrx_word' id='word_1_653' title='bbox 2992 4244 3253 4299; x_wconf 87' lang='lat' dir='ltr'><strong>laudibus</strong></span> <span class='ocrx_word' id='word_1_654' title='bbox 3270 4243 3488 4299; x_wconf 84' lang='lat' dir='ltr'><strong>extollit</strong></span> <span class='ocrx_word' id='word_1_655' title='bbox 3511 4242 3737 4310; x_wconf 88' lang='lat' dir='ltr'><strong>ipsorum</strong></span> 
     </span>
    </p>
   </div>
   <div class='ocr_carea' id='block_1_99' title="bbox 2171 4328 3736 4407">
    <p class='ocr_par' dir='ltr' id='par_1_99' title="bbox 2171 4328 3736 4407">
     <span class='ocr_line' id='line_1_99' title="bbox 2171 4328 3736 4407; baseline -0.005 -17"><span class='ocrx_word' id='word_1_656' title='bbox 2171 4334 2702 4407; x_wconf 81' lang='lat' dir='ltr'><strong>magnanimitatem,</strong></span> <span class='ocrx_word' id='word_1_657' title='bbox 2732 4335 2787 4390; x_wconf 92' lang='lat' dir='ltr'><strong>in</strong></span> <span class='ocrx_word' id='word_1_658' title='bbox 2817 4336 3170 4404; x_wconf 87' lang='lat' dir='ltr'><strong>carceribus,</strong></span> <span class='ocrx_word' id='word_1_659' title='bbox 3204 4336 3423 4401; x_wconf 86' lang='lat' dir='ltr'><strong>exsilio,</strong></span> <span class='ocrx_word' id='word_1_660' title='bbox 3446 4328 3736 4390; x_wconf 89' lang='lat' dir='ltr'><strong>calumniis,</strong></span> 
     </span>
    </p>
   </div>
   <div class='ocr_carea' id='block_1_100' title="bbox 2171 4422 3736 4499">
    <p class='ocr_par' dir='ltr' id='par_1_100' title="bbox 2171 4422 3736 4499">
     <span class='ocr_line' id='line_1_100' title="bbox 2171 4422 3736 4499; baseline -0.004 -16"><span class='ocrx_word' id='word_1_661' title='bbox 2171 4428 2696 4499; x_wconf 89' lang='lat' dir='ltr'><strong>direptionibusqne</strong></span> <span class='ocrx_word' id='word_1_662' title='bbox 2743 4427 3019 4483; x_wconf 89' lang='lat' dir='ltr'><strong>bonorum</strong></span> <span class='ocrx_word' id='word_1_663' title='bbox 3066 4428 3445 4498; x_wconf 89' lang='lat' dir='ltr'><strong>perpetiendis</strong></span> <span class='ocrx_word' id='word_1_664' title='bbox 3481 4422 3736 4480; x_wconf 83' lang='lat' dir='ltr'><strong>alacriter.</strong></span> 
     </span>
    </p>
   </div>
   <div class='ocr_carea' id='block_1_101' title="bbox 2105 4511 3738 4625">
    <p class='ocr_par' dir='ltr' id='par_1_101' title="bbox 2105 4511 3738 4625">
     <span class='ocr_line' id='line_1_101' title="bbox 2105 4511 3738 4625; baseline -0.005 -48"><span class='ocrx_word' id='word_1_665' title='bbox 2105 4532 2403 4625; x_wconf 70' lang='lat' dir='ltr'><strong>I)propter</strong></span> <span class='ocrx_word' id='word_1_666' title='bbox 2458 4521 2749 4577; x_wconf 90' lang='lat' dir='ltr'><strong>charitatis</strong></span> <span class='ocrx_word' id='word_1_667' title='bbox 2795 4522 3048 4577; x_wconf 89' lang='lat' dir='ltr'><strong>ardorem</strong></span> <span class='ocrx_word' id='word_1_668' title='bbox 3076 4563 3090 4588; x_wconf 91' lang='lat'><strong>,</strong></span> <span class='ocrx_word' id='word_1_669' title='bbox 3161 4537 3273 4592; x_wconf 90' lang='lat' dir='ltr'><strong>quo</strong></span> <span class='ocrx_word' id='word_1_670' title='bbox 3333 4520 3647 4625; x_wconf 57' lang='lat' dir='ltr'><strong>ferebantur</strong></span> <span class='ocrx_word' id='word_1_671' title='bbox 3682 4511 3738 4625; x_wconf 56' lang='lat' dir='ltr'><strong>in</strong></span> 
     </span>
    </p>
   </div>
   <div class='ocr_carea' id='block_1_102' title="bbox 2177 4603 3738 4690">
    <p class='ocr_par' dir='ltr' id='par_1_102' title="bbox 2177 4603 3738 4690">
     <span class='ocr_line' id='line_1_102' title="bbox 2177 4603 3738 4690; baseline -0.008 -21"><span class='ocrx_word' id='word_1_672' title='bbox 2177 4614 2371 4669; x_wconf 90' lang='lat' dir='ltr'><strong>Deum.</strong></span> <span class='ocrx_word' id='word_1_673' title='bbox 2410 4611 2550 4667; x_wconf 85' lang='lat' dir='ltr'><strong>llinc</strong></span> <span class='ocrx_word' id='word_1_674' title='bbox 2588 4620 2644 4668; x_wconf 90' lang='lat' dir='ltr'><strong>et</strong></span> <span class='ocrx_word' id='word_1_675' title='bbox 2685 4612 2887 4683; x_wconf 87' lang='lat' dir='ltr'><strong>seipse,</strong></span> <span class='ocrx_word' id='word_1_676' title='bbox 2934 4612 3183 4690; x_wconf 78' lang='lat' dir='ltr'><strong>aliosque</strong></span> <span class='ocrx_word' id='word_1_677' title='bbox 3235 4618 3523 4667; x_wconf 89' lang='lat' dir='ltr'><strong>consortes</strong></span> <span class='ocrx_word' id='word_1_678' title='bbox 3551 4606 3649 4663; x_wconf 90' lang='lat' dir='ltr'><strong>sub</strong></span> <span class='ocrx_word' id='word_1_679' title='bbox 3682 4603 3738 4656; x_wconf 86' lang='lat' dir='ltr'><strong>li-</strong></span> 
     </span>
    </p>
   </div>
   <div class='ocr_carea' id='block_1_103' title="bbox 2176 4703 3738 4773">
    <p class='ocr_par' dir='ltr' id='par_1_103' title="bbox 2176 4703 3738 4773">
     <span class='ocr_line' id='line_1_103' title="bbox 2176 4703 3738 4773; baseline -0.003 -14"><span class='ocrx_word' id='word_1_680' title='bbox 2176 4720 2304 4759; x_wconf 90' lang='lat' dir='ltr'><strong>nem</strong></span> <span class='ocrx_word' id='word_1_681' title='bbox 2351 4705 2628 4769; x_wconf 88' lang='lat' dir='ltr'><strong>hortatur,</strong></span> <span class='ocrx_word' id='word_1_682' title='bbox 2662 4723 2680 4754; x_wconf 84' lang='grc'><strong><em>‹</em></strong></span> <span class='ocrx_word' id='word_1_683' title='bbox 2717 4712 2778 4758; x_wconf 88' lang='lat' dir='ltr'><strong>ut</strong></span> <span class='ocrx_word' id='word_1_684' title='bbox 2835 4704 2985 4758; x_wconf 89' lang='lat' dir='ltr'><strong>hunc</strong></span> <span class='ocrx_word' id='word_1_685' title='bbox 3043 4703 3448 4773; x_wconf 86' lang='lat' dir='ltr'><strong>amplectantur</strong></span> <span class='ocrx_word' id='word_1_686' title='bbox 3492 4707 3738 4755; x_wconf 72' lang='lat' dir='ltr'><strong>amorem.</strong></span> 
     </span>
    </p>
   </div>
   <div class='ocr_carea' id='block_1_104' title="bbox 2178 4787 3741 4865">
    <p class='ocr_par' dir='ltr' id='par_1_104' title="bbox 2178 4787 3741 4865">
     <span class='ocr_line' id='line_1_104' title="bbox 2178 4787 3741 4865; baseline -0.012 -15"><span class='ocrx_word' id='word_1_687' title='bbox 2178 4795 2477 4865; x_wconf 89' lang='lat' dir='ltr'><strong>sponsique</strong></span> <span class='ocrx_word' id='word_1_688' title='bbox 2512 4794 2927 4864; x_wconf 87' lang='lat' dir='ltr'><strong>pulchritudine</strong></span> <span class='ocrx_word' id='word_1_689' title='bbox 2975 4793 3180 4857; x_wconf 88' lang='lat' dir='ltr'><strong>illecti,</strong></span> <span class='ocrx_word' id='word_1_690' title='bbox 3243 4801 3301 4847; x_wconf 91' lang='lat' dir='ltr'><strong>et</strong></span> <span class='ocrx_word' id='word_1_691' title='bbox 3357 4787 3741 4861; x_wconf 87' lang='lat' dir='ltr'><strong>promissorum</strong></span> 
     </span>
    </p>
   </div>
   <div class='ocr_carea' id='block_1_105' title="bbox 2178 4874 3743 4955">
    <p class='ocr_par' dir='ltr' id='par_1_105' title="bbox 2178 4874 3743 4955">
     <span class='ocr_line' id='line_1_105' title="bbox 2178 4874 3743 4955; baseline -0.008 -14"><span class='ocrx_word' id='word_1_692' title='bbox 2178 4886 2451 4941; x_wconf 86' lang='lat' dir='ltr'><strong>bonorum</strong></span> <span class='ocrx_word' id='word_1_693' title='bbox 2503 4886 2780 4941; x_wconf 88' lang='lat' dir='ltr'><strong>desiderio</strong></span> <span class='ocrx_word' id='word_1_694' title='bbox 2811 4887 2979 4955; x_wconf 88' lang='lat' dir='ltr'><strong>capti,</strong></span> <span class='ocrx_word' id='word_1_695' title='bbox 3025 4884 3531 4953; x_wconf 79' lang='lat' dir='ltr'><strong>beneficiorumque</strong></span> <span class='ocrx_word' id='word_1_696' title='bbox 3575 4874 3743 4934; x_wconf 89' lang='lat' dir='ltr'><strong>multi-</strong></span> 
     </span>
    </p>
   </div>
   <div class='ocr_carea' id='block_1_106' title="bbox 2181 4976 3741 5047">
    <p class='ocr_par' dir='ltr' id='par_1_106' title="bbox 2181 4976 3741 5047">
     <span class='ocr_line' id='line_1_106' title="bbox 2181 4976 3741 5047; baseline -0.006 -16"><span class='ocrx_word' id='word_1_697' title='bbox 2181 4977 2427 5033; x_wconf 89' lang='lat' dir='ltr'><strong>tudinem</strong></span> <span class='ocrx_word' id='word_1_698' title='bbox 2480 4986 2818 5038; x_wconf 85' lang='lat' dir='ltr'><strong>reverentes,</strong></span> <span class='ocrx_word' id='word_1_699' title='bbox 2873 4984 2928 5031; x_wconf 93' lang='lat' dir='ltr'><strong>ct</strong></span> <span class='ocrx_word' id='word_1_700' title='bbox 2962 4976 3379 5047; x_wconf 84' lang='lat' dir='ltr'><strong>ingratitudinis</strong></span> <span class='ocrx_word' id='word_1_701' title='bbox 3411 4988 3599 5045; x_wconf 71' lang='lat' dir='ltr'><strong>poenas</strong></span> <span class='ocrx_word' id='word_1_702' title='bbox 3638 4984 3741 5024; x_wconf 87' lang='lat' dir='ltr'><strong>me-</strong></span> 
     </span>
    </p>
   </div>
   <div class='ocr_carea' id='block_1_107' title="bbox 2180 5063 3742 5139">
    <p class='ocr_par' dir='ltr' id='par_1_107' title="bbox 2180 5063 3742 5139">
     <span class='ocr_line' id='line_1_107' title="bbox 2180 5063 3742 5139; baseline -0.007 -15"><span class='ocrx_word' id='word_1_703' title='bbox 2180 5078 2419 5131; x_wconf 88' lang='lat' dir='ltr'><strong>tuentes,</strong></span> <span class='ocrx_word' id='word_1_704' title='bbox 2453 5077 2699 5123; x_wconf 88' lang='lat' dir='ltr'><strong>amantes</strong></span> <span class='ocrx_word' id='word_1_705' title='bbox 2731 5068 2826 5122; x_wconf 92' lang='lat' dir='ltr'><strong>Dei</strong></span> <span class='ocrx_word' id='word_1_706' title='bbox 2867 5068 3162 5139; x_wconf 80' lang='lat' dir='ltr'><strong>legumque</strong></span> <span class='ocrx_word' id='word_1_707' title='bbox 3205 5068 3379 5139; x_wconf 90' lang='lat' dir='ltr'><strong>ipsius</strong></span> <span class='ocrx_word' id='word_1_708' title='bbox 3417 5063 3667 5121; x_wconf 88' lang='lat' dir='ltr'><strong>custodes</strong></span> <span class='ocrx_word' id='word_1_709' title='bbox 3692 5074 3742 5113; x_wconf 86' lang='lat' dir='ltr'><strong>se</strong></span> 
     </span>
    </p>
   </div>
   <div class='ocr_carea' id='block_1_108' title="bbox 2177 5157 2525 5229">
    <p class='ocr_par' dir='ltr' id='par_1_108' title="bbox 2177 5157 2525 5229">
     <span class='ocr_line' id='line_1_108' title="bbox 2177 5157 2525 5229; baseline -0.011 -17"><span class='ocrx_word' id='word_1_710' title='bbox 2177 5157 2477 5229; x_wconf 69' lang='lat' dir='ltr'><strong>praebcant.</strong></span> <span class='ocrx_word' id='word_1_711' title='bbox 2507 5175 2525 5208; x_wconf 69' lang='grc' dir='ltr'><strong>ι</strong></span> 
     </span>
    </p>
   </div>
   <div class='ocr_carea' id='block_1_109' title="bbox 2251 5248 3745 5319">
    <p class='ocr_par' dir='ltr' id='par_1_109' title="bbox 2251 5248 3745 5319">
     <span class='ocr_line' id='line_1_109' title="bbox 2251 5248 3745 5319; baseline -0.008 -15"><span class='ocrx_word' id='word_1_712' title='bbox 2251 5249 2339 5304; x_wconf 83' lang='grc' dir='ltr'>ιν.</span> <span class='ocrx_word' id='word_1_713' title='bbox 2374 5250 2452 5303; x_wconf 79' lang='lat' dir='ltr'><strong>Ex</strong></span> <span class='ocrx_word' id='word_1_714' title='bbox 2473 5249 2559 5304; x_wconf 92' lang='lat' dir='ltr'><strong>his</strong></span> <span class='ocrx_word' id='word_1_715' title='bbox 2595 5257 2844 5319; x_wconf 89' lang='lat' dir='ltr'><strong>apparet,</strong></span> <span class='ocrx_word' id='word_1_716' title='bbox 2869 5248 3017 5319; x_wconf 87' lang='lat' dir='ltr'><strong>quod</strong></span> <span class='ocrx_word' id='word_1_717' title='bbox 3049 5256 3105 5303; x_wconf 93' lang='lat' dir='ltr'><strong>ct</strong></span> <span class='ocrx_word' id='word_1_718' title='bbox 3133 5248 3357 5303; x_wconf 90' lang='lat' dir='ltr'><strong>aliunde</strong></span> <span class='ocrx_word' id='word_1_719' title='bbox 3383 5253 3613 5307; x_wconf 88' lang='lat' dir='ltr'><strong>constat,</strong></span> <span class='ocrx_word' id='word_1_720' title='bbox 3635 5254 3745 5295; x_wconf 85' lang='lat' dir='ltr'><strong>ora-</strong></span> 
     </span>
    </p>
   </div>
   <div class='ocr_carea' id='block_1_110' title="bbox 2179 5334 3743 5411">
    <p class='ocr_par' dir='ltr' id='par_1_110' title="bbox 2179 5334 3743 5411">
     <span class='ocr_line' id='line_1_110' title="bbox 2179 5334 3743 5411; baseline -0.008 -14"><span class='ocrx_word' id='word_1_721' title='bbox 2179 5342 2385 5397; x_wconf 86' lang='lat' dir='ltr'><strong>tionem</strong></span> <span class='ocrx_word' id='word_1_722' title='bbox 2446 5343 2603 5396; x_wconf 88' lang='lat' dir='ltr'><strong>istam</strong></span> <span class='ocrx_word' id='word_1_723' title='bbox 2651 5342 3010 5411; x_wconf 89' lang='lat' dir='ltr'><strong>compositam</strong></span> <span class='ocrx_word' id='word_1_724' title='bbox 3059 5357 3181 5396; x_wconf 89' lang='lat' dir='ltr'><strong>esse</strong></span> <span class='ocrx_word' id='word_1_725' title='bbox 3232 5350 3356 5411; x_wconf 89' lang='lat' dir='ltr'><strong>post</strong></span> <span class='ocrx_word' id='word_1_726' title='bbox 3410 5334 3743 5393; x_wconf 85' lang='lat' dir='ltr'><strong>latrocinium</strong></span> 
     </span>
    </p>
   </div>
   <div class='ocr_carea' id='block_1_111' title="bbox 2180 5422 3743 5503">
    <p class='ocr_par' dir='ltr' id='par_1_111' title="bbox 2180 5422 3743 5503">
     <span class='ocr_line' id='line_1_111' title="bbox 2180 5422 3743 5503; baseline -0.007 -15"><span class='ocrx_word' id='word_1_727' title='bbox 2180 5433 2542 5503; x_wconf 79' lang='lat' dir='ltr'><strong>Ephesinum,</strong></span> <span class='ocrx_word' id='word_1_728' title='bbox 2564 5433 2669 5487; x_wconf 88' lang='lat' dir='ltr'><strong>hoc</strong></span> <span class='ocrx_word' id='word_1_729' title='bbox 2691 5440 2795 5497; x_wconf 89' lang='lat' dir='ltr'><strong>est,</strong></span> <span class='ocrx_word' id='word_1_730' title='bbox 2822 5433 2926 5487; x_wconf 90' lang='lat' dir='ltr'><strong>sub</strong></span> <span class='ocrx_word' id='word_1_731' title='bbox 2970 5432 3134 5486; x_wconf 83' lang='lat' dir='ltr'><strong>ﬁnem</strong></span> <span class='ocrx_word' id='word_1_732' title='bbox 3157 5432 3285 5486; x_wconf 87' lang='lat' dir='ltr'><strong>anui</strong></span> <span class='ocrx_word' id='word_1_733' title='bbox 3313 5430 3439 5492; x_wconf 63' lang='lat'><strong>449,</strong></span> <span class='ocrx_word' id='word_1_734' title='bbox 3475 5434 3568 5482; x_wconf 88' lang='lat' dir='ltr'><strong>aut</strong></span> <span class='ocrx_word' id='word_1_735' title='bbox 3599 5422 3743 5478; x_wconf 79' lang='lat' dir='ltr'><strong>initio</strong></span> 
     </span>
    </p>
   </div>
   <div class='ocr_carea' id='block_1_112' title="bbox 2181 5523 3748 5594">
    <p class='ocr_par' dir='ltr' id='par_1_112' title="bbox 2181 5523 3748 5594">
     <span class='ocr_line' id='line_1_112' title="bbox 2181 5523 3748 5594; baseline -0.011 -14"><span class='ocrx_word' id='word_1_736' title='bbox 2181 5526 2482 5594; x_wconf 70' lang='lat' dir='ltr'><strong>sequentis.</strong></span> <span class='ocrx_word' id='word_1_737' title='bbox 2525 5524 2738 5577; x_wconf 77' lang='lat' dir='ltr'><strong>Missam</strong></span> <span class='ocrx_word' id='word_1_738' title='bbox 2764 5524 2962 5592; x_wconf 84' lang='lat' dir='ltr'><strong>opinor</strong></span> <span class='ocrx_word' id='word_1_739' title='bbox 2990 5523 3057 5578; x_wconf 88' lang='lat' dir='ltr'><strong>ad</strong></span> <span class='ocrx_word' id='word_1_740' title='bbox 3088 5523 3314 5583; x_wconf 82' lang='lat' dir='ltr'><strong>amicos,</strong></span> <span class='ocrx_word' id='word_1_741' title='bbox 3348 5535 3489 5589; x_wconf 85' lang='lat' dir='ltr'><strong>quos</strong></span> <span class='ocrx_word' id='word_1_742' title='bbox 3529 5532 3635 5571; x_wconf 67' lang='lat' dir='ltr'><strong>sua:</strong></span> <span class='ocrx_word' id='word_1_743' title='bbox 3670 5525 3748 5565; x_wconf 85' lang='lat' dir='ltr'><strong>so-</strong></span> 
     </span>
    </p>
   </div>
   <div class='ocr_carea' id='block_1_113' title="bbox 1829 5643 2423 5699">
    <p class='ocr_par' dir='ltr' id='par_1_113' title="bbox 1829 5643 2423 5699">
     <span class='ocr_line' id='line_1_113' title="bbox 1829 5643 2423 5699; baseline 0.003 -4"><span class='ocrx_word' id='word_1_744' title='bbox 1829 5643 2149 5699; x_wconf 65' lang='lat' dir='ltr'><strong>Slllllillll</strong></span> <span class='ocrx_word' id='word_1_745' title='bbox 2192 5644 2423 5697; x_wconf 44' lang='lat' dir='ltr'><strong>NOTAE.</strong></span> 
     </span>
    </p>
   </div>
   <div class='ocr_carea' id='block_1_114' title="bbox 569 5748 3741 5830">
    <p class='ocr_par' dir='ltr' id='par_1_114' title="bbox 569 5748 3741 5830">
     <span class='ocr_line' id='line_1_114' title="bbox 569 5748 3741 5830; baseline 0 -25"><span class='ocrx_word' id='word_1_746' title='bbox 569 5754 721 5830; x_wconf 41' lang='lat' dir='ltr'><strong>find</strong></span> <span class='ocrx_word' id='word_1_747' title='bbox 770 5756 907 5830; x_wconf 17' lang='lat' dir='ltr'><strong>hui.</strong></span> <span class='ocrx_word' id='word_1_748' title='bbox 940 5756 1046 5812; x_wconf 63' lang='lat' dir='ltr'><strong>viil.</strong></span> <span class='ocrx_word' id='word_1_749' title='bbox 1086 5757 1303 5830; x_wconf 74' lang='lat' dir='ltr'><strong>llupiuii</strong></span> <span class='ocrx_word' id='word_1_750' title='bbox 1340 5757 1586 5830; x_wconf 69' lang='lat' dir='ltr'><strong>Biblioth.</strong></span> <span class='ocrx_word' id='word_1_751' title='bbox 1624 5767 1764 5810; x_wconf 67' lang='lat' dir='ltr'><strong>and.</strong></span> <span class='ocrx_word' id='word_1_752' title='bbox 1798 5758 2004 5830; x_wconf 50' lang='lat' dir='ltr'><strong>crrlrs”</strong></span> <span class='ocrx_word' id='word_1_753' title='bbox 2037 5769 2075 5811; x_wconf 84' lang='grc' dir='ltr'>ι.</span> <span class='ocrx_word' id='word_1_754' title='bbox 2107 5760 2192 5825; x_wconf 70' lang='grc' dir='ltr'><strong>ιν,</strong></span> <span class='ocrx_word' id='word_1_755' title='bbox 2224 5777 2276 5830; x_wconf 87' lang='lat' dir='ltr'><strong>p.</strong></span> <span class='ocrx_word' id='word_1_756' title='bbox 2318 5760 2431 5814; x_wconf 78' lang='grc'><strong>100.</strong></span> <span class='ocrx_word' id='word_1_757' title='bbox 2498 5761 2538 5791; x_wconf 70' lang='lat'><strong>3&quot;</strong></span> <span class='ocrx_word' id='word_1_758' title='bbox 2572 5760 2945 5829; x_wconf 77' lang='lat' dir='ltr'><strong>Supplemlum</strong></span> <span class='ocrx_word' id='word_1_759' title='bbox 2990 5776 3107 5815; x_wconf 59' lang='lat' dir='ltr'><strong>esse</strong></span> <span class='ocrx_word' id='word_1_760' title='bbox 3141 5758 3353 5814; x_wconf 66' lang='lat' dir='ltr'><strong>videtur</strong></span> <span class='ocrx_word' id='word_1_761' title='bbox 3395 5772 3493 5809; x_wconf 80' lang='lat' dir='ltr'><strong>non</strong></span> <span class='ocrx_word' id='word_1_762' title='bbox 3538 5748 3741 5806; x_wconf 62' lang='grc' dir='ltr'><strong>ι’ἱιὲιθαι·</strong></span> 
     </span>
    </p>
   </div>
   <div class='ocr_carea' id='block_1_115' title="bbox 498 5825 1211 5899">
    <p class='ocr_par' dir='ltr' id='par_1_115' title="bbox 498 5825 1211 5899">
     <span class='ocr_line' id='line_1_115' title="bbox 498 5825 1211 5899; baseline 0.003 -16"><span class='ocrx_word' id='word_1_763' title='bbox 498 5825 689 5883; x_wconf 75' lang='lat' dir='ltr'><strong>“Via.</strong></span> <span class='ocrx_word' id='word_1_764' title='bbox 737 5835 774 5881; x_wconf 88' lang='grc' dir='ltr'>ι.</span> <span class='ocrx_word' id='word_1_765' title='bbox 823 5827 911 5895; x_wconf 85' lang='grc' dir='ltr'>ιιι,</span> <span class='ocrx_word' id='word_1_766' title='bbox 956 5844 1008 5899; x_wconf 73' lang='grc' dir='ltr'><strong>ρ.</strong></span> <span class='ocrx_word' id='word_1_767' title='bbox 1062 5825 1211 5885; x_wconf 69' lang='lat' dir='ltr'><strong>isti.</strong></span> 
     </span>
    </p>
   </div>
   <div class='ocr_carea' id='block_1_116' title="bbox 1288 5829 2096 5901">
    <p class='ocr_par' dir='ltr' id='par_1_116' title="bbox 1288 5829 2096 5901">
     <span class='ocr_line' id='line_1_116' title="bbox 1288 5829 2096 5901; baseline 0 -16"><span class='ocrx_word' id='word_1_768' title='bbox 1288 5829 1328 5858; x_wconf 81' lang='lat'>“</span> <span class='ocrx_word' id='word_1_769' title='bbox 1360 5829 1477 5885; x_wconf 75' lang='lat' dir='ltr'><strong>Viti.</strong></span> <span class='ocrx_word' id='word_1_770' title='bbox 1523 5844 1707 5901; x_wconf 76' lang='lat' dir='ltr'><strong>supra,</strong></span> <span class='ocrx_word' id='word_1_771' title='bbox 1750 5845 1802 5899; x_wconf 87' lang='lat' dir='ltr'><strong>p.</strong></span> <span class='ocrx_word' id='word_1_772' title='bbox 1845 5829 2096 5901; x_wconf 44' lang='lat'><strong>9259,31.</strong></span> 
     </span>
    </p>
   </div>
  </div>
