3926 6216
164 390 264 457 253
1335 391 1434 454 DE
1463 393 1721 455 LIBRIS
1759 393 2263 457 TIIEODORETI.

3338 386 3444 451 ΞΜ

173 505 323 560 cielas
372 507 542 555 SOI’llS
586 508 648 555 et
694 496 1107 556 commiseratio
1163 499 1453 571 tangebat,
1500 508 1563 554 ut
1608 500 1743 569 ipsis
1772 517 1813 569 Α
1843 505 2033 559 codice
2073 506 2263 559 Graeco
2288 515 2474 559 versas
2500 499 2795 555 Annalibus
2835 498 3090 565 inseruit,
3134 499 3311 555 sicubi
3350 502 3444 555 lux

176 594 525 652 constantiam
552 594 815 650 suaderet
848 636 862 661 ,
910 595 1002 649 vel
1030 610 1087 650 se
1119 593 1278 648 malis
1304 593 1574 648 invictum
1614 608 1744 663 pro-

176 687 329 743 baret.

235 776 293 830 Ἴ.
324 775 485 830 Edita
512 784 601 830 est
625 776 871 847 primum
897 777 1085 831 Romze
1109 791 1255 830 anno
1287 773 1425 830 1580
1450 790 1480 829 a
1500 771 1748 829 Gerardo

182 866 352 923 Yossio
377 866 564 923 Gnece
597 876 654 922 et
685 868 897 932 Latine,
923 868 1018 937 qui
1040 875 1095 922 et
1123 866 1404 921 variantes
1422 861 1596 921 Oranti
1629 873 1749 918 tex-

183 968 261 1013 tus
296 959 584 1026 lectiones,
618 960 943 1031 scholiaque
968 960 1237 1031 adjunxit.
1270 957 1591 1016 Versionem
1616 956 1752 1011 Vos-

184 1053 238 1107 sii
268 1053 530 1122 expolivit
571 1052 927 1117 Sirmondus,
968 1053 1160 1122 paucis
1200 1052 1497 1107 admodum
1523 1090 1538 1115 ,
1572 1048 1751 1105 sicubi

184 1148 389 1204 Vossius
415 1167 445 1204 a
479 1150 675 1206 Graeco
707 1151 1025 1213 deﬂexerat.
1051 1147 1298 1205 mutatis.

243 1241 323 1295 Vl.
377 1241 437 1295 ln
490 1243 603 1297 hoc
650 1259 845 1312 opere,
879 1240 1049 1312 'quod
1100 1242 1431 1313 eloquentize
1467 1241 1749 1314 specimen

190 1333 438 1403 quoddam
477 1343 597 1399 est,
654 1336 794 1389 nihil
840 1336 1062 1406 quidem
1109 1335 1359 1391 historiae
1411 1336 1750 1400 continetur,

191 1426 313 1497 quod
338 1426 610 1482 lectorem
641 1428 884 1492 erudiat,
915 1430 1010 1484 sed
1050 1436 1250 1499 praeter
1303 1429 1583 1483 incentiva
1638 1428 1756 1499 pie-

192 1519 315 1585 tatis,
351 1519 566 1589 quibus
614 1519 882 1575 rel'ertum
933 1529 1037 1585 est,
1072 1520 1125 1575 id
1155 1520 1321 1575 habet
1368 1520 1640 1591 dogmatis
1688 1519 1755 1574 de

188 1608 347 1674 Petro,
381 1610 484 1665 cui
529 1610 768 1680 loquens
790 1608 1043 1665 Christus
1069 1610 1349 1665 inducitur
1369 1609 1412 1641 ⁸³
1448 1627 1461 1663 :
1503 1630 1520 1660 ι
1549 1608 1754 1675 Quem-

188 1701 466 1757 admodum
505 1719 607 1774 ego
629 1710 682 1756 te
710 1701 1063 1757 ﬂuctuantem
1099 1718 1209 1757 non
1243 1701 1489 1772 despexi,
1522 1702 1598 1756 ita
1621 1709 1675 1756 et
1699 1708 1756 1755 tu

189 1794 607 1848 suStentaculum
660 1803 782 1848 esto
819 1792 1082 1849 fratribus
1135 1793 1514 1860 conturbatis;
1564 1801 1619 1847 et
1649 1809 1758 1863 quo

1856 594 1985 650 inde
2039 594 2281 650 historia:
2333 590 2612 647 afferenda
2669 590 2791 644 fuit.
2830 590 3065 645 Metiana
3119 590 3304 645 versio
3331 605 3442 644 non

1856 692 2076 748 exstat,
2120 684 2315 739 melior
2362 682 2649 738 successit.
2699 681 2835 736 Nam
2887 680 3216 736 Sirmondus
3271 680 3443 736 altera

1855 786 2011 848 parte
2039 776 2169 830 tomi
2200 776 2344 831 tertii
2369 784 2594 830 centum
2622 774 2985 845 quadraginta
3012 781 3225 843 septem
3246 773 3441 838 edidit,

1857 881 1995 936 quas
2041 881 2109 920 ex
2154 865 2463 935 copiosiore
2517 866 2624 920 alio
2675 865 2866 920 codice
2915 864 3182 920 Vaticano
3215 864 3446 919 Latinas

1857 959 2006 1014 fecit.

1930 1050 2020 1104 Ill.
2067 1050 2285 1105 Addere
2319 1050 2499 1122 potuit
2535 1049 2602 1105 ad
2633 1065 2793 1105 suum
2829 1067 3127 1106 numerum
3153 1051 3286 1105 alias
3313 1059 3444 1117 tres,

1860 1159 1999 1214 quas
2041 1145 2234 1215 rejecit
2261 1145 2317 1198 in
2349 1143 2709 1213 appendicem
2735 1142 2868 1198 tomi
2893 1144 2980 1208 IV;
3009 1159 3173 1197 unam
3198 1143 3262 1197 ad
3306 1142 3446 1212 Spo-

1860 1236 2072 1290 racium
2088 1235 2156 1290 de
2180 1235 2436 1289 Nestorio
2464 1234 2544 1301 ul;
2578 1234 2806 1287 alteram
2836 1234 2903 1287 ad
2926 1234 3191 1289 Joannem
3218 1233 3447 1289 Cerma-

1862 1326 2021 1380 niciae
2043 1326 2362 1396 episcopum
2386 1326 2430 1357 δε
2454 1341 2468 1391 ;
2507 1325 2725 1379 tertiam
2754 1325 2820 1379 ad
2851 1325 3115 1380 Joannem
3146 1325 3448 1379 Antioche-

1862 1432 1995 1471 num
2023 1417 2090 1481 ⁸⁷,
2117 1432 2239 1486 qua:
2259 1415 2788 1485 reprehensionibus
2822 1415 3065 1485 capitum
3095 1413 3283 1486 Cyrilli
3314 1430 3450 1485 prae-

1862 1508 2109 1579 ponitur,
2129 1522 2436 1578 quanquam
2462 1508 2639 1576 prima
2659 1506 3011 1577 supposititia
3037 1513 3140 1560 est.

1936 1599 2021 1653 ιν.
2054 1598 2318 1653 Omisisse
2350 1597 2592 1663 videtur,
2650 1607 2764 1653 tum
2813 1612 2950 1668 quas
2981 1595 3207 1651 Latinas
3237 1604 3450 1651 tantum

1866 1689 2094 1759 reperit,
2121 1688 2393 1758 siquidem
2420 1689 2715 1744 aecurabat
2739 1687 3040 1743 editionem
3073 1686 3450 1743 Graeco-Lati-

1866 1796 2030 1846 nam;
2066 1789 2181 1834 tum
2226 1797 2362 1851 quas
2407 1782 2588 1837 alieno
2638 1772 2864 1835 nomine
2895 1780 3279 1834 Theodoretus
3311 1778 3452 1833 scri-

189 1888 407 1937 serratns
454 1898 514 1938 es
547 1883 782 1947 auxilio,
825 1884 930 1939 hoc
964 1884 1078 1955 ipse
1130 1884 1252 1940 aliis
1284 1883 1611 1955 impertire;
1662 1899 1758 1937 ne-

1881 1871 2017 1940 asit,
2084 1873 2390 1942 cujusmodi
2448 1881 2533 1927 est
2600 1871 2669 1926 ad
2722 1870 2929 1927 Rufum
2991 1871 3452 1927 Thessalonicen-

189 1986 275 2041 qne
302 1972 654 2029 labascentes
704 1972 973 2044 impcllas.
1009 1974 1105 2029 sed
1138 1975 1287 2047 erige
1337 1975 1711 2045 periclitantes
1740 1991 1752 2027 :

189 2062 365 2119 idcirco
387 2065 550 2120 enim
581 2074 636 2120 et
665 2072 716 2122 te
744 2066 929 2123 labare
952 2067 1095 2132 sino,
1125 2076 1182 2122 ct
1236 2067 1435 2123 cadere
1484 2084 1595 2123 non
1626 2083 1755 2137 per-

189 2157 340 2223 mitto,
368 2157 545 2229 305
587 2158 944 2213 stabilitatem
975 2175 1073 2229 per
1113 2168 1165 2214 te
1205 2159 1600 2215 ﬂuctuantibus
1626 2176 1757 2229 pro-

190 2260 377 2303 curans.
415 2247 514 2303 Sic
566 2248 757 2304 orbem
794 2255 1066 2303 terrarum
1115 2249 1435 2303 universum
1484 2247 1757 2302 ﬂuctuan-

192 2344 299 2400 tem,
328 2347 501 2408 atque
531 2339 813 2393 labantem
856 2322 1052 2409 magna
1106 2340 1223 2393 haec
1255 2338 1508 2393 columna
1551 2335 1758 2392 confir-

191 2429 349 2495 mavit,
386 2438 451 2484 et
489 2438 554 2484 ut
578 2437 865 2485 corrueret
902 2428 1151 2494 omnino,
1174 2443 1286 2483 non
1329 2426 1619 2498 permisit;
1661 2426 1757 2481 sed

190 2521 370 2587 erexit,
425 2520 793 2591 stabilemque
826 2519 1094 2586 reddidit;
1125 2533 1259 2575 oves
1288 2517 1506 2573 divinas
1534 2532 1757 2587 pascere

186 2608 362 2679 jussus,
396 2629 416 2661 ι
454 2618 561 2664 etc.

251 2700 344 2754 Vll.
387 2700 519 2755 Haec
562 2698 647 2765 de
680 2699 846 2754 Petro
891 2698 1186 2763 sententia,
1219 2704 1281 2753 ut
1327 2705 1413 2754 est
1453 2696 1630 2753 allinis
1668 2697 1755 2763 iis,

191 2804 290 2861 qua
319 2792 377 2845 in
411 2791 650 2862 epistola
694 2791 798 2846 115
839 2790 1199 2862 appellatoria
1232 2790 1300 2845 ad
1330 2799 1580 2845 sanctum
1614 2790 1758 2845 Leo-

192 2898 295 2938 nem
340 2884 644 2949 habentur,
684 2883 762 2938 ita
821 2900 933 2939 non
985 2883 1220 2939 obscure
1270 2881 1516 2937 ostendit
1562 2881 1758 2936 eodem

192 2976 287 3032 fere
328 2986 581 3048 tempore
625 2986 683 3033 et
715 2977 1023 3033 orationem
1065 2985 1121 3033 et
1162 2976 1453 3046 epistolam
1496 2974 1758 3046 scriptam

193 3085 309 3127 esse.

252 3163 381 3218 VIII.
415 3163 540 3219 Non
568 3170 654 3219 est
689 3161 1134 3234 pmtercundum
1185 3160 1426 3227 silentio,
1482 3159 1630 3231 quod
1682 3167 1761 3215 ta-

1864 1979 2000 2027 scm,
2027 1970 2136 2020 etc.

1935 2056 2094 2126 305
2119 2059 2178 2113 γ.
2201 2056 2402 2112 Omnes
2430 2074 2531 2129 ego
2555 2057 3027 2128 reprtesentandas
3049 2058 3235 2122 credo,
3254 2058 3451 2127 partim

1864 2164 1933 2202 ne
1956 2147 2087 2218 quid
2119 2150 2332 2203 auctori
2361 2164 2461 2204 suo
2488 2150 2832 2216 detrahatur;
2866 2149 3089 2220 partim,
3137 2159 3193 2204 et
3235 2166 3302 2204 eo
3332 2150 3454 2220 qui-

1865 2241 1991 2296 dem
2021 2243 2277 2304 maxime,
2303 2241 2453 2311 quod
2482 2241 2747 2297 addendte
2770 2242 2882 2296 sint
2912 2241 3122 2312 plures,
3155 2243 3271 2297 sive
3316 2258 3456 2313 quas

1865 2334 2136 2389 Mercator
2167 2332 2403 2387 inseruit
2425 2334 2540 2388 suis
2574 2334 2950 2397 collectaneis,
2988 2336 3103 2390 sive
3129 2352 3250 2405 quae
3272 2335 3325 2390 in
3352 2342 3456 2390 tcr~

1866 2425 1954 2480 tite
1974 2434 2029 2478 et
2057 2423 2264 2493 quintae
2299 2422 2490 2494 synodi
2519 2422 2668 2477 Actis
2698 2424 3073 2494 reperiuntur.

1938 2515 2024 2570 VI.
2053 2516 2245 2571 Visum
2275 2529 2494 2585 quoque
2522 2524 2606 2568 cst
2639 2514 2693 2567 id
2739 2525 3023 2585 praestare,
3058 2516 3204 2586 quod
3262 2516 3355 2570 alii
3398 2516 3455 2571 in

1867 2605 2195 2676 colligendis
2220 2605 2454 2659 aliorum
2492 2604 2823 2674 scriptorum
2853 2606 3104 2675 epistolis
3134 2607 3332 2672 solent,
3355 2606 3455 2660 da-

1867 2706 1951 2754 tas
2002 2700 2213 2755 scilicet
2249 2698 2318 2753 ad
2381 2697 2790 2753 Theodoretum
2838 2699 3085 2754 inserere
3138 2717 3149 2753 :
3192 2699 3246 2753 id
3304 2698 3456 2753 enim

1866 2791 2114 2846 historiae
2161 2807 2273 2845 non
2307 2791 2662 2846 mediocriter
2691 2792 2950 2861 prodest;
2981 2808 3298 2862 quanquam
3326 2791 3456 2847 inde

1866 2901 1976 2940 non
2007 2884 2299 2956 augebitur
2321 2883 2619 2938 admodum
2639 2884 3008 2954 Epistolarum
3033 2885 3192 2950 liber,
3219 2900 3345 2939 cum
3366 2884 3458 2939 vix

1868 2986 1982 3033 tres
2009 2985 2105 3031 aut
2133 2983 2372 3048 quatuor
2395 2977 2642 3047 reperire
2664 2978 2961 3047 potuerim.

1939 3072 2050 3128 Vll.
2076 3071 2192 3126 Etsi
2215 3086 2383 3142 porro
2404 3069 2656 3125 ordinem
2682 3086 3087 3139 numerumque
3113 3088 3143 3126 a
3164 3071 3459 3127 Sirmondo

1869 3164 2232 3218 constitutum
2250 3160 2502 3231 religiose
2534 3160 2885 3215 retinendum
2919 3169 3074 3231 puto,
3104 3163 3303 3231 partim
3330 3177 3461 3231 pro-

196 3270 301 3311 men
350 3272 518 3312 nemo
550 3272 664 3311 non
715 3262 896 3325 potest
933 3255 1078 3309 inter
1110 3253 1401 3324 legendum
1441 3253 1757 3316 observare,
1789 3255 1832 3313 C.
1864 3267 1989 3327 pter
2023 3254 2231 3310 citandi
2265 3269 2424 3309 usum
2476 3254 2545 3309 ab
2590 3252 2829 3309 eruditis
2871 3263 3190 3324 receptum:
3223 3255 3458 3310 alterum

197 3346 243 3402 in
288 3348 391 3405 bac
438 3349 687 3404 oratione
740 3346 1024 3402 charitatis
1054 3354 1332 3412 naturam,
1366 3345 1759 3416 praestantiam,

198 3437 394 3504 eﬂ'ecta,
418 3447 476 3494 et
494 3440 719 3494 causas'
745 3436 966 3507 capiose
982 3435 1215 3505 exponi;
1244 3435 1454 3489 nullam
1475 3444 1657 3489 tamen
1679 3433 1765 3487 in-

201 3539 271 3586 ter
309 3547 504 3587 causas
544 3529 884 3585 mentionem
924 3527 1043 3583 ﬁeri
1084 3527 1272 3599 gratiae
1314 3526 1618 3591 interioris,
1656 3542 1763 3597 qua

200 3621 512 3677 didunditur
545 3621 789 3677 cbaritas
822 3619 880 3673 in
921 3618 1182 3675 cordibus
1228 3608 1433 3673 nostris
1479 3634 1510 3687 a
1554 3617 1764 3688 Spiritu

204 3724 392 3781 sancto,
427 3714 523 3769 sed
548 3712 872 3768 memoriam
888 3711 1155 3765 duntaxat
1181 3717 1532 3780 acceptorum
1558 3709 1767 3764 benefl-

206 3809 417 3874 ciornm,
440 3806 823 3878 exemplorum
848 3804 1053 3859 Christi
1077 3811 1133 3858 et
1161 3812 1501 3868 sanctorum,
1530 3802 1767 3873 promis-

207 3900 402 3956 sionum
436 3910 491 3956 et
522 3901 728 3970 legum,
758 3914 879 3969 qua:
900 3897 1177 3968 pertinent
1205 3895 1390 3950 omnia
1425 3895 1494 3950 ad
1536 3896 1766 3966 gratiam

210 3993 357 4047 solam
385 3993 520 4064 legis
556 4000 615 4047 et
641 3990 927 4046 doctrinae.
954 3988 1155 4044 Verum
1186 3987 1254 4043 de
1289 3987 1395 4042 hoc
1423 3987 1764 4060 diligentius,

209 4097 317 4139 cum
341 4084 408 4141 de
446 4084 552 4140 ﬁde
591 4081 928 4139 Theodoreti
963 4081 1200 4136 dicetur.

530 4188 535 4193 ‘
596 4219 625 4293 ᾗ
658 4221 723 4277 ν.
748 4216 1005 4290 Epistolas
1025 4216 1350 4273 Theodoreti.

271 4351 311 4407 l.
331 4353 668 4424 Nicephorus
701 4351 959 4407 Callistus
995 4350 1188 4405 scribit
1211 4364 1270 4404 se
1292 4348 1554 4420 epistolas
1585 4349 1768 4405 Theo-

219 4444 376 4499 doreti
416 4461 579 4516 supra
621 4444 951 4514 quingentas
1002 4450 1223 4496 nactum
1265 4456 1407 4505 esse,
1460 4456 1665 4509 easque
1715 4448 1771 4494 et

220 4537 401 4607 optime
425 4545 480 4593 et
507 4537 576 4592 ad
609 4535 787 4591 Graeci
833 4533 1107 4589 sermonis
1130 4533 1369 4587 nitorem
1414 4531 1767 4602 compositas.

1866 3356 2049 3403 tamen
2094 3346 2481 3419 chronologica
2524 3346 2749 3418 synopsi
2791 3347 3167 3402 exhibendum
3216 3364 3363 3414 reor,
3400 3356 3461 3403 ut

1867 3438 1993 3494 inde
2020 3439 2196 3511 majus
2220 3440 2407 3493 lumen
2432 3439 2677 3494 historiae
2697 3439 3036 3496 aﬂ‘undatur.
3066 3441 3277 3511 Aliqua}
3304 3451 3457 3506 sunt,

1866 3531 2063 3598 fateor,
2098 3531 2167 3587 de
2201 3532 2405 3601 quibus
2427 3532 2594 3588 statui
2612 3532 2704 3587 vix
2733 3533 2965 3604 aliquid,
3005 3541 3099 3589 aut
3132 3533 3323 3599 refert,
3365 3543 3461 3589 aut

1867 3624 2032 3678 etiam
2059 3632 2257 3694 potest.
2288 3623 2423 3679 Tres
2450 3633 2634 3680 autem
2662 3627 3012 3683 characteres
3031 3628 3087 3682 in
3108 3628 3340 3699 singulis
3364 3628 3465 3683 ob-

1868 3714 2167 3770 servandas
2196 3713 2385 3779 credo,
2409 3715 2562 3782 anni,
2591 3716 2721 3772 festi
2757 3726 2813 3772 et
2838 3734 3106 3788 personae.
3146 3719 3295 3775 Festi
3323 3718 3459 3783 dixi,

1868 3816 2094 3878 propter
2123 3807 2490 3864 beortasticas
2509 3851 2523 3875 ,
2557 3826 2695 3880 quas
2718 3812 2987 3881 plurimas
3009 3813 3232 3882 scripsit
3267 3812 3462 3867 amicis

1834 3890 1837 3893 ’
1869 3901 1937 3956 de
1960 3917 2132 3964 more,
2158 3908 2221 3955 ut
2243 3909 2497 3971 peractos
2527 3901 2647 3956 dies
2670 3902 2840 3957 festos
2856 3904 3249 3973 gratularetur.

1940 3992 2076 4049 Vill.
2131 3992 2398 4047 Distribui
2442 3994 2730 4049 commode
2775 4005 3007 4065 possunt
3038 4013 3251 4061 omnes,
3279 3998 3461 4067 quoad

1869 4096 2124 4141 nostrum
2154 4084 2457 4156 negotium,
2485 4086 2623 4141 duas
2647 4086 2701 4140 in
2728 4096 2912 4156 partes
2943 4087 3007 4153 ⁵⁸,
3044 4088 3456 4154 historiearum,

1871 4188 1930 4234 et
1977 4178 2538 4234 non—bistoricarum.
2583 4178 2882 4233 Historicas
2938 4180 3081 4245 dico,
3138 4197 3278 4250 quae,
3337 4196 3463 4235 cum

1872 4270 2114 4326 habeant
2170 4270 2434 4341 temporis
2476 4278 2844 4341 autpersonaz
2892 4281 3114 4339 notam,
3152 4273 3463 4328 conducere

1873 4370 2105 4431 possunt
2134 4362 2204 4415 ad
2240 4360 2572 4415 Theodoreti
2626 4361 3031 4416 ecclesiasticas
3083 4362 3458 4417 illustrandas.

1874 4450 1991 4506 Hoc
2023 4466 2223 4521 genere
2247 4450 2583 4521 dogmaticas
2618 4467 2838 4522 quoque
2871 4454 3228 4523 complector.

1946 4541 2036 4595 IX.
2069 4542 2128 4595 In
2157 4541 2367 4608 codice,
2393 4558 2505 4612 quo
2536 4559 2670 4598 usus
2711 4552 2797 4598 est
2826 4543 3114 4607 Baronius,
3161 4552 3215 4598 et
3247 4543 3301 4596 in
3341 4542 3465 4596 aliis

221 4627 432 4684 Dubium
452 4671 467 4695 ν
496 4645 566 4683 an
593 4636 810 4683 οθτῑιωὶ
841 4640 1133 4681 numerum
1177 4624 1466 4695 dCSignal‘e
1511 4624 1770 4690 "0100?",
1803 4603 1852 4661 θ
1878 4649 2017 4703 quos
2034 4633 2167 4697 vidi,
2196 4635 2427 4704 epistola
2451 4634 2517 4689 ad
2546 4635 2869 4705 Sporaeium
2911 4636 2980 4689 de
3009 4635 3262 4689 Nestorio
3284 4634 3460 4688 omni-

224 4728 308 4773 aut
325 4721 636 4792 quingentas
656 4719 880 4784 dixerit,
910 4733 1019 4788 quo
1052 4732 1203 4771 more
1229 4716 1411 4771 Latini
1444 4717 1622 4771 solent
1650 4734 1775 4773 sex-

226 4821 391 4869 centas
433 4829 528 4883 pro
559 4811 835 4883 plurimis,
877 4823 1111 4881 quarum
1137 4824 1406 4864 numerus
1442 4809 1533 4863 vix
1558 4809 1776 4863 deliniri

228 4914 388 4971 queat.
429 4906 684 4971 Ututest,
726 4904 931 4959 multas
974 4911 1190 4958 constat
1242 4902 1494 4972 periisse,
1541 4918 1774 4973 quarum

233 4995 575 5056 Theodoretus
624 5001 743 5070 ipse
777 4998 1051 5055 meminit.
1105 4997 1396 5052 Perierunt
1434 5005 1606 5063 certe,
1638 5013 1776 5067 quas

240 5088 484 5159 scripsisse
515 5108 574 5147 se
623 5091 791 5147 tradit
840 5098 897 5143 et
927 5089 994 5144 ad
1041 5087 1326 5159 Cyrillum,
1362 5095 1418 5142 et
1462 5088 1531 5142 ad
1574 5104 1775 5159 anony-

243 5192 364 5234 mmn
388 5182 450 5249 ",
479 5184 564 5238 cui
586 5182 848 5255 legendos
875 5179 1314 5236 Commentarios
1334 5178 1387 5232 in
1419 5180 1646 5234 Paulum
1673 5180 1774 5233 mi-

244 5279 364 5325 serat
380 5272 439 5339 ⁵³,
471 5284 524 5329 et
547 5274 614 5329 ad
639 5272 1012 5345 Eugrapbiam
1074 5279 1134 5326 et
1180 5271 1247 5325 ad
1275 5271 1602 5327 Dioscorum
1629 5273 1770 5339 dum,

245 5368 330 5417 etc.

301 5451 354 5507 Il.
377 5456 551 5514 Plures
574 5458 847 5514 Baronius
876 5472 907 5511 a
930 5452 1196 5510 Federico
1224 5453 1390 5511 lletio
1419 5472 1486 5511 ex
1513 5458 1775 5514 Vaticano

1880 4726 1985 4781 bus
2018 4726 2390 4797 praeponitur;
2422 4729 2518 4784 sed
2544 4745 2574 4783 a
2605 4728 2903 4783 Sirmondo
2936 4728 3138 4796 reiecta
3167 4736 3251 4781 est
3277 4726 3329 4780 in
3366 4743 3465 4796 ap-

1880 4818 2193 4886 pendicem,
2228 4825 2284 4872 et
2321 4818 2543 4888 quidem
2581 4819 2803 4883 merito,
2830 4833 2957 4871 cum
2993 4816 3342 4886 supposititia
3372 4817 3461 4882 sit,

1886 4917 1944 4962 ut
1971 4924 2071 4963 suo
2095 4909 2215 4961 loco
2240 4908 2650 4962 demonstratur
2672 4910 2736 4961 ‘9.

1957 4998 2025 5052 Χ.
2062 4998 2210 5052 Nihil
2238 4998 2417 5052 hocin
2448 5013 2649 5067 genere
2678 4996 2954 5051 scribendi
2982 4997 3316 5069 perfectius:
3339 5011 3465 5050 nam

1881 5108 2003 5160 quae
2030 5099 2159 5145 sunt
2186 5090 2540 5159 epistolarum
2566 5089 2815 5154 virtutes,
2858 5091 3119 5155 brevitas,
3165 5089 3468 5160 perspicui-

1883 5196 1983 5247 tas,
2027 5181 2316 5251 elegantia,
2339 5181 2641 5245 urbanitas,
2676 5182 2961 5249 modestia,
2995 5181 3341 5236 observantia
3368 5180 3466 5233 de“

1880 5274 2017 5339 cori,
2045 5282 2100 5329 et
2139 5274 2418 5345 ingeniosa
2456 5274 2806 5345 prudensque
2856 5292 2919 5330 ac
2948 5275 3164 5330 erudita
3204 5272 3456 5343 simplici-

1884 5378 1986 5433 tas,
2017 5368 2070 5421 in
2095 5368 2340 5438 epistolis
2358 5368 2688 5423 Theodoreti
2711 5368 3105 5423 admirabiliter
3126 5370 3197 5422 ita
3222 5367 3461 5431 elucent,

1884 5468 1946 5514 ut
1978 5459 2347 5515 scribentibus
2371 5461 2621 5530 exemplo
2650 5477 2769 5516 esse
2791 5462 3020 5531 possint.

1587 5594 1905 5651 SCllULle
1948 5595 2178 5652 NOTAE.

303 5728 521 5809 ‘fl'idJ.
549 5738 635 5801 Ill,
664 5755 717 5808 p.
760 5738 919 5792 1509.
961 5737 1008 5770 ’⁸³
1041 5739 1338 5809 \’iil.epist.
1366 5740 1451 5791 85.
1498 5737 1539 5767 ⁵⁵³
1567 5736 1688 5790 Vid.
1733 5736 1893 5804 epist.
1937 5739 1978 5790 l.

397 5805 579 5880 Ionian.
606 5795 729 5863 l'i'd.
762 5809 896 5880 ibid.
938 5826 988 5877 p.
1028 5811 1158 5863 1175
1198 5795 1348 5880 seqq.

240 5865 446 5933 Bibliotli.
487 5890 620 5936 auct.
663 5879 850 5934 ccrlvs.
888 5865 1055 5938 LIIV.
1086 5897 1137 5951 ι).
1188 5865 1287 5937 ΗῙ¹
1315 5865 1433 5951 '50‘1-

1427 5811 1468 5840 Π
1504 5809 1651 5861 lianc
1676 5809 1820 5879 λ’ἰιιρ
1871 5808 2027 5867 ἰΙνιὶά..
2061 5826 2112 5877 p.
2151 5810 2282 5863 I288
2304 5826 2453 5879 seqq.

1516 5880 1557 5909 ³⁸)
1590 5878 1707 5933 Viti.
1748 5879 1905 5943 infra,
1951 5896 2067 5950 cap.
2098 5883 2147 5946 8,
2179 5881 2276 5952 3'2.

2057 5737 2100 5767 ³⁵
2137 5738 2217 5791 ΑΛ
2244 5718 2461 5807 Sporar.
2493 5739 2610 5793 Vill.
2657 5755 2842 5807 supra,
2885 5748 2920 5791 ί.
2946 5739 3033 5797 ιγ,
3063 5754 3111 5806 p.
3153 5738 3272 5791 lOil
3309 5754 3461 5808 seqq.

2536 5810 2578 5842 ’⁸⁸
2601 5810 2748 5863 Duas
2784 5811 2834 5863 in
2865 5819 3058 5879 partes.
3098 5808 3216 5862 Υἰίι.
3246 5808 3464 5879 Dupinii
