3926 6216
513 344 618 410 25.5

720 456 972 529 Epistula:
1001 461 1205 532 priores
1239 463 1359 519 dua:
1388 464 1458 518 ad
1490 481 1832 536 anonymum.

580 567 621 623 1.
655 568 734 624 Ad
765 572 1002 628 amicum
1021 575 1258 645 aliquem
1282 576 1505 632 miserat
1528 558 2086 638 Theod'oretusCom-

416 662 427 669 ’
514 661 810 718 mentarios
836 678 965 719 suos
1009 665 1065 719 in
1093 667 1434 736 Apostolum,
1476 670 1677 727 litteris
1718 683 1995 743 precatus,
2024 685 2087 733 ut

512 750 962 821 ferretjudicium
982 772 997 820 ;
1020 756 1231 811 remisit
1259 756 1350 812 ille
1374 760 1667 829 perlectos,
1697 779 1801 820 nec
1814 766 2084 837 judicium

513 838 854 910 significavit.
908 845 1196 901 Silentium
1227 847 1620 919 interpretatus
1652 864 1738 911 est
1768 855 2085 914 Theodore-

515 938 602 984 tus
644 932 792 987 velut
833 933 1117 990 honestam
1166 937 1653 1012 improbationem;
1714 947 1852 1016 petit
1895 950 2086 1006 alteris

514 1018 710 1075 litteris
736 1022 1024 1093 judicium,
1072 1028 1448 1100 cujuscunque
1487 1034 1636 1089 modi
1674 1035 1864 1103 fuerit,
1909 1038 1979 1095 ad
2025 1055 2084 1096 se

515 1109 675 1164 mitti.
704 1112 1003 1183 Rescripsit
1033 1116 1244 1173 amicus
1290 1118 1585 1180 immensas
1625 1127 1807 1196 operis
1851 1128 2080 1197 laudes;

513 1198 610 1254 has
660 1201 859 1257 minuit
901 1205 1078 1261 tertiis
1121 1207 1318 1264 litteris
1344 1211 1741 1283 Theodoretus,
1786 1233 1853 1273 ex
1882 1219 2082 1277 affectu

512 1290 677 1344 animi
720 1292 997 1351 laudantis
1035 1299 1220 1367 potius
1269 1316 1433 1371 quam
1474 1319 1543 1358 ex
1589 1306 1773 1376 operis
1821 1308 2083 1380 dignitate

510 1381 778 1448 profectas
812 1398 1087 1443 causatus.
1130 1390 1464 1447 luterierunt
1496 1395 1687 1464 prima:
1720 1414 1733 1450 :
1777 1397 1900 1454 aliis
1943 1399 2083 1455 dua-

510 1470 633 1535 bus,
663 1472 827 1544 306
848 1479 1148 1545 praesertim
1172 1485 1589 1552 posterioribus,
1620 1488 1760 1542 nihil
1781 1490 2083 1561 elegantius

508 1574 564 1617 et
596 1563 956 1635 ingeniosius.

579 1654 644 1710 li.
681 1656 897 1713 Certam
944 1661 1148 1718 habent
1174 1667 1325 1733 anni,
1379 1668 1474 1723 sed
1531 1670 1753 1726 dubiam
1781 1676 1795 1693 ‘
1835 1688 2083 1744 personae

510 1748 692 1797 notam
731 1763 742 1798 :
791 1747 930 1804 datm
974 1761 1103 1806 sunt
1140 1754 1289 1808 enim
1341 1757 1506 1825 paulo
1549 1767 1672 1827 post
1703 1761 1985 1817 absolutos
2025 1763 2081 1818 in

510 1831 827 1903 Apostolum
859 1840 1319 1911 Commentarios,
1364 1846 1418 1901 id
1447 1856 1531 1903 est
1554 1890 1568 1914 ,
1603 1850 1824 1907 circiter
1875 1869 2079 1909 annum

509 1923 630 1979 455.
660 1927 792 1983 Nam
823 1931 1209 1989 Commentarii
1239 1938 1520 2005 pertinent
1550 1942 1618 1996 ad
1657 1942 1805 1997 hunc
1853 1959 2080 2013 annum,

510 2021 570 2065 ut
591 2029 690 2067 suo
718 2016 838 2073 loco
865 2020 1173 2075 confectum
1203 2033 1287 2078 est
1314 2025 1379 2079 ⁸ο.

578 2107 666 2162 Ill.
697 2110 952 2167 Divinare
987 2115 1077 2169 vix
1104 2116 1235 2171 licet
1266 2118 1334 2172 ad
1359 2135 1524 2188 quem
1569 2121 1750 2176 missas
1777 2121 1885 2176 sint
1916 2140 1929 2175 :
1959 2137 2079 2177 cre-

508 2199 674 2255 dibile
713 2209 927 2257 tantum
962 2213 1046 2259 est
1095 2206 1263 2263 fuisse
1294 2209 1632 2279 episcopum,
1674 2213 1876 2282 quippe
1917 2227 2081 2282 quem

508 2292 811 2348 sanctitatis
834 2295 1055 2350 nomine
1077 2300 1384 2368 compellat.
1415 2300 1579 2366 Quid,
1605 2302 1649 2356 si
1678 2302 1847 2357 fuerit
1870 2304 2081 2367 Euthe-

510 2377 624 2431 rius
677 2379 1011 2450 Tyanensis,
1056 2400 1296 2453 quocum
1348 2401 1541 2458 magna
1593 2388 1695 2443 fuit
1733 2389 2082 2446 Theodoreto

510 2467 819 2524 studiorum
849 2472 1105 2538 societas,
1130 2482 1186 2528 ct
1207 2475 1461 2532 amicitia:
1488 2478 1872 2535 necessitudo?

775 2584 1017 2656 Epistola
1049 2588 1082 2641 5
1111 2589 1180 2641 ad
1216 2588 1479 2644 Irenaeum
1503 2592 1819 2663 episcopum.

579 2718 618 2773 1.
652 2719 790 2775 Nota
814 2737 1061 2792 personas
1088 2724 1234 2778 clara
1257 2732 1342 2780 est
1374 2744 1385 2778 :
1414 2742 1538 2781 nam
1598 2727 1922 2784 inscribitur
1960 2729 2078 2785 Ire-

510 2827 622 2864 meo
652 2814 906 2885 episcopo.
939 2815 1064 2869 Fuit
1097 2816 1187 2871 ille
1228 2816 1466 2887 primum
1495 2834 1700 2886 comes,
1731 2826 1845 2874 tum
1877 2837 1945 2876 ex
1983 2837 2079 2877 co—

509 2904 641 2958 mite
670 2906 960 2976 episcopus
1006 2907 1222 2980 Tyrius.
1275 2909 1452 2979 Ipsius
1484 2913 1690 2969 mentio
1739 2913 1801 2968 ﬁt
1841 2914 1896 2969 in
1929 2916 2080 2972 Actis

506 2993 724 3048 concilii
748 2995 1030 3065 Ephesini,
1062 2998 1129 3053 ad
1173 3000 1320 3069 quod
1349 3016 1473 3055 cum
1502 3003 1675 3059 altero
1703 3006 1902 3061 comite
1935 3006 2079 3062 Can-

505 3082 729 3139 didiano
763 3089 944 3153 venit,
979 3089 1090 3159 ipse
1125 3090 1346 3161 quidem
1395 3093 1545 3147 velut
1574 3096 1783 3152 amicus
1819 3097 2076 3165 Nestorii,

503 3178 873 3236 Candidianus
901 3199 1031 3237 vero
1063 3199 1186 3239 cum
1217 3194 1485 3256 potestate
1529 3189 1847 3260 cognituris.
1893 3190 2081 3246 Partes

506 3268 670 3338 igitur
712 3270 948 3326 Nestorii
993 3275 1244 3340 consilio,
1277 3277 1570 3344 industria,
1596 3288 1652 3334 et
1677 3280 1942 3351 dignitate
1975 3298 2077 3337 no-

509 3360 669 3413 minis
687 3361 945 3417 ardenter
973 3364 1132 3432 fovit;
1167 3383 1276 3421 non
1302 3369 1501 3438 Ephesi
1531 3378 1761 3438 tantum,
1788 3373 1883 3428 sed
1913 3372 2077 3429 etiam

503 3449 994 3523 Constantinopoli,
1027 3473 1135 3525 quo
1180 3459 1380 3513 missus
1412 3469 1496 3515 est
1526 3477 1556 3515 a
1589 3462 1983 3530 schismaticis,
2008 3465 2077 3520 ad

505 3540 874 3595 deludendum
919 3543 1302 3614 imperatorem
1324 3588 1339 3613 ,
1367 3548 1498 3603 dum
1536 3551 1738 3621 Ephesi
1771 3569 1859 3609 res
1887 3572 2077 3627 agere-

509 3639 615 3684 tur.
676 3642 679 3643 '

574 3720 639 3774 ll.
668 3721 927 3785 Eamdem
959 3723 1250 3782 factionem
1276 3744 1386 3784 non
1413 3731 1595 3786 minus
1616 3732 1758 3803 juvit
1775 3734 2078 3792 Antiochiae

505 3822 712 3882 postea,
746 3830 856 3885 quo
882 3825 1126 3887 tempore
1161 3820 1419 3878 infandus
1445 3824 1536 3879 ille
1562 3825 1809 3895 Deiparac
1835 3826 2074 3883 Christi-

505 3919 612 3972 que
640 3904 814 3961 hostis
841 3906 1123 3964 Nestorius
1147 3926 1178 3964 e
1216 3926 1317 3966 suo
1346 3914 1523 3968 sancti
1560 3914 1823 3986 Euprepii
1853 3933 2074 3973 secessu

506 3993 694 4049 turbas
714 3996 859 4051 ciere
888 3999 1166 4069 pergebat.
1189 4000 1270 4056 Ob
1298 4002 1445 4058 hunc
1471 4003 1699 4075 impium
1721 4006 1964 4062 favorem
1996 4010 2077 4063 of-

503 4084 678 4139 fendit
719 4086 1067 4157 imperatoris
1119 4091 1401 4160 animum;
1454 4095 1686 4166 ideoque
1726 4099 1981 4154 redactus
2019 4100 2073 4154 in

488 4173 777 4238 ordinem,
824 4186 880 4233 et
923 4180 1130 4250 ejectus
1159 4183 1303 4248 aula,
1345 4184 1401 4238 in
1434 4184 1645 4257 Syriam
1703 4191 1948 4256 secessit,
1979 4191 2072 4246 ubi

506 4266 796 4323 Phaanicize
818 4271 1198 4341 episcoporum
1228 4274 1470 4343 decreto,
1507 4278 1795 4335 ordinante
1825 4281 2075 4339 Theodo-

504 4368 643 4422 reto,
669 4358 845 4431 Tyria:
872 4361 1109 4420 civitatis
1128 4367 1502 4437 episcopatum
1527 4373 1839 4441 capessivit.

572 4452 658 4507 lli.
689 4453 867 4523 Ipsum
893 4463 1072 4511 tamen
1099 4474 1208 4513 non
1242 4459 1334 4514 diu
1369 4462 1543 4517 tenuit
1569 4482 1580 4516 :
1610 4480 1732 4518 nam
1774 4464 2073 4537 imperator
2106 4487 2149 4542 ι)

497 4560 639 4615 aegre
664 4542 846 4601 ferens
866 4547 1187 4603 thnicum
1214 4559 1271 4605 et
1298 4550 1630 4608 Theodoreti
1661 4557 1886 4624 factum,
1910 4560 2073 4629 jussit

499 4634 761 4693 Irenaeum
787 4637 1025 4708 deponi;
1057 4640 1318 4710 primum,
1351 4643 1500 4712 quod
1533 4644 1875 4715 imperatori,
1904 4666 2071 4719 quem

1644 356 2017 420 GARNERJI
2059 358 2555 426 DISSERTATIO
2586 364 2668 425 II.

3651 377 3751 444 256

2110 473 2157 528 Α
2183 467 2453 540 depositio
2495 480 2619 542 post
2664 473 3123 545 quadriennium;
3152 478 3513 550 depositionis
3544 491 3751 558 tempus

2187 561 2540 632 consignatur
2568 565 2751 621 edicto
2787 574 3105 636 praetorum,
3155 570 3347 625 indict.
3388 573 3434 638 l,
3465 589 3608 630 anno
3627 575 3745 635 Dio-

2185 652 2406 708 cletiani
2438 655 2559 722 164,
2595 658 2690 727 qui
2719 667 2804 713 est
2830 658 3034 715 Christi
3063 662 3186 717 448.
3212 661 3498 721 Ordinatio
3541 679 3746 738 peracta

2184 754 2271 797 est
2296 754 2422 800 ante
2455 747 2668 803 obitum
2703 750 2905 816 Procli,
2940 752 3036 822 qui
3065 752 3302 810 decessit
3347 771 3490 812 anno
3524 758 3642 823 ω,
3665 760 3744 816 die

2184 833 2255 891 24
2285 835 2576 907 Octobris;
2613 840 2725 895 imo
2771 850 2896 898 ante
2936 845 3296 912 sanctionem,
3351 863 3458 917 qua
3512 849 3743 907 Theodo-

2185 936 2336 984 retus
2379 930 2523 1002 Cyro
2578 933 3045 1002 coneludebatur;
3098 937 3224 993 data
3262 955 3398 995 vero
3427 950 3512 996 est
3551 943 3744 999 sanctio

2185 1035 2330 1076 anno
2373 1023 2499 1088 445,
2554 1023 2658 1078 sub
2707 1023 2891 1080 tinem.
2918 1026 3053 1081 Nam
3082 1028 3310 1085 Proclus
3355 1031 3743 1093 ordinationem

2185 1110 2456 1179 probavit,
2481 1120 2537 1167 et
2567 1112 2949 1171 Theodoretus
2973 1123 3097 1186 post
3132 1120 3469 1176 sanctionem
3498 1138 3557 1178 se
3584 1127 3745 1182 contio

2184 1202 2305 1256 nuit
2330 1200 2490 1273 Cyro,
2518 1218 2621 1258 nec
2639 1204 2871 1274 proinde
2906 1205 3105 1276 Tyrum
3135 1210 3415 1277 profectus
3432 1222 3535 1268 est.

2256 1285 2343 1345 Vl.
2375 1290 2453 1346 Ex
2473 1293 2577 1348 hac
2595 1293 2847 1361 historia,
2875 1297 3104 1368 ipsoque
3133 1301 3378 1371 epistola:
3415 1317 3740 1376 argumento,

2184 1377 2659 1454 innotescit307
2687 1394 2920 1456 tempus,
2969 1405 3081 1459 quo
3131 1390 3257 1447 data
3285 1400 3370 1448 est
3420 1412 3433 1447 :
3475 1411 3600 1451 nam
3632 1412 3743 1462 cum

2184 1472 2539 1541 quaestionem
2569 1475 2709 1530 hanc
2729 1478 3127 1548 renigmaticam
3149 1481 3390 1538 Irenmus
3412 1484 3744 1540 Theodoreto

2182 1563 2607 1632 proposuisset:
2644 1585 2663 1617 ‹
2718 1566 2773 1622 Si
2809 1568 2977 1639 judcx
3020 1570 3222 1641 impius
3281 1572 3497 1628 duobus
3542 1575 3745 1644 pietatis

2182 1653 2404 1709 athletis
2429 1655 2707 1726 optionem
2749 1658 3002 1727 dederit,
3055 1672 3117 1717 ut
3144 1662 3379 1718 duorum
3409 1665 3638 1721 alterum
3675 1667 3744 1723 fa-

2183 1742 2349 1809 ciant,
2377 1756 2471 1802 aut
2509 1747 3202 1815 sacrificentdzemonibus,
3231 1764 3328 1808 aut
3366 1770 3486 1810 sese
3515 1755 3568 1810 in
3608 1772 3744 1813 mare

2117 1816 2154 1869 Β
2183 1834 2316 1890 dent
2339 1838 2645 1908 praecipites
2673 1858 2686 1893 :
2722 1849 2886 1910 atque
2920 1841 3116 1898 horum
3149 1862 3293 1901 unus
3324 1848 3601 1916 posterius
3622 1851 3745 1904 arri-

2186 1925 2390 1994 puerit,
2416 1926 2786 1998 aiacriterque
2821 1930 2877 1984 in
2906 1930 3242 2001 profundum
3285 1934 3585 2003 desilierit;
3620 1937 3745 1992 alter

2183 2029 2316 2068 vero
2335 2025 2591 2070 neutrum
2615 2017 2863 2089 elegerit,
2889 2019 2982 2075 sed
3013 2021 3284 2077 idolorum
3303 2025 3527 2094 quidem
3551 2027 3740 2081 cultum

2182 2104 2389 2173 prioris
2407 2109 2656 2178 exemplo
2684 2112 2980 2180 respuerit,
3003 2114 3242 2184 seipsum
3273 2125 3459 2171 tamen
3502 2117 3742 2174 fluctibus

2183 2213 2295 2252 non
2337 2200 2636 2270 objecerit,
2685 2202 2783 2258 sed
2823 2207 3245 2275 exspectaverit,
3308 2218 3367 2263 ut
3414 2226 3513 2279 per
3551 2211 3653 2264 vim
3679 2212 3740 2265 ab

2183 2290 2291 2344 alio
2313 2303 2676 2363 mergeretur,
2710 2304 2834 2351 uter
2865 2297 3087 2352 illorum
3115 2299 3321 2355 rectius
3349 2301 3547 2357 fecisse
3574 2302 3741 2358 videa-

2185 2388 2308 2447 tur;
2373 2401 2391 2434 ι
2456 2386 2751 2455 respondet
2804 2388 3185 2446 Theodoretus
3251 2392 3476 2449 laudata
3536 2395 3739 2465 quidem

2181 2470 2385 2539 prioris
2448 2474 2765 2542 alacritate,
2827 2478 2923 2533 sed
2973 2481 3299 2549 posterioris
3366 2485 3590 2554 prmlata
3645 2485 3742 2540 vir-

2183 2568 2318 2627 tute,
2360 2580 2524 2633 quam
2563 2568 2829 2639 exemplis
2874 2578 3189 2626 sanctorum
3218 2571 3538 2646 Christique
3587 2576 3743 2647 ipsius

2180 2656 2521 2723 comprobat.

2251 2767 2363 2823 VII.
2412 2770 2564 2827 Hanc
2624 2775 3046 2843 responsionem
3102 2786 3329 2835 secutus
3369 2781 3608 2839 [remeas
3641 2798 3740 2839 non

2180 2869 2376 2929 sponte
2420 2863 2644 2920 recessit
2671 2881 2701 2920 a
2731 2866 2881 2933 sede,
2935 2869 3031 2924 sed
3063 2874 3423 2941 exspectavit,
3464 2876 3631 2929 donec
3653 2890 3740 2943 per

2178 2951 2293 3004 vim
2323 2951 2635 3021 ejiceretur.
2668 2955 2902 3027 Urgente
2929 2960 3076 3014 enim
3119 2961 3474 3031 imperatoris
3506 2964 3741 3020 mandato

2185 3049 2246 3094 ut
2273 3042 2357 3094 vel
2386 3042 2609 3097 Mariam
2645 3046 2913 3116 virginem
2946 3048 3272 3120 simpliciter
3304 3070 3368 3109 ac
3418 3055 3536 3109 sine
3566 3054 3740 3110 restri-

2108 3146 2150 3204 ρ,
2182 3132 2363 3186 ctione
2418 3132 2705 3203 Deiparam
2764 3138 2993 3206 diceret,
3044 3143 3132 3197 vel
3181 3144 3310 3199 sede
3367 3153 3600 3212 careret,
3654 3160 3740 3217 per

2180 3227 2575 3298 tenigmatieam
2614 3231 2973 3299 quaestionem
3013 3250 3043 3289 a
3085 3236 3439 3294 Theodoreto
3469 3239 3738 3295 consilium

2180 3318 2451 3387 petierat;
2487 3320 2644 3388 petiit
2669 3321 2836 3391 Igitur
2872 3323 3092 3380 circiter
3119 3341 3323 3382 annum
3354 3329 3479 3394 446,
3514 3339 3606 3384 aut
3628 3329 3737 3383 M7.

2179 3408 2447 3473 Pependit
2487 3411 2637 3465 enim
2668 3412 2764 3466 diu
2796 3412 2990 3470 Irenzei
3037 3433 3223 3484 causa,
3285 3430 3345 3475 ut
3378 3422 3652 3492 colligitur
3680 3436 3739 3475 ex

2178 3503 2407 3572 epistola
2431 3503 2515 3558 16.

2248 3597 2381 3652 Vill.
2416 3598 2587 3652 Porro
2617 3607 2799 3659 autem
2827 3602 2884 3656 in
2921 3600 3179 3672 Catalogo
3220 3602 3490 3659 librorum
3538 3605 3739 3677 Syriaca

2177 3686 2361 3758 lingua
2406 3691 2844 3761 conscriptorum
2871 3693 3093 3764 legitur,
3130 3695 3273 3765 apud
3301 3696 3692 3752 Hebed-Jesum
3722 3713 3734 3749 :

2185 3798 2204 3830 r
2238 3779 2476 3835 Irenaeus
2508 3781 2706 3854 Tyrius
2735 3786 3039 3855 composuit
3058 3787 3555 3843 ecclesiasticarum
3581 3788 3737 3843 histo-

2176 3871 2380 3927 riarum
2413 3873 2582 3931 libros
2613 3876 2857 3949 quinque
2883 3877 2951 3932 de
2985 3879 3259 3949 ejectionc
3307 3881 3584 3948 Nestorii;
3616 3895 3733 3935 nec-

2175 3980 2287 4019 non
2317 3965 2385 4021 de
2417 3967 2672 4023 omnibus
2719 3969 2786 4023 iis
2829 3985 2951 4039 qua:
2983 3970 3038 4025 in
3091 3970 3199 4025 illis
3234 3971 3556 4041 regionibus
3595 3981 3733 4043 gesta

2176 4065 2320 4112 sunt.
2363 4076 2381 4108 ι
2421 4058 2657 4114 Dubium
2698 4060 2938 4127 videtur,
2994 4077 3176 4117 annon
3233 4063 3337 4118 iste
3393 4064 3733 4120 historiarum

2175 4148 2411 4218 scriptor
2434 4151 2506 4205 sit
2530 4151 2769 4207 fremens
2821 4153 2932 4216 ille,
2980 4153 3049 4208 de
3095 4170 3207 4223 quo
3239 4171 3424 4210 sermo
3444 4163 3528 4211 est
3558 4174 3571 4209 :
3599 4162 3732 4209 certe

2175 4254 2298 4293 cum
2332 4241 2677 4297 Theodoreto
2700 4244 2851 4297 velut
2889 4245 3084 4314 aequali
3122 4247 3390 4316 jungitur,
3429 4263 3549 4317 qua:
3576 4243 3731 4300 videri

2173 4339 2351 4401 potest
2377 4332 2679 4388 aﬂirmandi
2720 4335 2860 4389 ratio
2891 4354 2902 4389 :
2940 4353 3080 4406 opus
3120 4338 3226 4392 hoc
3258 4337 3501 4393 nondum
3531 4339 3584 4393 in
3631 4336 3732 4392 Eu-

2174 4439 2307 4494 ropa
2336 4424 2514 4479 visum
2544 4434 2649 4491 est,
2684 4427 2832 4496 quod
2868 4429 3091 4498 quidem
3122 4430 3312 4485 sciam.

2627 4538 2871 4610 Epistola
2893 4541 2927 4594 4
2952 4542 3293 4597 heortastica.

2238 4648 2280 4703 ι.
2311 4649 2530 4705 Nullum
2559 4651 2726 4707 habet
2757 4653 3128 4710 characterem
3154 4657 3269 4712 sive
3295 4658 3447 4724 anni,
3471 4660 3586 4714 sive
3612 4673 3729 4727 pcr-

496 4724 820 4792 offenderat,
847 4744 1046 4785 exosus
1076 4740 1257 4797 esset;
1299 4731 1519 4795 deinde.
1545 4734 1692 4804 quod
1716 4736 1940 4794 hteresis
1962 4740 2073 4795 Ne-
2169 4753 2337 4805 sonte,
2374 4740 2536 4796 habet
2570 4744 2894 4798 nonnullum
2934 4745 3081 4811 festi,
3111 4763 3310 4818 nempe
3343 4749 3689 4804 Pentecostes
3714 4762 3727 4799 :

498 4817 753 4873 storianze
795 4822 1017 4878 nomine
1063 4833 1384 4895 suSpectus;
1436 4825 1695 4898 denique,
1725 4830 1871 4901 quod
1918 4831 2072 4902 diga-

498 4925 639 4964 IDUS.

567 5003 653 5057 ιν.
688 5004 1038 5074 Imperatoris
1078 5006 1158 5061 ira
1189 5007 1245 5063 in
1287 5009 1492 5064 irenazo
1527 5026 1639 5067 non
1669 5014 1840 5077 stetit,
1873 5014 1970 5071 sed
1999 5015 2068 5071 ad

496 5095 785 5150 l’hmnices
829 5096 1118 5167 episcopos
1176 5107 1233 5153 et
1277 5100 1691 5158 Theodoretum
1747 5107 2015 5175 pertinuit
2051 5127 2063 5162 :

496 5185 617 5240 illos
635 5187 782 5240 enim
809 5187 1054 5258 jussitde
1083 5189 1189 5245 fide
1216 5192 1417 5247 sentire
1448 5203 1657 5264 aperte,
1683 5197 1830 5266 quod
1859 5198 1915 5251 in
1942 5214 2068 5253 san-

494 5274 686 5330 cienda
712 5293 843 5347 pace
867 5285 1130 5335 statutum
1147 5288 1284 5336 erat.
1317 5282 1486 5338 Istum
1521 5287 1692 5340 vetuit
1717 5287 1902 5358 egredi
1929 5289 2064 5345 ﬁnes

490 5367 636 5437 Cyri,
670 5385 793 5442 quae
824 5371 1007 5426 omnia
1049 5372 1434 5445 intelliguntur
1482 5392 1548 5431 cx
1589 5378 1819 5447 cpistola
1858 5381 1957 5436 110
2008 5391 2065 5437 ct

490 5459 631 5515 aliis.

566 5548 625 5605 V.
652 5549 894 5623 Contigit
926 5555 1113 5613 lrenzei
1159 5558 1436 5616 ordinatio
1489 5575 1634 5616 anno
1673 5560 1893 5619 circiter
1933 5565 2060 5631 444,

2172 4830 2233 4884 ﬁt
2261 4832 2408 4887 enim
2458 4834 2665 4890 mentio
2696 4836 2893 4906 pluviae
2925 4847 3230 4908 opportune
3269 4839 3428 4904 datm,
3459 4856 3583 4896 cum
3613 4854 3728 4893 san-

2172 4922 2478 4979 ctissimum
2504 4928 2703 4981 festum
2728 4939 3003 4999 ageretur.
3036 4920 3303 5001 optabilis
3336 4949 3469 4988 vero
3496 4932 3729 5003 frugibus

2169 5014 2355 5084 pluvia
2381 5017 2523 5072 solet
2554 5033 2673 5073 esse
2708 5027 2954 5089 tempore
2985 5021 3354 5079 Pentecostes.
3732 5026 3735 5030 ’

2239 5107 2305 5161 ll.
2337 5108 2567 5163 Fiebant
2604 5125 2772 5178 porro
2801 5111 3077 5168 festivales
3120 5114 3479 5170 salutationes
3510 5115 3564 5169 in
3589 5110 3731 5169 festis

2169 5198 2504 5254 solemnibus
2527 5240 2541 5265 ,
2589 5204 2725 5271 quas
2753 5203 2944 5270 ἑορτὰς
2971 5205 3237 5277 κυριακὲις
3262 5208 3276 5224 ‘
3306 5205 3478 5261 Grzcei
3505 5211 3724 5268 vocant;

2172 5305 2280 5344 non
2309 5296 2489 5345 tamen
2532 5291 2586 5345 in
2626 5292 2903 5354 omnibus.
2943 5294 3037 5349 sed
3085 5295 3141 5348 in
3196 5296 3484 5366 prxecipuis
3543 5297 3725 5357 tribus,

2173 5379 2544 5451 Theophania,
2589 5383 2851 5439 Paschate
2904 5393 2961 5439 et
2997 5386 3336 5443 Pentecoste.
3371 5386 3727 5459 Theophanis!

2170 5474 2412 5538 nomine,
2442 5483 2709 5544 quantum
2736 5475 2845 5531 huc
2875 5476 3131 5547 pertinet,
3156 5479 3503 5534 Nativitatem
3532 5476 3723 5534 Christi

2169 5574 2224 5619 et
2259 5566 2618 5637 Epiphaniam
2654 5568 3160 5638 complectebantur
3212 5590 3225 5626 :
3274 5570 3728 5642 quemadmodum

1836 5719 2151 5776 SCIIULZII
2190 5721 2419 5777 NOTAE.

558 5776 601 5809 ⁵⁸⁸
634 5775 747 5833 Viri.
774 5794 956 5851 supra,
988 5798 1041 5852 p.
1072 5784 1195 5837 276.
