3926 6216
201 266 283 331 251
1329 265 1427 326 DE
1466 262 1722 325 LIBRIS
1757 261 2268 326 THEODORETI.
3313 274 3418 336 ass

203 384 394 442 nomine
443 364 728 439 Paschalis
795 381 1056 453 praeviam
1108 379 1461 452 passionem;
1518 378 1741 434 nomine

1896 375 2031 430 E65ta
2047 378 2075 430 ὁ
2084 377 2199 448 μῶν
2211 377 2572 452 δυσχεραίνει,
2588 388 2692 437 etc.
2707 381 2856 449 Qum,
2875 383 3091 453 opinor,
3109 384 3247 438 verti
3260 399 3420 454 opor-

205 480 542 541 Pentecostes,
577 474 869 544 ἀνάληψιν,
897 474 1012 529 sive
1036 473 1431 529 ascensionem.
1853 468 1976 534 tuit,
1997 468 2177 524 Pietas
2206 480 2376 525 vestra
2395 472 2727 542 indignatur,
2753 483 2859 529 etc.
2889 474 3076 544 Neque
3105 475 3253 529 enim
3284 476 3421 530 solet

262 568 662 636 Ill.Pr:eeipute
712 581 843 622 vero
884 574 944 621 et
987 581 1085 635 per
1137 563 1513 620 excellentiam
1566 561 1748 632 ἑορταὶ
1849 558 2231 617 Theodoretus
2279 563 2474 632 plurali
2510 580 2749 620 numero
2793 582 2893 636 pro
2941 566 3208 637 singulari
3256 569 3334 621 uti
3362 569 3421 622 in

210 660 434 731 κυριακαὶ
478 659 828 723 dicebantur,
854 658 940 712 vel
968 673 1036 711 eo
1072 658 1305 712 maxime
1325 697 1340 721 ,
1377 655 1521 725 quod
1550 654 1750 709 Orien-
1848 650 2165 722 hujusmodi
2206 654 2363 709 locis.
2404 656 2666 725 Suspicor
2694 657 2861 723 hunc,
2900 659 2966 713 ad
2994 675 3157 728 quem
3184 658 3418 725 scribit,

212 754 269 809 tis
286 768 420 807 more
472 751 738 806 solemnis
765 750 1070 820 baptismus
1101 750 1156 804 in
1203 751 1336 820 ipsis
1356 748 1746 804 celebraretur.
1848 758 1969 798 esse
2020 743 2273 814 Alypium
2325 746 2718 801 monachorum
2751 748 3046 820 Cyresticae
3084 749 3257 803 totius
3286 764 3420 819 pro-

212 844 322 900 Vide
342 844 642 898 orationem
673 840 1051 912 Chrysostomi
1085 841 1155 896 de
1187 850 1378 896 saneto
1405 838 1746 909 Philogonio,
1850 834 2062 900 vincite,
2084 844 2180 889 aut
2203 847 2352 892 certe
2371 837 2498 909 Cyri
2528 839 2845 896 exarehum.

212 942 258 986 et
278 931 476 987 tertiam
500 930 685 985 Procli
714 930 785 985 de
814 930 1214 986 lncarnatione.

1896 948 2095 1019 'pt'stola
2125 949 2194 1004 10
2221 953 2657 1009 commendatilia
2676 995 2691 1021 ,
2725 955 2793 1008 ad
2822 954 3003 1009 Eliam
3035 953 3420 1010 scholasticam.

1922 1064 2113 1119 Datam
2181 1073 2399 1134 oportet
2445 1075 2565 1136 post
2610 1083 2811 1123 annum
2853 1069 2977 1124 445.
3039 1068 3227 1138 Neque
3277 1068 3424 1123 enim

266 1159 467 1214 Nullum
491 1158 645 1221 anni,
676 1158 915 1227 aliquem
943 1157 1065 1212 festi
1088 1169 1441 1226 personaeque
1474 1154 1752 1209 characte-
1852 1157 2236 1214 Theodoretus
2258 1168 2383 1214 ante
2408 1159 2510 1214 hoc
2533 1168 2747 1230 tempus
2768 1170 2863 1215 aut
2892 1160 2946 1216 in
2962 1162 3053 1232 jus
3089 1178 3120 1216 a
3149 1176 3425 1232 quoquam

218 1267 311 1306 rem
348 1251 584 1306 exhibet.
622 1249 855 1304 Videtur
909 1251 1055 1304 enim
1105 1248 1307 1318 scripta
1362 1247 1418 1301 in
1459 1246 1752 1301 Nativitate
1850 1256 2079 1303 vocatus
2118 1257 2221 1313 est,
2266 1258 2362 1304 aut
2396 1249 2651 1321 cuiquam
2686 1251 2925 1305 intendit
2948 1251 3135 1317 litem;
3186 1253 3297 1307 imo
3325 1268 3427 1307 nec

214 1342 404 1407 Christi,
432 1357 543 1412 quo
572 1352 823 1412 tempore
850 1361 867 1393 ‹
894 1342 1040 1396 Deus
1073 1340 1220 1395 curis
1246 1339 1409 1409 308
1433 1337 1756 1409 angoribus—
1854 1337 1999 1391 ullus
2020 1337 2273 1409 Cyrensis
2294 1339 2553 1395 Ecclesia:
2584 1341 2837 1406 clericus,
2862 1351 2921 1395 ut
2940 1345 3215 1412 expressis
3243 1342 3429 1398 verbis

215 1451 299 1504 que
319 1435 507 1488 nostris
527 1431 874 1488 occasionem
897 1430 1287 1487 consolationis
1307 1428 1693 1499 suppeditavit.
1727 1446 1746 1478 ι
1853 1429 2017 1500 309
2043 1431 2292 1485 scribens
2314 1432 2380 1485 ad
2406 1432 2637 1487 Nomum
2661 1434 2938 1488 consulem
2968 1435 3214 1488 tradit”.
3243 1435 3299 1488 In
3328 1435 3429 1489 hac

214 1520 409 1575 Videtur
453 1520 620 1574 etiam
659 1520 729 1574 ad
781 1520 1048 1575 illustrem
1094 1519 1273 1573 virum
1305 1520 1509 1584 missa,
1554 1518 1754 1588 quippe
1858 1530 2038 1576 tamen
2081 1522 2314 1592 epistola
2359 1525 2709 1580 manifestum
2753 1534 2856 1589 est,
2903 1526 3162 1581 Abraami
3207 1527 3425 1581 cuidam

215 1628 349 1681 quem
387 1611 801 1681 magnificentia:
845 1611 1063 1665 nomine
1113 1610 1401 1679 compellat
1444 1627 1458 1663 :
1508 1610 1756 1679 suspicor
1856 1612 2115 1669 Ecclesiae
2132 1614 2391 1686 Cyrensis
2414 1616 2780 1687 deprmdatori
2815 1618 2965 1672 litem
2990 1618 3109 1674 ﬁeri
3133 1618 3277 1689 apud
3304 1634 3433 1688 prm-

216 1701 354 1758 fuisse
376 1702 695 1773 praaiectum
724 1701 1034 1774 Cyresticae,
1066 1711 1162 1757 aut
1188 1702 1353 1757 etiam
1382 1699 1641 1757 Orientis.
1784 1713 1832 1773 Β
1860 1704 2059 1759 fectum
2082 1705 2320 1763 Orientis
2346 1709 2650 1764 Antiochiae
2676 1709 3030 1775 residentem,
3078 1720 3133 1765 et
3176 1709 3431 1765 advocari

610 1814 910 1885 Ερξδιοιαδ
940 1815 1278 1869 Mortam“.
1860 1796 2035 1851 Eliam
2082 1799 2490 1873 scholasticum,
2532 1811 2591 1856 ut
2631 1818 2848 1857 causam
2894 1802 3063 1857 dicat.
3106 1801 3239 1869 Quis
3270 1816 3433 1871 porro

272 1928 481 1983 Videtur
505 1930 678 1983 missa
703 1934 829 1998 post
852 1926 1142 1982 Paschales
1167 1925 1287 1981 dies
1313 1943 1326 1977 :
1358 1924 1439 1979 illi
1468 1923 1616 1980 enim
1651 1922 1759 1979 l‘re-
1859 1888 2502 1998 fueritfbﬁaamcﬁﬁauf
2524 1893 2843 1998 ίῖυίδηειίίξδν
2869 1893 3166 1995 (ξδδωτυω
3187 1900 3292 1957 es"
3324 1891 3432 1992 θίῗί

219 1980 1556 2091 quentiusia'l‘heo‘doretodicuntursalutares.
1594 2015 1759 2070 Certe
1859 1980 2003 2050 quod
2031 1981 2120 2084 me
2171 1982 2612 2084 iumbiSSimus
2654 1983 2839 2050 fuerit’
2891 1984 2994 2038 me
3027 1985 3172 2054 juris
3194 1992 3250 2039 et
3297 1982 3434 2039 anis

222 2081 362 2170 lestos
390 2115 507 2169 dies
533 2114 713 2185 egisse
743 2128 800 2169 se
825 2128 948 2168 eum
988 2112 1191 2183 populo
1220 2127 1320 2167 suo
1341 2110 1465 2182 Cyri
1488 2108 1686 2164 innuit.
1860 2081 2116 2127 oratoria:
2137 2081 2364 2143 pomus-

365 2223 603 2295 Epistola
637 2225 668 2278 7
698 2222 1073 2289 consolatoria,
1104 2222 1174 2276 ad
1201 2221 1546 2277 Theonillam.

1896 2209 2102 2279 Ipt'stola
2139 2209 2197 2263 Η
2237 2209 2593 2295 gratulatoria
2627 2212 2696 2265 ad
2723 2210 3033 2293 Flavianum
3059 2209 3433 2265 Constantino-

2315 2281 2617 2350 politanum
2656 2284 2970 2352 episcopum.

1931 2368 1970 2423 1.
1998 2369 2341 2425 Manifestum
2370 2372 2532 2431 habet
2554 2373 2681 2426 anni
2700 2382 2755 2426 et
2780 2387 3022 2441 persontc
3041 2372 3431 2425 characterem.

1863 2462 2242 2517 Theodoretus
2288 2465 2436 2518 enim
2501 2465 2760 2519 Flaviano
2818 2464 3124 2535 gratulatur
3177 2462 3436 2533 adeptum

1864 2554 2018 2610 urbis
2055 2555 2215 2625 regiae
2240 2556 2635 2625 episcopatum,
2666 2556 2723 2611 in
2752 2558 2769 2575 ‘
2793 2570 2957 2625 quem
2995 2554 3258 2609 successit
3300 2555 3435 2608 Pro-

1862 2646 1967 2710 clo,
2021 2648 2114 2717 qui
2164 2648 2310 2702 diem
2347 2656 2653 2703 extremum
2698 2648 2892 2703 clausit
2923 2663 3069 2702 anno
3097 2648 3221 2713 ΛΗ,
3253 2647 3340 2702 die
3367 2648 3438 2704 24

220 2723 427 2795 Epistola
456 2727 489 2782 8
523 2725 883 2781 consolatoria
904 2726 1065 2780 simul
1089 2744 1151 2782 ac
1182 2727 1521 2793 heartastica,
1553 2721 1624 2778 ad
1656 2721 1764 2778 Eu-
1862 2736 2132 2793 οειοιπίε,

838 2799 1136 2868 graphium.
1934 2830 1978 2868 n
2052 2832 2128 2868 no

616 1043 861 1116 Epistola
892 1045 925 1101 5
950 1045 1288 1100 heartastica.

273 2337 465 2393 Nullam
507 2338 676 2394 habet
714 2338 842 2392 anni
885 2345 1104 2404 notam;
1144 2352 1391 2407 personae
1428 2352 1560 2391 vero
1611 2335 1759 2390 illam

226 2429 479 2493 damnat,
519 2447 627 2500 qua
681 2430 1001 2501 designatur
1037 2428 1265 2484 illustris
1297 2428 1520 2492 femina,
1568 2427 1760 2498 pietati

224 2521 395 2587 dedita,
426 2524 526 2577 viri
574 2523 1104 2594 magnilicentissimi
1136 2539 1294 2589 uxor,
1327 2524 1484 2594 cujus
1526 2522 1579 2575 in
1604 2521 1758 2577 obitu

220 2615 575 2671 consolatorias
596 2616 981 2671 Theodoretus
1010 2614 1104 2671 dat
1125 2616 1356 2670 litteras.

1934 2830 1999 2885 ll.
2052 2832 2128 2885 De
2166 2831 2442 2893 Flaviano,
2491 2832 2584 2901 qui
2638 2842 2762 2901 post
2810 2831 3206 2901 depositionem
3247 2848 3277 2887 a
3308 2832 3439 2888 Dio-

275 2906 314 2961 l.
339 2907 523 2964 Certus
548 2918 634 2965 est
666 2912 928 2981 temporis
947 2913 1232 2968 character
1256 2956 1270 2981 ,
1324 2914 1451 2971 data
1491 2917 1762 2988 siquidem
1865 2938 2023 2980 scoro
2065 2925 2118 2978 in
2143 2924 2447 2979 latrocinali
2472 2925 2705 2980 concilio
2731 2925 2948 2989 factam,
2981 2925 3152 2978 nobili
3179 2926 3441 2996 martyrio

220 3003 656 3110 estpostalteram
685 3021 700 3057 :
786 3002 1261 3110 ‘Supervac‘aneum
1283 3005 1424 3062 duco
1462 3010 1762 3078 spiritualia
1791 3051 1835 3110 ϐ
1866 3017 2157 3071 defunctus
2203 3025 2306 3081 est,
2336 3017 2547 3087 egimus
2590 3016 2802 3086 prolixe
2840 3015 2896 3069 in
2923 3016 3070 3070 notis
3102 3016 3169 3070 ad
3200 3015 3437 3071 Liberali

222 3091 391 3146 iterum
422 3094 665 3150 remedia
711 3095 890 3150 dolori
929 3095 1213 3152 adhibere.
1259 3116 1277 3150 ι
1327 3098 1454 3154 Hme
1482 3110 1664 3156 autem
1688 3103 1766 3157 al-
1793 3091 1835 3110 ’⁸
1886 3110 2241 3166 Breviarium.

223 3191 344 3248 ιεηι
376 3201 489 3254 Ψιεε
516 3187 697 3242 alieno
737 3187 858 3243 Ῑοοο
889 3189 1089 3258 βοείων
1118 3190 1452 3261 semagesima
1481 3208 1626 3248 nona
1660 3209 1763 3247 nu-
1938 3202 2027 3256 ΙΙΙ.
2057 3202 2214 3256 Nune
2243 3200 2486 3256 breviter
2518 3199 2749 3255 dicenda
2773 3200 3047 3255 sententia
3080 3199 3148 3255 de
3182 3198 3442 3268 quaestio—

222 3288 451 3341 literatur,
497 3280 701 3348 scripta
751 3289 876 3345 est,
926 3296 1036 3350 quo
1089 3291 1333 3351 tempore
1379 3284 1764 3342 Theodoretus
1864 3293 2030 3348 nibus
2067 3294 2301 3359 duabus,
2353 3309 2506 3363 quas,
2532 3292 2735 3348 eruditi
2780 3301 3051 3346 movent:
3100 3296 3231 3361 quot
3270 3305 3444 3345 annos

222 3365 327 3438 Cyri
361 3369 702 3426 detinebatnr
723 3371 767 3402 "
798 3390 811 3425 :
847 3392 865 3423 ι
895 3373 1008 3427 Nisi
1034 3389 1119 3428 me
1155 3376 1503 3432 necessitatis
1542 3378 1762 3434 vincula
1865 3400 2062 3456 nempe
2104 3385 2396 3440 Flavianus
2429 3385 2653 3449 sederit,
2696 3385 2792 3439 ubi
2819 3393 2875 3438 et
2897 3383 3115 3454 quando
3140 3383 3211 3438 sit
3243 3382 3441 3437 defun-

224 3461 566 3528 retinuissent,
590 3465 950 3520 accurrissem
974 3467 1251 3537 evestigio
1270 3468 1435 3523 simul
1457 3484 1521 3525 ac
1548 3469 1617 3524 de
1651 3485 1768 3524 ma-
1865 3484 2007 3531 ctus.
2067 3475 2172 3531 Sed
2225 3475 2380 3544 prius
2431 3475 2773 3530 observanda
2831 3474 2974 3537 duo,
3028 3475 3281 3539 alterum,
3335 3489 3444 3543 qua

224 3549 378 3618 sniﬁci
406 3568 467 3607 ³ο
502 3552 728 3624 8¹υ¹¹ί⁰⁵ί
775 3552 1023 3625 coniugis
1071 3555 1150 3609 ίυί
1182 3554 1513 3613 dominio“
1562 3572 1767 3627 οοεςηο-
1867 3567 2246 3623 Theodoretus
2268 3574 2385 3621 arte
2409 3566 2724 3620 Flavianum
2748 3566 2953 3629 laudet;
2983 3566 3061 3618 ait
3082 3566 3228 3620 enim
3248 3603 3262 3626 ,
3302 3584 3320 3615 ε
3341 3564 3442 3619 ob-

223 3640 327 3703 νίνι
354 3652 453 3699 θῐε-
1190 3688 1205 3695 υ
1867 3674 2082 3716 scuram
2128 3668 2346 3712 noctem
2389 3657 2445 3711 in
2492 3673 2686 3727 puram
2736 3658 3024 3713 meridiem
3072 3657 3142 3711 ab
3175 3658 3292 3727 ipso
3321 3666 3443 3711 tan-

282 3733 339 3788 ll.
365 3735 651 3807 Epistolam
687 3737 813 3793 dico
857 3738 1276 3794 consolatoriam
1309 3742 1471 3796 simul
1508 3749 1564 3796 et
1603 3742 1767 3797 heor-
1866 3765 2028 3819 quam
2076 3748 2381 3803 clarissimo
2419 3748 2570 3802 orbis
2612 3747 2818 3803 lumine
2872 3764 3214 3803 conversam.
3249 3766 3266 3798 ι
3324 3746 3444 3812 Quo

228 3826 439 3882 tasticam
474 3830 680 3885 :missa
727 3830 874 3884 enim
909 3840 992 3885 est
1030 3843 1153 3902 post
1193 3833 1501 3902 passionem
1524 3833 1754 3889 Christi.
1866 3837 2015 3892 dicto
2064 3836 2283 3891 videtur
2326 3836 2486 3889 tacite
2526 3836 2779 3889 Proclum
2818 3850 3070 3906 arguere,
3097 3833 3250 3902 quasi
3278 3847 3444 3887 vexa-

230 3935 247 3967 ι
280 3917 432 3984 Unde,
477 3920 656 3990 inquit
683 3918 752 3985 ⁸³,
794 3920 1011 3984 sollicit,
1061 3924 1146 3978 vel
1183 3923 1250 3978 ad
1293 3939 1564 3979 summam
1599 3926 1769 3980 tristi-
1865 3931 2033 3986 tionis
2059 3944 2170 3983 suae
2190 3935 2510 3990 auctorem;
2546 3926 2748 3996 quippe
2776 3927 2867 3996 qui
2916 3944 2933 3977 ι
2965 3925 3207 3979 humano
3233 3931 3444 3978 terrore

228 4006 335 4061 tiam
360 4011 743 4082 proﬂigandam
790 4013 1113 4068 salutarium
1150 4015 1494 4070 cruciatuum
1529 4017 1644 4071 sola
1675 4033 1768 4072 re—
1866 4020 2142 4076 cohibitus
2167 4019 2257 4082 sit,
2292 4032 2362 4072 ne
2413 4031 2514 4086 pro
2557 4015 2890 4086 evangelieis
2939 4013 3287 4085 dogmatibus
3335 4013 3447 4067 ala-

228 4100 607 4174 eordatiozpro
630 4112 825 4158 natura
843 4104 990 4159 enim
1014 4106 1252 4161 humana
1270 4107 1326 4160 hi
1354 4108 1595 4178 suscepti
1614 4117 1766 4167 sunt.
1867 4115 2035 4169 criter
2084 4111 2391 4168 dimicaret.
2429 4129 2446 4160 ι
2491 4109 2689 4164 Proclo
2732 4116 2883 4164 certe
2932 4123 3042 4162 non
3097 4106 3447 4176 aequissimus
3512 4119 3519 4125 ‘

228 4191 421 4249 Mortem
453 4197 598 4250 enim
634 4196 900 4252 Dominus
929 4196 1238 4264 destruxit,
1294 4214 1405 4254 non
1464 4209 1525 4255 ut
1565 4216 1766 4272 corpus
1868 4206 2249 4261 Theodoretus
2293 4203 2430 4263 fuit,
2488 4200 2856 4271 Mopsuestcni
2910 4199 3186 4254 Theodori
3243 4214 3444 4264 causa,

231 4298 369 4339 unum
414 4287 480 4343 de
502 4296 680 4343 morte
721 4289 1088 4358 triumphasse
1144 4290 1497 4355 ostenderet,
1545 4294 1643 4348 sed
1709 4303 1768 4348 ut
1868 4312 2031 4368 quem
2061 4304 2117 4350 et
2145 4294 2523 4348 Theodoretus
2554 4292 2859 4361 deperibat,
2886 4298 2941 4345 et
2970 4290 3197 4345 Proclus
3242 4290 3447 4358 scripto

230 4390 535 4433 communem
570 4396 669 4450 per
696 4380 829 4435 illud
851 4382 1308 4437 resurrectionem
1342 4393 1645 4453 praestaret,
1680 4393 1765 4439 at-
1799 4402 1844 4457 ι)
1872 4389 1939 4443 ad
1961 4388 2226 4442 Armenes
2259 4393 2404 4439 tomo
2433 4382 2829 4438 conlutaverat.

230 4481 316 4535 que
355 4457 497 4525 hanc
536 4471 698 4527 nobis
737 4487 890 4542 spem
941 4471 1152 4528 ﬁrmam
1177 4474 1467 4544 praeberet.
1499 4474 1653 4541 Quod
1693 4476 1761 4542 si,
1940 4477 2023 4533 IV.
2072 4475 2340 4537 Alterum,
2382 4474 2585 4526 mirum
2632 4470 2829 4535 videri,
2883 4485 2981 4525 cur
3027 4470 3278 4540 cpistola,
3325 4484 3447 4541 quae

229 4573 331 4615 eum
352 4563 542 4619 divina:
578 4564 909 4620 festivitates
931 4565 1301 4620 omnimodam
1335 4567 1766 4622 consolationem
1866 4578 1976 4626 tam
2009 4576 2196 4637 aperta
2226 4564 2490 4634 temporis
2513 4571 2639 4617 nota
2666 4563 2898 4634 insignis
2926 4570 3030 4627 est,
3073 4563 3188 4615 visa
3238 4561 3309 4615 sit
3354 4561 3445 4617 ni-

230 4653 397 4711 aﬂ'erre
426 4657 657 4722 soleant,
711 4656 948 4712 tristitia:
997 4656 1245 4712 dolorem
1289 4674 1401 4712 non
1447 4674 1766 4729 expugnas,
1866 4660 2164 4716 hilominus
2188 4656 2422 4711 Baronio
2464 4655 2667 4724 scripta
2698 4663 2824 4725 post
2849 4653 3193 4707 latrocinium
3218 4652 3447 4722 Ephesi-

232 4743 426 4811 “adeo,
465 4765 484 4798 ι
527 4754 635 4802 θῑε·
1865 4767 1999 4807 num
2024 4767 2039 4817 ;
2060 4756 2117 4805 et
2143 4749 2268 4803 ideo
2295 4749 2350 4802 in
2378 4748 2713 4809 columnam,
2749 4745 2897 4799 velut
2928 4743 3291 4813 epitaphium,
3324 4760 3448 4798 san—

232 4852 441 4925 Epistola
470 4858 503 4914 9
534 4858 821 4930 familiaris
847 4857 1009 4912 simul
1039 4866 1088 4911 et
1129 4858 1477 4930 apologetica,
1525 4859 1596 4913 ad
1640 4878 1759 4917 ano-

1896 4852 1967 4899 :to
2009 4840 2233 4910 martyri
2280 4837 2624 4893 incidendam
2656 4855 2668 4889 :
2697 4836 2901 4904 scripta
2938 4834 3084 4889 enim
3116 4846 3202 4890 est
3232 4834 3448 4892 duobus

836 4944 1072 5001 nymum.
1164 4925 1174 4930 ’
1289 4925 1305 4929 ⁷
1877 4936 2049 4992 ferme
2075 4932 2234 4988 annis
2262 4939 2386 4985 ante
2412 4928 2682 4999 ejusmodi
2709 4925 3026 4982 concilium.

292 5016 584 5076 Deditanno
607 5022 733 5087 M9,
762 5021 867 5076 sub
898 5021 1081 5085 linem,
1118 5028 1409 5090 postquam
1451 5022 1665 5077 audivit
1700 5024 1769 5080 de
1948 5026 2011 5079 ν.
2063 5024 2138 5077 De
2186 5020 2605 5089 annis,0quibus
2637 5016 2927 5072 Flavianus
2954 5018 3113 5081 sedit,
3148 5025 3449 5089 pugnantes

232 5113 467 5167 sententia
501 5114 555 5168 in
589 5112 899 5168 latrocinali
949 5111 1183 5167 concilio
1217 5111 1276 5165 in
1309 5126 1367 5166 se
1397 5111 1522 5167 data
1550 5129 1564 5166 :
1591 5115 1768 5170 amico
1878 5126 2006 5175 sunt
2028 5122 2313 5170 auctorum
2335 5110 2639 5166 sententiae.
2665 5111 2771 5166 Alii
2796 5111 3081 5165 biennium
3131 5120 3190 5165 et
3231 5125 3450 5166 menses

233 5200 377 5268 enim,
399 5214 486 5260 aut
505 5206 811 5261 amicorum
839 5203 1006 5258 coetui
1028 5203 1233 5274 potius,
1270 5204 1525 5274 injuriam
1562 5205 1767 5261 illatam
1871 5205 2060 5260 decem
2082 5200 2288 5257 sedisse
2312 5206 2602 5265 asserunt;
2634 5198 2727 5254 alii
2753 5216 2957 5255 annum
2987 5199 3250 5254 duntaxat
3278 5215 3447 5256 unum

233 5304 355 5359 aegre
380 5294 585 5361 ferenti,
605 5294 928 5365 respondet,
958 5309 1057 5349 sua
1089 5309 1147 5349 se
1172 5293 1485 5348 innocentia
1515 5303 1570 5349 et
1596 5295 1769 5350 divini
1873 5310 1995 5349 cum
2019 5292 2210 5347 decem
2246 5288 2546 5343 mensibus.
2579 5288 2639 5342 ln
2660 5290 2847 5360 priore
2876 5290 3135 5362 Opinione
3160 5298 3449 5348 versantur

231 5381 391 5451 iudicii
411 5403 499 5458 spe
534 5388 847 5444 consolans.
877 5387 1020 5451 Dixi,
1067 5393 1161 5439 aut
1183 5388 1472 5440 amicorum
1495 5389 1647 5442 coetui
1675 5406 1770 5459 ρο·
1873 5386 2159 5450 Baronius,
2210 5382 2480 5438 Antonius
2530 5383 2858 5449 Richardus,
2914 5394 2971 5439 et
3019 5384 3331 5438 Bollandus.
3387 5384 3449 5439 ln

236 5473 338 5530 εἰη.
360 5477 411 5533 ld
431 5480 572 5535 enim
599 5478 905 5535 ostendunt
944 5477 1130 5548 priora
1164 5478 1332 5532 verba
1362 5495 1374 5531 :
1425 5480 1488 5531 'H
1531 5481 1627 5551 μὲν
1658 5481 1773 5534 Oso-
1874 5477 2179 5550 posteriore
2211 5476 2411 5530 Menzea
2440 5474 2778 5542 Graecorum,
2822 5477 3087 5532 Maximus
3107 5475 3443 5548 Cytheraeus,

1525 5622 1843 5681 SCHUIJJI
1880 5621 2113 5679 NOTIE.

298 5732 332 5766 ¹¹
357 5735 513 5809 Epist.
535 5740 625 5797 69.
704 5741 750 5775 ⁸³
784 5738 955 5810 Epist.
981 5739 1034 5795 8.
1110 5739 1156 5773 ⁸³
1181 5739 1355 5810 Epist.
1397 5741 1485 5795 81.
