3926 6216
546 257 650 321 259

1665 246 2042 307 GARNERII
2081 247 2574 309 DISSE‘RTATIO
2612 249 2693 307 II.

3669 248 3762 314 260

545 362 887 433 Nicephorus
914 359 1570 431 Constantinopolitanus,
1611 356 1912 421 Cedrenus,
1957 357 2119 411 Peta-
2152 372 2192 427 Α
2222 358 2422 413 illustri
2468 359 2789 431 martyrium
2830 357 3080 428 perfecit,
3107 363 3413 427 pugnantes
3435 355 3629 413 iterum
3649 371 3760 417 sunt

543 470 690 510 γωδ.

613 544 701 600 Vl.
726 545 801 601 De
822 544 1102 600 mensibus
1135 543 1323 598 decem
1351 556 1496 596 nunc
1520 555 1715 595 omnes
1745 538 2118 601 consentiunt,

547 645 836 707 propterea
875 636 1020 707 quod
1068 634 1356 688 Flavianus
1401 633 1687 688 ordinatus
1719 639 1804 686 est
1824 631 1925 686 sub
1956 630 2123 685 ﬁnem

547 726 822 791 Octobris,
857 726 1139 795 depositus
1161 725 1250 778 die
1282 723 1495 779 decima
1525 721 1778 793 Augusti.

617 818 730 872 VII.
781 816 1017 883 Quaestio
1057 816 1123 869 de
1150 815 1308 869 annis
1334 815 1538 884 pendet
1574 829 1640 868 ex
1669 824 1914 884 tempore
1942 813 2126 868 obitus

549 909 746 973 Procli,
772 909 861 962 cui
886 908 1176 961 Flavianus
1195 907 1479 961 successit.
1510 905 1618 961 Alii
1646 906 1900 961 Proclum
1923 905 2126 960 obiisse

549 998 703 1053 aiunt
735 1013 878 1051 anno
912 998 1033 1063 446,
1072 997 1164 1051 alii
1194 1013 1339 1052 anno
1369 999 1472 1052 447
1502 1014 1517 1064 ;
1552 1006 1718 1068 prout
1747 1012 1943 1066 nempe
1969 1005 2025 1050 et
2048 997 2126 1050 illi

548 1097 603 1143 et
646 1089 734 1142 isti
766 1090 1013 1143 sentiunt
1048 1089 1115 1144 de
1143 1100 1305 1145 terrm
1326 1098 1499 1154 motu,
1534 1106 1644 1160 quo
1663 1088 2126 1156 Constantinopo-

547 1179 616 1233 lis
636 1194 902 1235 concussa
950 1189 1054 1246 est,
1096 1181 1303 1250 quique
1354 1181 1552 1236 Proelo
1604 1180 1825 1235 vivente
1877 1178 2125 1248 contigit.

548 1268 727 1324 Motus
770 1270 861 1325 ille
893 1286 922 1324 a
951 1271 1176 1325 Petavio
1216 1271 1439 1340 ponitur
1459 1287 1600 1325 anno
1623 1272 1746 1335 447,
1768 1271 1823 1323 in
1853 1285 1964 1340 quo
1984 1270 2129 1323 Mar-

548 1361 809 1416 cellinum
837 1371 893 1416 et
920 1361 1349 1417 Alexandrinum
1386 1362 1547 1431 310
1579 1360 1892 1416 Chronicon
1937 1358 2126 1429 sequi-

550 1461 640 1508 tur
671 1469 687 1507 :
714 1454 944 1523 ponitur
970 1470 1001 1509 a
1026 1454 1262 1508 Baronio
1299 1469 1442 1508 anno
1464 1455 1589 1516 446,
1623 1452 1716 1508 ubi
1741 1469 1843 1524 pro
1865 1468 1943 1517 se,
1981 1450 2128 1522 quod

549 1542 753 1597 mirum
784 1551 889 1607 est,
922 1552 979 1598 et
1005 1554 1195 1597 contra
1226 1543 1389 1597 ﬁdem
1426 1543 1699 1607 codicum,
1750 1541 2127 1597 Marcellinum

552 1633 761 1687 laudat.
795 1632 1095 1688 Sententia:
1150 1633 1318 1703 priori
1368 1632 1757 1687 adhaarendum
1808 1639 1961 1701 puto,
2011 1637 2127 1683 tum

2221 450 2551 520 scriptorum
2601 449 2904 504 sententize.
2941 447 3187 503 Tradunt
3226 448 3371 503 enim
3426 448 3514 502 alii
3560 446 3616 502 in
3660 449 3761 519 ipso

2222 538 2413 610 synodi
2434 540 2555 592 loco
2590 538 2935 593 interfectum
2968 553 3088 591 esse
3110 554 3141 591 a
3168 536 3427 591 Barsuma
3451 545 3504 590 et
3533 537 3641 591 suis
3661 553 3761 592 mo-

2222 630 2414 686 nachis
2442 648 2457 698 ;
2485 631 2577 686 alii
2599 639 2722 702 post
2757 630 2998 685 triduum
3038 646 3102 684 ex
3133 628 3371 698 acceptis
3418 628 3587 698 plagis
3622 629 3762 683 inter-

2224 723 2394 791 iisse;
2456 724 2546 779 alii
2604 726 2658 778 in
2722 725 2808 778 via
2864 724 2930 779 ad
2984 724 3319 794 llypaepense
3385 722 3631 776 exsilium
3677 723 3763 778 eb-

2225 815 2353 871 iisse
2383 832 2398 881 ;
2438 816 2550 881 alii,
2585 824 2869 886 postquam
2897 816 3160 886 llypzepas
3181 818 3194 834 ‘
3213 816 3479 885 pervenit,
3509 816 3761 871 calamita-

2224 908 2372 962 tibus
2401 916 2457 962 et
2489 908 2727 963 miseriis
2764 909 3012 964 attritum
3049 923 3191 963 esse.
3238 908 3453 963 Veritas
3503 907 3653 963 facile
3696 909 3764 963 di-

2226 1000 2397 1055 scitur
2442 1016 2507 1054 ex
2560 999 2736 1070 prima
2800 1007 2954 1070 parte
3014 998 3233 1054 concilii
3290 997 3762 1065 Chalcedonensis;

2226 1107 2353 1145 nam
2386 1092 2442 1146 in
2483 1091 2712 1161 epistola
2764 1091 2929 1146 Gallae
2978 1090 3231 1145 Placidia:
3277 1091 3346 1146 ad
3403 1090 3763 1155 Theodosium,

2225 1184 2410 1237 vivere
2458 1183 2639 1237 adhuc
2682 1182 3000 1237 Flavianum
3047 1182 3204 1252 311
3246 1183 3587 1252 supponitur.
3626 1202 3641 1233 ι
3671 1182 3767 1237 Hac

2227 1272 2409 1343 itaque
2437 1273 2610 1343 gratia
2635 1273 2998 1328 mansuetudo
3019 1280 3111 1328 tua
3134 1273 3302 1326 tantis
3319 1270 3495 1326 turbis
3511 1273 3764 1335 resistens,

2226 1364 2512 1420 veritatem
2542 1364 2820 1420 catholicae
2852 1364 3133 1434 religionis
3158 1364 3556 1419 immaculatam
3587 1364 3766 1419 servari

2227 1456 2510 1525 praecipiat
2541 1474 2555 1511 :
2585 1465 2649 1512 ut
2701 1457 3001 1512 secundum
3037 1456 3266 1512 formam
3312 1467 3370 1513 et
3419 1457 3766 1513 definitionem

2228 1548 2539 1617 apostolicae
2594 1548 2759 1614 sedis,
2811 1565 2974 1619 quam
2994 1558 3050 1604 et
3073 1564 3172 1603 nos
3200 1558 3459 1616 tanquam
3480 1549 3768 1619 praecellen-

2229 1646 2339 1695 tem
2369 1640 2622 1695 similiter
2648 1657 2996 1705 veneramur,
3050 1641 3105 1696 in
3138 1648 3278 1696 statu
3313 1642 3596 1696 sacerdotii
3624 1641 3770 1696 illaesa

548 1724 676 1795 quia
700 1725 941 1795 plurium
974 1733 1060 1779 est
1097 1724 1578 1794 antiquiorumque
1618 1725 1982 1794 scriptorum;
2016 1732 2126 1777 tum

2232 1743 2486 1790 manente
2521 1750 2621 1805 per
2648 1734 2831 1789 omnia
2863 1733 3141 1799 Flaviano,
3173 1734 3241 1789 ad
3266 1735 3558 1789 concilium
3576 1742 3769 1804 aposto-

548 1818 697 1888 quod
751 1818 992 1873 rationes
1044 1833 1145 1887 pro
1195 1817 1484 1887 posteriori
1529 1816 1777 1872 adductae
1819 1816 1910 1871 vix
1964 1816 2124 1887 quid-

548 1920 713 1975 quam
762 1906 999 1961 habeaut
1045 1905 1307 1976 ponderis
1349 1904 1613 1962 adversus
1641 1913 1846 1961 tantam
1879 1914 2125 1960 veterum

547 1999 954 2053 auctoritatem.

618 2110 755 2165 VIII.
795 2110 1054 2166 Momenti
1096 2110 1328 2181 alicujus
1378 2109 1433 2165 id
1484 2125 1651 2164 unum
1694 2109 1871 2169 videri
1923 2118 2123 2180 potest,

548 2198 695 2269 quod
730 2200 1023 2269 profertur
1068 2199 1136 2254 de
1194 2200 1352 2255 annis
1403 2199 1693 2254 duodecim
1735 2199 1882 2255 sedis
1920 2200 2122 2264 Procli,

549 2305 713 2359 quem
750 2299 963 2344 constat
1001 2305 1145 2346 anno
1188 2291 1311 2355 454,
1354 2290 1442 2345 die
1478 2290 1542 2344 4‘2
1565 2290 1791 2360 Aprilis,
1837 2290 1892 2344 in
1944 2292 2126 2346 locum

550 2381 861 2436 Maximiani
899 2382 1207 2437 suffectum.
1238 2382 1378 2436 llinc
1424 2381 1570 2436 enim
1608 2380 1977 2447 concluditur,
2030 2384 2129 2439 oba

553 2473 680 2528 iisse
722 2488 868 2527 anno
898 2474 1021 2530 446.
1053 2475 1257 2530 Verum
1288 2474 1342 2527 id
1378 2474 1557 2543 reipsa
1586 2474 1704 2528 leve
1730 2484 1813 2529 est
1846 2491 1859 2528 :
1895 2490 2021 2529 nam
2058 2477 2125 2533 de

551 2561 711 2618 annis
732 2563 909 2617 Procli
934 2580 1044 2618 non
1068 2564 1419 2620 consentiunt
1457 2565 1707 2620 historici
1750 2565 1873 2635 ipsi.
1930 2567 2126 2623 Fateor

550 2669 581 2709 a
599 2654 910 2725 Nicephoro
944 2654 1552 2725 Constantinopolitano
1575 2655 1744 2710 tribui
1791 2671 1963 2712 annos
1984 2657 2125 2713 duo-

550 2746 749 2813 decim,
801 2746 914 2803 sive
961 2748 1017 2802 in
1058 2746 1529 2817 Chronographia,
1578 2747 1693 2802 sive
1738 2747 1794 2801 in
1825 2747 2121 2820 Catalogo:

552 2839 719 2894 tribui
772 2840 977 2909 pariter
1024 2856 1056 2894 a
1105 2839 1457 2909 Theophane,
1509 2855 1633 2893 cum
1688 2840 1879 2895 scribit
1922 2840 2125 2897 obiisse

552 2948 696 2987 anno
745 2932 815 2986 59
870 2931 1201 2997 Theodosii;
1252 2930 1346 2985 sed
1397 2941 1756 3001 praeterquam
1784 2933 1929 3001 quod
1962 2933 2125 2987 unica

551 3034 636 3081 est
675 3024 969 3094 Nicephori
1005 3032 1061 3079 et
1096 3024 1446 3093 Theophanis
1484 3023 1814 3078 Menaeorum
1847 3031 1904 3078 et
1935 3024 2124 3078 Meno-

551 3116 820 3185 logiorum
868 3113 1184 3169 Graecorum
1225 3112 1564 3168 auctoritas:
1608 3128 1734 3167 nam
1767 3112 2128 3181 Theophanes

550 3207 919 3277 Nicephorum
945 3208 1216 3275 sequitur,
1248 3206 1450 3261 Menaea
1476 3214 1531 3261 et
1552 3205 1933 3277 Martyrologia
1954 3223 2023 3262 ex
2042 3207 2129 3262 his

552 3298 913 3367 scriptoribus
976 3297 1251 3366 descripta
1308 3305 1482 3361 sunt;
1539 3306 1903 3367 prmterquam
1958 3297 2126 3367 quod,

554 3386 797 3456 inquam,
844 3387 959 3440 haec
996 3386 1295 3440 auctoritas
1338 3387 1503 3440 unica
1539 3395 1642 3451 est,
1671 3387 1912 3441 etetiam
1948 3403 2046 3457 per
2071 3403 2129 3443 se

552 3478 706 3532 levis.
732 3478 864 3532 Nam
889 3478 1173 3548 irrepsisse
1195 3492 1444 3532 errorem
1470 3477 1524 3530 in
1543 3492 1834 3533 numerum
1854 3494 2124 3534 annorum

553 3569 697 3638 apud
718 3569 1108 3638 Nicephorum,
1129 3568 1398 3637 legentem
1420 3567 1680 3622 tredecim
1700 3583 1798 3637 pro
1819 3569 2128 3636 duodecim,

553 3678 667 3716 non
724 3671 936 3717 temere
968 3660 1240 3731 quispiam
1293 3659 1567 3728 opinetur.
1614 3658 1775 3713 Certe
1804 3675 2026 3715 necesse
2046 3670 2129 3716 est

553 3754 713 3810 fateri
753 3764 1034 3824 peccatum
1082 3766 1203 3807 esse
1249 3750 1301 3804 in
1336 3765 1566 3805 numero
1598 3750 1907 3804 mensium:
1949 3767 2127 3822 neque

553 3845 699 3899 enim
747 3853 877 3907 tres,
916 3852 978 3897 ut
1009 3842 1245 3896 habetur
1287 3838 1431 3911 apud
1456 3856 1549 3895 eos
1571 3840 1663 3910 qui
1693 3841 1948 3909 appellati
1978 3850 2126 3907 sunt,

554 3936 648 3990 sed
684 3951 779 3990 sex
822 3950 944 3989 cum
991 3934 1283 3988 duodecim
1312 3933 1508 3987 diebus
1540 3932 1651 3987 dici
1685 3933 2013 3988 debuerunt.
2048 3933 2131 3988 Si-

555 4027 780 4097 quidem
818 4044 849 4081 a
903 4027 992 4081 die
1044 4025 1111 4079 12
1161 4025 1384 4094 Aprilis,
1418 4040 1524 4094 qua
1554 4024 1643 4077 die
1668 4032 1815 4079 certe
1844 4025 2128 4081 ordinatus

553 4128 637 4174 est
673 4119 919 4183 Proclus,
954 4118 1020 4172 ad
1052 4119 1198 4173 diem
1228 4116 1297 4169 ‘24
1324 4116 1600 4178 Octobris,
1629 4132 1735 4185 qua
1767 4124 1982 4171 constat
2005 4133 2127 4173 esse

555 4209 896 4275 defunctum,
949 4225 1165 4264 menses
1207 4222 1346 4278 quos
1398 4206 1533 4272 dixi,
1559 4206 1785 4277 diesque
1819 4207 2131 4263 interfluxe-

554 4300 684 4356 rint.
725 4299 910 4366 Quare
954 4300 1207 4355 Proclum
1238 4299 1439 4353 obiisse
1462 4313 1605 4352 anno
1637 4299 1761 4363 447,
1794 4299 2000 4355 sedisse
2030 4316 2129 4355 an-

2230 1828 2348 1883 licaa
2398 1827 2545 1883 sedis
2585 1827 2850 1899 judicium
2882 1826 3300 1882 transmittatur.
3354 1848 3371 1879 ι
3408 1827 3630 1897 Scripsit
3657 1842 3770 1881 vero

2232 1921 2468 1975 Placidia
2509 1930 2633 1990 post
2676 1920 2821 1974 diem
2870 1920 2935 1973 18
2961 1921 3301 1991 Novembris,
3344 1920 3395 1974 id
3418 1930 3521 1983 est,
3543 1928 3658 1990 post
3680 1929 3772 1974 tres

2231 2026 2448 2066 menses
2489 2026 2519 2065 a
2551 2013 2731 2067 soluto
2754 2011 2989 2066 concilio
3020 2010 3294 2081 Ephesiuo
3317 2010 3617 2071 latrocinali
3643 2027 3656 2073 ;
3678 2024 3771 2078 quo

2232 2108 2475 2170 tempore
2511 2100 2835 2155 incredibile
2879 2109 2981 2165 est,
3010 2116 3120 2155 non
3147 2099 3315 2155 fuisse.
3342 2100 3523 2155 adhuc
3551 2099 3767 2153 auditum

2232 2192 2286 2246 in
2332 2191 2629 2248 Occidente
2668 2193 2735 2248 de
2771 2192 2916 2247 ca'de
2966 2191 3289 2261 patriarchre
3326 2205 3480 2246 nova:
3510 2191 3696 2253 Romaz,
3730 2187 3767 2241 si

2234 2301 2422 2340 revera
2448 2284 2786 2356 contigisset.
2822 2284 2954 2351 Quis
2979 2284 3125 2337 enim
3160 2283 3262 2338 sibi
3301 2281 3642 2354 persuadeat,
3663 2294 3768 2333 cum

2230 2375 2299 2429 de
2328 2375 2495 2430 rebus
2517 2374 2807 2445 Ephesinis
2835 2380 3241 2444 perstreperent
3275 2371 3482 2437 omnia,
3530 2369 3595 2425 de
3641 2377 3769 2423 tanto

2231 2465 2493 2531 facinore,
2551 2474 2817 2536 quantum
2871 2475 2956 2520 est
3008 2464 3167 2535 regiae
3220 2464 3371 2518 urbis
3434 2461 3767 2533 patriarcham

2231 2557 2513 2622 trucidari,
2559 2557 2644 2611 vel
2697 2556 2917 2621 famam,
2961 2572 3066 2626 qua
3095 2555 3231 2611 nihil
3258 2555 3539 2625 pernicius
3563 2554 3614 2607 in
3639 2551 3769 2607 defe-

2230 2649 2419 2705 rendis
2449 2648 2812 2703 insolentibus
2838 2647 3088 2712 nuntiis;
3132 2647 3215 2701 vel
3259 2646 3471 2700 litteras
3525 2645 3658 2699 ultro
3700 2642 3770 2697 ci-

2231 2748 2424 2809 troque
2454 2738 2521 2793 ad
2555 2739 2946 2807 imperatorum
2973 2736 3126 2789 aulas
3149 2742 3518 2804 permeantcs,
3545 2731 3765 2792 siluisse;

2227 2831 2314 2886 vel
2344 2833 2663 2901 Augustam,
2697 2845 2822 2884 cum
2845 2828 2909 2882 ad
2945 2826 3312 2881 Theodosium
3346 2833 3624 2894 parentem
3650 2821 3768 2877 scri-

2228 2921 2405 2985 beret,
2438 2922 2732 2975 relaturam
2760 2919 2929 2973 fuisse
2958 2918 3101 2971 solas
3124 2916 3296 2971 sancti
3327 2914 3529 2969 Leonis
3549 2910 3769 2982 querelas

2229 3011 2298 3067 de
2343 3013 2586 3067 Flaviani
2637 3011 2977 3081 expulsione,
3028 3025 3136 3064 non
3183 3008 3311 3063 item
3351 3007 3421 3060 de
3451 3019 3600 3068 nece,
3620 3014 3769 3070 eaque

2230 3112 2339 3159 tam
2365 3104 2584 3158 immani
2611 3114 2667 3159 et
2692 3103 2987 3167 horrenda,
3020 3102 3065 3156 si
3104 3102 3290 3155 Romze
3318 3107 3451 3153 nota
3477 3096 3653 3153 esset?

2303 3196 2366 3250 Χ.
2415 3195 2569 3262 Quod
2604 3196 2648 3250 si
2676 3211 2803 3249 vera
2831 3202 2960 3249 sunt
3000 3195 3124 3257 ista,
3153 3201 3212 3245 ut
3239 3199 3384 3245 certe
3419 3197 3565 3252 sunt,
3595 3186 3769 3240 minim

2229 3295 2494 3359 quantum
2550 3303 2582 3342 a
2639 3286 2850 3341 ratione
2901 3285 3181 3348 abhorret,
3238 3282 3383 3353 quod
3445 3297 3551 3336 non
3589 3276 3768 3334 nemini

2230 3380 2645 3437 contradicendi
2671 3379 2871 3448 cupido
2905 3393 3015 3432 non
3044 3378 3119 3432 ita
3154 3376 3365 3446 pridem
3394 3376 3543 3431 venit
3566 3375 3616 3428 in
3637 3387 3769 3426 men-

2230 3482 2362 3529 tem.
2409 3473 2644 3527 Litteras
2690 3470 3050 3525 Valentiniani
3078 3477 3134 3523 et
3155 3469 3522 3539 Augustarum
3552 3482 3653 3521 non
3682 3462 3769 3517 nisi

2229 3570 2354 3633 post
2397 3561 2596 3616 festum
2646 3560 2820 3615 sancti
2849 3560 3021 3625 Petri,
3052 3559 3103 3613 id
3127 3568 3211 3613 est
3241 3574 3297 3612 ιιι
3329 3557 3450 3612 Kal.
3479 3556 3622 3620 Julii,
3647 3566 3770 3609 anno

2229 3653 2354 3720 450,
2390 3669 2511 3709 esse
2539 3660 2805 3708 exaratas.
2829 3650 3054 3722 Oportet
3081 3650 3226 3704 enim
3260 3664 3291 3703 e
3319 3649 3535 3703 duobus
3568 3647 3768 3701 alterum

2234 3742 2508 3807 accidere,
2541 3758 2738 3811 nempe
2767 3750 2891 3811 post
2922 3739 3178 3793 undecim
3218 3739 3332 3793 fere
3363 3753 3578 3792 menses
3618 3734 3693 3789 vel
3724 3733 3769 3786 in

2230 3831 2523 3888 Occidente
2562 3832 2631 3886 de
2681 3841 2856 3886 morte
2898 3829 3138 3899 episcopi
3186 3837 3345 3885 tanta:
3372 3829 3519 3884 sedis
3542 3825 3770 3882 rescitum

2228 3939 2373 3990 esse,
2433 3924 2523 3978 vel
2575 3924 2756 3978 adhuc
2797 3921 3147 3993 superstitem
3201 3922 3519 3976 Flavianum
3576 3917 3766 3974 vixisse.

2228 4016 2531 4085 Utrumque
2554 4031 2686 4070 vero
2705 4014 2950 4085 prodigio
2978 4014 3152 4069 simile
3180 4021 3284 4068 est.

2299 4107 2392 4163 XI.
2437 4109 2625 4163 Restat
2671 4108 2838 4179 igitur
2863 4117 2924 4163 ut
2964 4106 3252 4161 Flavianus
3282 4104 3553 4176 Hypaepis,
3586 4119 3669 4157 seu
3693 4116 3771 4155 su-

2230 4204 2576 4273 perveniente,
2603 4217 2695 4255 seu
2719 4202 2921 4272 ingesta
2948 4208 3133 4264 morte,
3179 4198 3478 4254 defunctus
3530 4198 3598 4253 sit
3631 4215 3643 4250 :
3689 4192 3769 4248 sed

2230 4311 2340 4366 quo
2364 4310 2571 4359 mense,
2600 4309 2777 4363 quove
2800 4293 2911 4358 die,
2940 4292 3162 4347 definite
3211 4307 3372 4347 nemo
3423 4291 3585 4347 tradit
3609 4309 3622 4355 ;
3665 4301 3771 4358 pro-

554 4408 656 4448 nos
697 4392 764 4446 15
806 4407 931 4445 cum
980 4391 1013 4446 6
1065 4390 1346 4445 mensibus
1384 4399 1441 4445 et
1468 4391 1533 4444 12
1564 4390 1760 4445 diebus
1790 4391 1988 4446 sentio.
2015 4392 2129 4447 lmo
2160 4399 2204 4453 ι)
2233 4389 2414 4443 babile
2461 4395 2641 4442 tamen
2682 4386 2738 4441 id
2789 4387 3083 4457 contigisse
3130 4385 3219 4440 die
3250 4387 3314 4441 18
3340 4385 3620 4441 Februarii
3648 4396 3770 4437 anno

554 4484 921 4554 Nicephorum
952 4482 1234 4536 Callistum
1265 4481 1667 4535 emendandum
1696 4497 1844 4545 reor,
1866 4499 1989 4538 cum
2011 4483 2086 4538 ait
2110 4501 2123 4538 :

553 4574 711 4631 Μετὰ
767 4574 824 4627 δὲ
877 4572 1034 4627 τοῦτο
1077 4573 1318 4642 Πρόκλος
1346 4573 1442 4643 μὲν
1469 4574 1497 4625 ὁ
1538 4573 1808 4636 θειότατος
1832 4573 1964 4627 δέκα
1992 4576 2127 4643 πρὸς

552 4666 632 4734 τῷ
682 4666 763 4719 ἑνὶ
806 4662 1086 4734 διατρίψας
1130 4663 1222 4733 ἔτη
1265 4662 1343 4733 τῷ
1378 4662 1476 4731 τῆς
1509 4665 2128 4728 Κωνσταντινουπόλεως

556 4753 752 4825 θρόνῳ,
788 4756 881 4807 καὶ
910 4757 937 4808 ὁ
973 4754 1074 4823 τῆς
1124 4754 1528 4824 Ἀλεξανδρείας
1554 4754 1834 4818 Θεσπέσιος
1863 4756 2127 4827 Κύριλλος

555 4842 652 4896 δύο
676 4845 812 4914 πρὸς
842 4847 953 4907 τοῖς
978 4845 1267 4914 τριάκοντα
1293 4844 1431 4897 κατὰ
1454 4844 1664 4902 ταύτὸν.
1690 4846 1782 4898 καὶ
1806 4846 1969 4916 ἄμφω
1994 4848 2129 4919 πρὸς

556 4931 654 5002 τὴν
684 4931 875 5001 ἀγήρω
905 4932 1219 5001 μετέϐαινον
1255 4931 1459 5001 βιοτήν.
1496 4931 1812 5001 Legendum
1844 4935 1990 4989 enim
2043 4944 2128 4991 est

555 5018 763 5075 δώδεκα
799 5037 812 5072 :
855 5016 1117 5088 alioquin,
1162 5037 1284 5075 cum
1328 5020 1504 5075 tradat
1535 5030 1591 5074 et
1621 5022 1870 5078 Proclum
1903 5025 2125 5080 ordina-

557 5120 672 5167 tum
697 5126 843 5165 anno
873 5112 995 5175 454,
1025 5112 1113 5165 die
1159 5113 1224 5166 42
1266 5113 1486 5183 Aprilis,
1514 5121 1569 5168 et
1600 5128 1667 5168 eo
1687 5116 1903 5170 vivente
1933 5116 2125 5187 ingen-

556 5210 669 5257 tem
725 5201 878 5255 illum
938 5209 1095 5256 terra:
1144 5209 1352 5256 motum
1411 5203 1724 5274 contigisse,
1774 5205 1828 5259 in
1881 5217 2127 5277 apertam

554 5293 1043 5349 contradictionem
1092 5294 1359 5350 incideret
1388 5313 1400 5348 :
1434 5311 1559 5350 nam
1585 5304 1681 5350 aut
1712 5306 1921 5351 motum
1954 5297 2125 5353 refer-

555 5394 639 5441 ret
668 5386 737 5440 ad
766 5402 970 5441 annum
996 5387 1122 5453 445,
1172 5403 1283 5458 quo
1315 5388 1452 5443 nihil
1506 5389 1613 5444 dici
1658 5386 1837 5459 potest
1884 5390 2123 5445 alienum

553 5478 727 5549 magis
762 5494 793 5533 a
847 5495 1016 5545 vero;
1069 5488 1163 5535 aut
1207 5480 1460 5535 Proclum
1508 5496 1616 5535 non
1654 5479 1893 5535 adfuisse
1925 5496 2125 5539 conce-

552 5569 727 5633 deret,
758 5572 902 5641 quod
923 5581 1108 5643 aperte
1140 5572 1354 5627 falsum.

621 5661 713 5716 IX.
745 5662 864 5717 .Iam
895 5680 1024 5720 vero
1058 5664 1124 5719 de
1169 5673 1436 5734 tempore,
1473 5678 1582 5733 quo
1619 5662 1907 5719 Flavianus
1950 5675 2125 5722 morte

2227 4483 2352 4547 458,
2386 4496 2494 4551 quo
2524 4480 2613 4535 die
2655 4480 2713 4533 fit
2737 4479 2911 4534 sancti
2935 4478 3180 4533 Flaviani
3219 4479 3483 4533 memoria
3517 4478 3572 4531 in
3609 4477 3769 4530 Meno-

2228 4573 2373 4641 logio
2397 4571 2708 4626 Graecorum
2732 4579 2788 4625 et
2818 4569 3199 4641 Martyrologio
3230 4569 3499 4623 Romano.
3532 4568 3657 4622 Nam
3688 4578 3771 4617 cur

2228 4664 2495 4719 Batonius
2537 4663 2825 4717 relaturum
2867 4659 3396 4730 Constantinopolim
3443 4660 3769 4729 reliquiarum

2228 4755 2548 4810 memoriam
2588 4768 2656 4810 eo
2703 4754 2793 4807 die
2825 4752 3090 4807 celebrari
3133 4753 3449 4817 asscruerit,
3502 4751 3636 4806 nihil
3681 4746 3770 4801 tale

2228 4846 2626 4917 Martyrologiis
2668 4844 3053 4909 referentibus,
3089 4844 3217 4899 fecit
3255 4852 3581 4914 praesumpta
3606 4838 3771 4910 Opinio

2228 4938 2296 4993 de
2335 4945 2509 4992 morte
2543 4936 2786 4990 Flaviani
2838 4944 2960 5005 post
3007 4935 3246 4990 triduum
3293 4952 3324 4991 a
3371 4934 3701 5005 depositione
3724 4930 3771 4983 in

2229 5029 2342 5100 ipsa
2378 5027 2515 5082 urbe
2548 5027 2843 5096 Ephesina.

2296 5118 2411 5172 XII.
2454 5117 2622 5171 Porro
2671 5124 2851 5170 autem
2898 5112 3043 5185 quod
3092 5115 3369 5185 probabile
3412 5115 3546 5177 dixi,
3570 5113 3651 5168 his
3674 5110 3771 5164 fere

2227 5208 2565 5279 argumentis
2613 5208 2792 5263 fulciri
2839 5215 3018 5279 potest
3047 5223 3059 5259 :
3090 5206 3353 5271 Primum,
3390 5205 3674 5260 defunctus
3700 5207 3771 5254 est

2228 5301 2518 5356 Flavianus
2569 5300 2821 5371 Hypaepis
2868 5300 2923 5353 in
2972 5299 3194 5353 civitate
3233 5298 3412 5368 Lydia:
3441 5314 3531 5351 seu
3556 5308 3771 5365 superre-

2230 5393 2420 5455 niente,
2481 5407 2573 5445 seu
2624 5392 2827 5461 ingesta
2881 5401 3064 5444 morte.
3119 5389 3177 5444 Id
3230 5405 3360 5443 vero
3408 5388 3649 5441 accidere
3676 5398 3769 5438 non

2228 5483 2427 5553 potuit,
2476 5484 2521 5537 si
2562 5500 2670 5547 res,
2713 5497 2822 5553 quo
2849 5497 3001 5537 more
3028 5481 3184 5546 fiunt,
3216 5480 3572 5543 mstimentur,
3591 5475 3694 5531 nisi
3725 5480 3770 5526 ct

2229 5574 2413 5629 itineri
2466 5583 2522 5628 et
2572 5589 2737 5628 morte
2788 5590 2895 5627 non
2939 5573 3194 5643 exiguum
3250 5580 3463 5639 tempus
3497 5568 3766 5623 tribuatur.

2229 5666 2436 5722 Deinde
2466 5666 2511 5721 si
2539 5680 2684 5721 mors
2710 5665 2950 5720 Flaviani
2980 5664 3294 5736 contigisset
3321 5671 3446 5718 ante
3478 5658 3767 5717 Octobrem.
