3926 6216
227 263 318 328 261

223 468 517 525 Occidente
562 472 667 526 sub
718 474 883 530 ﬁnem
909 478 1255 547 Novembris,
1287 501 1398 555 quo
1426 495 1667 559 tempore
1692 494 1794 549 Va—

222 560 552 618 lentinianus
593 578 722 618 cum
772 567 1034 638 Augustis
1081 571 1295 630 duabus
1322 577 1389 631 ad
1424 578 1793 638 Theodosium

222 651 426 708 litteras
479 654 676 709 dedit:
728 668 786 712 at
836 663 1101 717 rescitum
1153 682 1265 722 non
1312 681 1450 725 erat.
1501 673 1715 739 Postea,
1747 676 1794 731 si

219 751 336 797 ante
362 743 687 801 Ianuarium
721 760 819 805 aut
864 751 1026 806 finem
1080 755 1397 814 Decembris
1437 762 1726 820 Flavianus
1760 781 1792 821 e

216 836 318 890 vita
339 836 691 905 decessisset,
722 842 1068 902 Theodosius
1096 849 1283 919 utique
1307 853 1691 911 Valentiniano
1735 869 1791 913 et

214 924 463 996 Augustis
506 931 852 998 respondens
906 950 1019 989 non
1069 938 1377 994 tacuisset:
1431 944 1599 998 tacuit
1635 961 1786 1002 vero.

215 1018 471 1090 Denique,
526 1023 572 1076 si
622 1032 753 1078 ante
796 1025 1156 1083 Februarium
1188 1047 1336 1087 mors
1371 1034 1612 1092 Flaviani
1642 1038 1789 1093 acci-

211 1109 390 1175 disset,
424 1112 592 1182 312
622 1115 757 1183 quid
784 1124 930 1171 esset
955 1134 1155 1185 causae,
1187 1136 1287 1176 cur
1316 1134 1539 1181 sanctus
1572 1127 1683 1182 Leo
1716 1146 1785 1184 ne

210 1200 426 1254 verbum
466 1203 692 1272 quidem
732 1220 797 1260 ca
818 1206 887 1262 de
918 1224 975 1263 re
1004 1210 1219 1278 fecerit,
1250 1223 1344 1268 aut
1368 1227 1516 1271 certe
1542 1218 1610 1273 de
1643 1218 1786 1275 Ana-

209 1294 328 1346 tolio
358 1310 473 1348 non
501 1296 787 1366 scripserit
823 1299 1150 1369 Theodosio,
1196 1306 1517 1375 Pulcherize,
1554 1312 1783 1383 aliisque

208 1393 320 1440 ante
372 1386 587 1442 Iulium
640 1393 930 1446 mensem?
960 1393 1073 1449 Cur
1120 1397 1466 1457 Theodosius
1511 1419 1620 1458 non
1654 1414 1782 1462 ante

209 1479 708 1551 Quadragesimam,
743 1496 840 1540 aut
866 1487 1032 1542 etiam
1059 1497 1187 1544 ante
1211 1491 1438 1557 Pascha,
1470 1511 1579 1550 non
1605 1497 1778 1566 petie-

207 1571 269 1624 rit
314 1573 635 1629 Anatolium
677 1586 806 1631 ante
835 1581 1279 1637 communionem
1310 1586 1481 1655 recipi
1519 1604 1550 1643 a
1588 1600 1778 1647 sancto

206 1661 391 1729 Leone,
441 1681 610 1735 quem
652 1668 827 1737 probe
854 1680 1105 1739 noverat,
1140 1676 1372 1731 solemni
1402 1677 1505 1734 hac
1530 1680 1776 1737 declara-

206 1754 336 1810 tioue
399 1755 1034 1833 Constantinopolitanis
1106 1769 1365 1826 omnibus
1431 1774 1768 1844 scripsisse:
1807 1752 1847 1808 Β

210 1867 225 1899 ι
250 1846 507 1919 Quisquis
529 1851 791 1908 incolumi
823 1871 887 1911 ac
907 1860 1201 1927 superstite
1225 1862 1481 1919 Flaviano
1512 1866 1771 1938 episcopo

203 1947 367 1995 vestro
388 1943 766 1999 sacerdotium
791 1947 911 2016 ejus
941 1948 1104 2004 fuerit
1127 1966 1295 2009 ausus
1319 1955 1598 2016 invadere.
1622 1973 1769 2013 nun-

201 2046 345 2101 quam
375 2034 432 2088 in
466 2038 860 2094 communione
902 2050 1091 2096 nostra
1120 2042 1435 2114 habebitur,
1484 2063 1588 2103 nec
1621 2049 1767 2106 inter

198 2125 469 2195 episcOpos
497 2130 701 2198 poterit
729 2134 1032 2193 numerari.
1067 2154 1085 2187 ι

142 2212 148 2216 ’
257 2216 387 2273 XIII.
460 2218 791 2290 Opinionem
854 2224 1215 2293 conﬁrmant,
1270 2231 1509 2300 primum
1562 2232 1764 2289 Menzea

198 2306 383 2374 Graeca,
422 2310 477 2364 in
505 2312 711 2381 quibus
736 2314 1028 2371 Flavianus
1054 2317 1258 2375 dicitur
1302 2342 1320 2373 ε
1348 2323 1619 2393 permissu
1666 2326 1762 2381 Dei

198 2415 224 2453 a
248 2399 501 2458 Dioscoro
528 2404 790 2461 hzeretico
808 2417 865 2463 et
895 2410 1262 2467 conciliabulo
1279 2415 1399 2486 ejus
1421 2415 1477 2469 in
1506 2416 1760 2472 exsilium

198 2493 405 2562 eiectus,
434 2512 559 2551 cum
584 2498 772 2554 sedem
804 2501 1072 2558 tenuisset
1093 2520 1296 2560 annum
1333 2514 1389 2561 et
1424 2523 1640 2564 menses
1667 2510 1762 2565 de-

197 2599 335 2652 cem;
376 2588 434 2642 in
478 2591 674 2645 exsilio
716 2608 884 2662 porro
929 2594 1128 2650 multas
1165 2597 1488 2656 aﬁlictiones
1529 2617 1628 2671 pro
1655 2602 1759 2658 ﬁde

196 2678 477 2735 orthodoxa
495 2699 812 2753 perpessus,
834 2702 898 2739 ex
921 2687 1114 2742 morbo
1141 2688 1357 2745 tandem
1384 2690 1705 2748 decessisse.
1732 2713 1750 2746 ι

198 2765 382 2823 Deinde
417 2771 783 2846 Menologium
835 2776 1052 2832 Maximi
1096 2777 1387 2850 Cytheraci,
1427 2781 1484 2836 in
1531 2799 1640 2853 quo
1668 2800 1759 2839 ea-

198 2856 303 2912 dem
356 2860 695 2919 rel’eruntur.
748 2866 942 2922 Postea
997 2868 1362 2939 Menologium
1419 2870 1753 2939 Grzecorum,

197 2951 324 3017 quod
378 2950 449 3006 ab
501 2953 741 3012 llcnrieo
788 2957 1011 3013 Canisio
1045 2976 1111 3015 ex
1141 2960 1475 3016 bibliotheca
1503 2973 1558 3017 et
1586 2965 1758 3019 inter-

198 3040 483 3103 pretatione
500 3043 796 3100 cardinalis
816 3046 999 3101 Sirleti
1013 3048 1222 3103 editum
1244 3059 1348 3115 est,
1369 3052 1436 3106 ad
1464 3053 1525 3107 l7
1551 3053 1710 3108 Febr.
1735 3072 1749 3109 :

204 3146 220 3177 ι
243 3127 294 3183 S.
337 3132 394 3185 P.
429 3134 493 3188 N.
534 3137 935 3210 archiepiscopi
957 3139 1461 3213 Constantinopolis
1492 3146 1755 3215 Flaviani,
1785 3118 1827 3173 ϐ

198 3223 278 3291 qui
322 3223 387 3277 ab
437 3224 606 3296 impio
653 3228 939 3295 Dioscoro,
981 3242 1038 3286 et
1066 3233 1337 3288 haereticis
1368 3250 1494 3289 cum
1525 3252 1593 3291 eo
1621 3254 1757 3292 con-

198 3314 533 3382 spirantibus,
555 3321 766 3390 ejectus
787 3331 951 3393 atque
983 3324 1039 3378 in
1066 3326 1319 3382 exsilium
1345 3328 1566 3395 missus,
1589 3331 1757 3387 variis

198 3410 450 3474 pressuris
473 3420 529 3465 et
559 3414 824 3468 aerumnis
852 3424 1097 3479 vexatus,
1138 3419 1251 3473 vita
1274 3420 1496 3476 functus
1519 3432 1622 3478 est.
1658 3442 1677 3474 ι

256 3493 385 3550 ΧΠ.
417 3497 750 3569 Argumenta
791 3501 902 3557 duo
954 3504 1128 3560 videri
1176 3517 1406 3577 possunt
1455 3526 1555 3580 pro
1599 3523 1756 3582 parte

197 3591 421 3657 opposita
472 3591 676 3658 facere,
729 3610 964 3663 quorum
1015 3598 1248 3654 alterum
1305 3618 1335 3656 a
1373 3603 1755 3677 llartyrologio

198 3678 439 3745 Romano,
462 3682 697 3738 alterum
726 3702 757 3740 a
780 3689 1058 3745 nonnullis
1079 3691 1339 3747 Actorum
1357 3696 1573 3750 concilii
1588 3695 1755 3752 Chal-

197 3772 495 3830 cedonensis
523 3777 711 3833 verbis
736 3779 993 3836 sumitur.

253 3865 686 3939 Martyrologium
760 3873 843 3927 sic
919 3872 1132 3930 habet:
1206 3896 1225 3928 ‹
1276 3878 1751 3952 Constantinopoli

195 3958 344 4013 sancti
378 3959 615 4017 Flaviani
648 3963 916 4034 episcopi,
955 3967 1048 4036 qui
1080 3983 1203 4022 cum
1232 3969 1391 4025 ﬁdem
1424 3973 1749 4030 catholicam

196 4047 369 4118 Ephesi
411 4063 806 4124 propugnaret,
855 4056 924 4111 ab
978 4058 1131 4128 impii
1185 4061 1434 4116 Dioscori
1489 4064 1746 4134 factione,

193 4144 365 4212 pugnis
397 4154 448 4199 et
478 4147 724 4202 calcibus
756 4164 1075 4219 percussus,
1126 4161 1250 4222 post
1296 4156 1539 4211 triduum
1578 4159 1746 4214 vitam

193 4232 363 4288 ﬁnivit.
394 4256 412 4287 ι
446 4238 648 4293 Verum
682 4239 862 4309 primo
887 4241 1249 4315 Martyrologii
1277 4247 1467 4301 eadem
1509 4260 1594 4304 est
1625 4267 1747 4319 qua:

194 4320 383 4379 Baronii
412 4329 712 4384 auctoritas
741 4348 755 4384 :
792 4331 1062 4388 Baronius
1087 4337 1234 4390 enim
1272 4338 1337 4391 ad
1364 4354 1567 4393 novum
1597 4343 1742 4397 Mar-

193 4415 487 4487 tyrologium
515 4420 751 4485 addidit,
779 4424 926 4492 quod
954 4424 1021 4478 de
1052 4426 1312 4483 Flaviano
1350 4435 1362 4450 ‘
1392 4440 1478 4485 est
1510 4449 1523 4485 :
1561 4449 1741 4503 neque

1392 285 1489 346 DE
1523 288 1778 352 LIBRIS
1812 293 2322 366 ΤΗΕΟΒΟΗΕΤΙ.

227 378 427 447 absque
456 376 624 433 dubio
662 382 923 439 rescitum
970 385 1038 441 de
1095 388 1209 459 ipsa
1264 393 1470 464 aliquid
1508 398 1703 456 fuisset
1752 402 1806 457 in
1836 412 1879 467 Α
1911 412 2192 468 veteribus
2241 419 2582 490 auctoribus,

227 468 509 490 n‘-:_l_._.-
570 472 657 490 ηι
720 474 750 490 ο
912 478 954 490 -.
1124 482 1134 490 .
1191 482 1201 490 .

3380 329 3487 392 2σῖ

2638 437 2770 495 puta
2818 416 3091 496 Liberata,
3149 434 3399 507 Evagrio,
3427 450 3484 495 et

1899 501 2042 567 aliis,
2085 507 2233 573 quod
2282 518 2461 567 tamen
2500 516 2845 583 potissimum
2870 532 3035 593 atque
3062 524 3227 580 etiam
3258 529 3481 585 unicum

1897 592 2175 660 opinionis
2213 613 2326 654 sua:
2366 601 2785 663 fundamentum
2819 592 3181 681 essevoluit;
3221 632 3346 672 nam
3373 618 3482 674 Eu-

1895 685 2083 741 sebius
2128 691 2351 758 quidem
2404 696 2718 770 Dorylensis
2769 703 2987 758 actione
3027 706 3203 775 prima
3235 710 3479 765 occisum

1893 778 2145 844 queritur
2171 781 2491 842 Flavianum
2527 808 2539 843 :
2590 794 2805 849 actione
2858 796 3021 852 tertia
3065 797 3413 856 interfectum
3448 819 3478 858 a

1892 866 2156 924 Dioscoro
2184 884 2372 928 narrat
2420 876 2657 944 Quintus
2714 884 3032 953 Phocensis,
3089 897 3254 959 atque
3306 892 3475 946 etiam

1890 956 2174 1016 Proterius
2198 963 2524 1035 Myrinensis
2540 989 2569 1036 ,;
2601 974 2816 1031 actione
2840 987 3034 1048 quarta
3057 980 3320 1038 adversus
3338 982 3473 1038 Bar-

1887 1067 2100 1109 sumam
2124 1095 2139 1120 ,
2175 1059 2327 1115 velut
2367 1061 2778 1123 interfectorem
2824 1071 2986 1142 313
3030 1073 3294 1138 Flaviani,
3334 1091 3470 1130 con-

1887 1143 2173 1202 clamatur.
2229 1150 2335 1205 Sed
2382 1153 2510 1208 inde
2555 1172 2715 1213 nemo
2765 1163 3059 1219 concludat
3097 1166 3266 1231 aliud,
3304 1183 3469 1237 quam

1885 1236 2026 1291 male
2062 1237 2310 1295 habitum
2346 1243 2547 1314 Ephesi
2592 1248 2930 1317 Flavianum,
2962 1254 3202 1325 indeque
3231 1236 3469 1326 ejectum

1885 1323 1942 1378 in
1966 1327 2240 1396 exsilium,
2270 1332 2365 1386 ubi
2396 1337 2656 1391 aerumnis
2681 1340 2965 1397 confectus
2985 1353 3088 1399 est.

1950 1419 2022 1475 Et
2046 1437 2180 1476 vero
2211 1423 2613 1494 Theodoretus,
2650 1446 2776 1485 cum
2804 1432 2859 1487 in
2893 1435 3160 1491 concione
3188 1437 3399 1495 diceret
3421 1441 3467 1473 “

1881 1524 1911 1563 a
1965 1513 2131 1568 sociis
2189 1518 2505 1584 pastoribus
2549 1522 2793 1577 occisum
2843 1525 3074 1580 calamis
3128 1527 3464 1595 Nestorium,

1879 1599 2029 1655 aliud
2064 1602 2201 1659 nihil
2223 1606 2586 1677 signiﬁcabat,
2613 1613 2833 1683 opinor,
2857 1631 3022 1685 quam
3057 1617 3368 1688 depositum
3408 1629 3466 1675 et

1879 1691 2154 1764 dejectum
2210 1698 2402 1767 fuisse,
2450 1712 2512 1759 ut
2566 1715 2753 1775 posset
2798 1723 3035 1763 maerore
3068 1710 3283 1766 conﬁci.
3314 1711 3464 1768 Idem

1881 1786 1998 1856 ipse
2029 1787 2434 1857 Theodoretus,
2477 1811 2604 1850 eum
2643 1797 2711 1852 de
2740 1814 2841 1853 sua
2878 1799 3225 1870 depositione
3247 1803 3460 1860 scribe-

1877 1885 1985 1942 ret,
2025 1879 2229 1935 casdem
2273 1884 2597 1941 nominavit.
2636 1887 2911 1945 Eusebius
2935 1891 3127 1947 funera
3151 1893 3311 1960 dixit,
3341 1911 3464 1967 quae

1875 1980 2069 2038 passus
2094 1977 2197 2023 est.
2228 1970 2435 2029 Neuter
2463 1982 2646 2032 tamen
2671 1979 2953 2045 occubuit,
2979 1982 3076 2036 sed
3106 1982 3225 2038 dira
3246 1993 3460 2039 tantum

1873 2075 2069 2130 passus
2100 2069 2205 2117 est.

1873 2194 2118 2267 Epistula
2144 2199 2210 2253 η
2232 2202 2609 2272 consolatoria,
2637 2207 2707 2261 ad
2721 2198 2986 2264 Irenwum
3004 2213 3298 2284 episcopum
3315 2214 3453 2287 Tyri.

1943 2305 2165 2363 Solatur
2224 2310 2276 2365 in
2333 2312 2528 2370 funere
2571 2318 2758 2387 generi
2790 2320 3053 2375 Irenaeum
3087 2321 3212 2392 Tyri
3245 2322 3458 2393 episco-

1869 2411 2023 2466 pum,
2055 2399 2122 2454 de
2153 2417 2263 2471 quo
2299 2412 2461 2458 antea
2493 2405 2699 2461 dictum
2722 2416 2825 2463 est.
2861 2410 2935 2463 De
2969 2419 3214 2480 tempore
3239 2422 3455 2469 constat

1867 2503 1934 2542 ex
1981 2489 2089 2545 ﬁne
2141 2494 2407 2563 epistolae,
2469 2499 2740 2567 siquidem
2796 2502 2999 2572 scripta
3036 2503 3242 2560 dicitur
3268 2508 3455 2562 statim

1867 2588 2032 2650 atque
2059 2584 2229 2639 altera
2255 2587 2409 2657 prior
2437 2600 2658 2645 exarata
2679 2601 2793 2647 est:
2824 2614 2839 2643 ι
2867 2594 2981 2648 Iloc
3006 2611 3107 2666 ego
3136 2600 3455 2669 perscriptis

1860 2674 1971 2744 jam
2021 2677 2302 2745 prioribus
2353 2683 2578 2736 monitis
2621 2684 2844 2751 dictavi,
2902 2703 3024 2741 cum
3060 2691 3180 2759 ejus
3216 2699 3451 2748 mortem

1866 2764 2002 2819 mihi
2028 2768 2240 2824 amicus
2260 2772 2482 2842 quidam
2511 2774 2581 2827 ab
2611 2777 2903 2833 Antiochia
2935 2779 3262 2837 nuntiasset.
3296 2800 3313 2832 ι
3347 2782 3454 2836 Eo-

1865 2856 1990 2912 dem
2017 2858 2184 2932 igitur
2205 2870 2449 2935 tempore
2475 2874 2708 2938 utraque
2734 2870 2898 2925 missa
2928 2877 3031 2937 est,
3065 2872 3279 2929 scilicet
3307 2889 3455 2929 anno

1862 2951 1985 3006 447.

2106 3086 2346 3157 Epistola
2384 3090 2449 3144 I5
2477 3090 2847 3159 eucharistica,
2884 3094 2955 3148 ad
2987 3093 3205 3165 Cyrum.

1930 3212 2051 3266 Non
2083 3213 2316 3269 obscura
2343 3224 2426 3270 est
2451 3218 2716 3286 temporis
2743 3227 2891 3284 nota,
2925 3220 3199 3291 siquidem
3240 3224 3448 3283 donum

1858 3303 2003 3374 Cyri,
2039 3306 2186 3375 quod
2234 3306 2493 3362 Lesbium
2553 3310 2762 3375 vinum,
2821 3312 3201 3372 Theodoretus
3255 3318 3452 3375 scribit

1858 3410 1917 3451 se
1945 3398 2243 3466 accepisse,
2279 3415 2403 3453 eum
2434 3401 2622 3456 multm
2659 3410 2715 3457 et
2738 3419 2931 3473 graves
2954 3418 3143 3462 essent
3166 3410 3290 3463 vitae
3319 3427 3449 3481 pro-

1856 3489 2028 3552 cellae,
2059 3500 2286 3561 prOpter
2317 3508 2452 3561 quas
2469 3494 2627 3565 longa
2648 3496 2775 3551 vitae
2796 3506 3041 3567 tempora
3063 3517 3172 3555 non
3194 3514 3441 3572 aptaret:

1855 3582 2124 3649 procellas
2177 3581 2324 3636 cnim
2378 3583 2717 3653 interpretor
2765 3588 3105 3652 vexationes,
3153 3606 3275 3659 qua:
3317 3602 3442 3661 post

1854 3687 2058 3726 annum
2085 3673 2190 3727 445
2215 3673 2584 3744 contigerunt,
2614 3692 2725 3745 quo
2750 3686 2995 3749 tempore
3046 3694 3146 3749 par
3193 3692 3279 3736 est
3325 3682 3443 3735 exi-

1854 3763 2080 3819 stimare
2109 3764 2291 3819 datam
2313 3780 2434 3820 esse
2456 3767 2765 3837 epistolam.

1921 3856 2113 3929 Cyrus.
2168 3859 2235 3914 ad
2280 3876 2443 3930 quem
2469 3860 2593 3916 data
2628 3872 2733 3927 est,
2756 3863 2931 3918 videri
2958 3876 3139 3933 posset
3162 3866 3442 3937 MarcOpo-

1850 3948 2059 4004 litanus
2102 3950 2191 4005 ille
2251 3952 2566 4023 episcopus,
2608 3954 2701 4023 qui
2755 3954 2809 4009 in
2860 3955 3225 4009 conciliabula
3261 3958 3439 4027 Ephe-

1851 4041 1974 4096 sino
2017 4055 2142 4095 cum
2199 4042 2322 4097 aliis
2368 4042 2743 4098 Orientalibus
2789 4044 3350 4117 deposuit-Cyrillum
3381 4055 3438 4102 et

1848 4128 2216 4193 Memnonem,
2252 4132 2536 4202 depositus
2582 4140 2637 4186 et
2687 4132 2805 4203 ipse
2853 4134 3094 4190 vicissim
3147 4147 3334 4205 postea
3380 4137 3437 4193 in

1847 4222 2139 4278 latrocinio
2161 4224 2409 4279 Dioscori
2444 4242 2462 4292 ;
2495 4226 2762 4297 cujusque
2790 4228 2994 4282 mentio
3045 4226 3105 4281 ﬁt
3138 4243 3168 4281 a
3212 4229 3433 4285 Victore

1848 4297 2169 4371 Tounonensi
2218 4315 2286 4370 ad
2320 4316 2667 4372 consulatum
2723 4317 2907 4383 Gihhi,
2963 4326 3020 4372 et
3062 4333 3092 4371 a
3145 4320 3432 4374 monachis

1846 4403 2147 4461 Palaestinis
2172 4407 2224 4460 in
2270 4407 2472 4462 litteris
2505 4408 2571 4461 ad
2610 4407 2958 4480 Alcysoncm.
3005 4408 3165 4472 Vide,
3204 4424 3324 4477 qum
3364 4410 3432 4465 de

190 4481 314 4561 enim
345 4481 406 4565 in
456 4481 868 4584 antiquioribus
914 4518 1136 4589 legitur,
1189 4537 1259 4575 ne
1304 4522 1358 4577 in
1390 4481 1739 4581 Gallesiiriano
1768 4481 1816 4538 υ
1845 4493 1964 4589 ipsi)
2002 4496 2178 4565 poma
2205 4507 2330 4551 sum
2355 4514 2408 4551 1"
2450 4499 2568 4552 vna
2603 4498 2957 4562 Thwdoml"
2984 4514 3103 4568 cal"
3134 4499 3218 4552 1⁵·

190 4598 379 4664 quidem
410 4605 653 4661 V'eneliis
681 4608 852 4662 edito.
886 4611 1095 4667 Deinde
1127 4613 1561 4670 additamentum
1590 4617 1736 4674 istud

190 4691 370 4760 accepit
405 4694 477 4749 ita
518 4713 590 4751 ex
637 4698 861 4754 Menteis
897 4712 953 4755 et
979 4702 1282 4775 Menologio
1308 4705 1643 4774 Graecorum,
1677 4720 1739 4765 ut

190 4781 330 4837 verba
356 4785 734 4857 interpolat-ct,
766 4794 923 4861 quasi
955 4808 1200 4849 errorem
1234 4798 1399 4853 vellet
1438 4801 1732 4872 corrigere.

193 4865 355 4927 Postea
404 4878 630 4934 credere
685 4882 879 4937 maluit
922 4884 1233 4954 Nicephoro
1286 4887 1531 4954 Callisto,
1569 4865 1732 4961 quam

198 4955 462 5022 Marcellino
504 4973 716 5037 comiti,
764 4983 821 5028 et
850 4975 1015 5031 Felici
1042 4978 1315 5032 defensori
1338 4981 1594 5037 Ecclesiae
1621 4984 1732 5038 Ro-

199 5064 351 5121 mana,
386 5061 437 5115 id
470 5074 575 5127 est,
626 5067 870 5134 prtetulit
911 5068 1193 5125 hominem
1248 5080 1371 5141 post
1424 5085 1731 5144 nongentos

199 5157 335 5203 annos
356 5151 419 5207 de
454 5156 619 5212 rebus
655 5157 899 5214 Flaviani
934 5161 1290 5227 scribentem,
1338 5164 1619 5221 historicis
1662 5184 1731 5223 ne

201 5246 283 5290 uno
299 5242 498 5308 quidem
527 5247 741 5318 integro
762 5249 961 5304 szeculo
990 5251 1339 5308 distantibus.

261 5326 350 5388 Cur
386 5334 691 5408 Nicephoro
743 5341 1020 5405 crederet,
1082 5344 1478 5415 damnaretque
1527 5349 1732 5403 erroris

200 5417 374 5490 llemca,
414 5429 545 5484 nihil
592 5431 893 5487 admodum
940 5450 1118 5490 causa:
1142 5436 1389 5506 accipere
1413 5439 1612 5508 potuit,
1644 5442 1730 5496 vel

196 5522 243 5564 ex
278 5516 438 5573 verbis
479 5520 747 5577 Actorum
780 5523 996 5580 concilii
1031 5525 1515 5595 Chalcedonensis,
1549 5529 1633 5584 vel
1663 5546 1728 5584 ex

1914 4586 2116 4641 Verum
2161 4589 2458 4658 quominus
2510 4591 2565 4644 in
2612 4591 2753 4645 hanc
2800 4590 3131 4644 sententiam
3189 4588 3427 4650 veniam,

1844 4677 2047 4732 retinet
2101 4678 2406 4750 inscriptio,
2459 4698 2580 4750 qua:
2632 4683 2768 4736 nihil
2823 4682 2988 4734 habet
3042 4690 3245 4750 prmter
3303 4680 3428 4753 Cyri

1842 4783 2046 4823 nomen
2085 4786 2099 4822 :
2153 4785 2281 4824 nam
2327 4771 2711 4827 Thcodorctus
2745 4773 2811 4826 ad
2837 4772 3125 4842 episcopos
3158 4773 3426 4837 scribens,

1841 4857 2125 4928 dignitatis
2158 4862 2470 4917 meminisse
2503 4864 2660 4917 solet.
2698 4864 2906 4933 Opinor
2939 4864 3107 4934 igitur
3130 4864 3312 4919 datam
3357 4866 3427 4920 ad

1839 4950 2040 5023 Cyrum
2064 4953 2497 5023 Magistrianum,
2521 4956 2588 5009 ad
2627 4971 2791 5025 quem
2836 4968 2921 5010 est
2956 4956 3189 5026 epistola
3230 4972 3428 5013 conso-

1839 5041 2039 5096 latoria
2089 5043 2144 5097 in
2193 5044 2387 5099 funere
2431 5045 2622 5101 uxoris
2665 5055 2722 5101 et
2764 5045 2883 5113 ﬁlii,
2919 5063 3041 5117 quae
3070 5065 3299 5105 numero
3329 5050 3427 5106 I56

1840 5142 2118 5189 censetur.

1836 5264 2081 5339 Epistula
2132 5268 2199 5323 M
2242 5269 2621 5341 consalutaria,
2655 5273 2726 5327 ad
2756 5273 3124 5328 Alexandrea:
3159 5275 3421 5330 illustrem

2223 5340 2477 5410 feminam
2512 5345 2567 5396 in
2602 5340 2743 5397 abitu
2772 5346 3029 5415 conjugis.

1902 5449 1943 5502 I.
1971 5448 2342 5522 Corrigendus
2357 5470 2521 5523 porro
2538 5463 2622 5510 est
2639 5456 2852 5520 titulus,
2876 5465 2930 5510 et
2948 5472 3046 5525 pro
3073 5456 3420 5527 Ἀλεξανδρὶᾳ

1830 5532 2123 5602 legendum
2174 5538 2492 5611 Ἀλεξάνδρᾳ
2522 5560 2533 5595 :
2583 5544 3045 5612 quemadmodum
3073 5545 3127 5598 in
3158 5552 3417 5599 contextu

1499 5684 1818 5741 SCIIUIJJI
1858 5687 2091 5748 ΝΟΤΑΞ.

239 5732 404 5797 ⁸⁸Υἱᾱ.
455 5759 642 5817 supra,
675 5762 733 5817 p.
768 5745 889 5802 106.
