3926 6216
503 256 610 322 263
1629 255 2007 320 GARNERII
2048 253 2544 315 DISSERTATIO
2586 254 2667 314 Π.
3628 269 3720 332 26‘

506 366 832 437 προσοίκους
875 380 990 421 non
1039 364 1253 421 vicinos
1299 364 1369 431 ⁸³,
1417 363 1512 420 sed
1555 363 1800 419 haeredes
1849 360 2080 432 intelligi
2111 365 2157 421 Α
2184 358 2452 414 habemus
2502 359 2764 430 temporis
2819 359 3210 429 characterem,
3246 368 3602 429 evocationem
3627 381 3719 436 sci.

508 459 734 525 debere,
775 458 949 514 series
991 458 1172 515 docet.
2183 450 2314 506 licet
2343 451 2412 506 ad
2443 451 2730 523 synodum,
2757 451 2825 507 de
2858 468 2965 522 qua
2995 468 3140 507 mox.

579 551 646 605 ll.
674 552 807 606 Data
838 559 923 606 est
961 567 1070 621 quo
1095 559 1336 622 tempore
1358 550 1542 621 jussus
1565 557 1685 606 erat
1703 546 2084 602 Theodoretus
2187 560 2195 564 ’
2254 541 2344 598 IV.
2401 542 2477 596 De
2508 543 2811 597 calamitate
2838 543 3115 609 Ecclesiae,
3140 560 3302 614 quam
3332 547 3507 617 deﬂet,
3538 556 3720 612 calum.

508 657 569 698 se
619 642 746 713 Cyri
800 641 1125 697 continere:
1184 660 1202 692 ‹
1236 640 1359 695 Haec
1379 655 1481 710 ego
1519 654 1669 693 nunc
1715 638 1959 693 scribere
1986 652 2083 692 co-
2184 632 2603 703 niatoribusque
2648 635 2784 699 suis,
2825 635 2893 690 de
2939 635 3141 705 quibus
3186 639 3452 707 queritur,
3486 643 3630 701 facile
3651 658 3721 703 est

514 739 674 785 actus
704 745 846 795 sum,
879 729 1026 798 quia,
1057 735 1117 781 ut
1154 727 1221 781 ad
1247 742 1345 782 vos
1373 727 1681 793 decurram,
1707 724 1926 780 vincula
1974 738 2085 779 non
2179 721 2451 793 judicare.
2501 723 2634 777 Nam
2667 740 2776 794 quo
2798 733 3046 796 tempore
3069 726 3364 794 scribebat,
3398 730 3510 786 visa
3533 745 3609 789 est
3635 736 3720 806 ipsi

508 823 717 877 sinunt.
754 840 773 872 ι
2184 813 2444 870 Ecclesia
2496 816 2737 885 procella
2793 817 2850 872 in
2902 817 3020 871 dies
3060 818 3303 889 singulos
3356 821 3622 895 fastigiari,
3671 836 3723 883 ut

579 914 743 985 314
763 913 851 967 Ill.
883 910 1013 978 Qua:
1030 910 1216 976 fuerit,
1234 917 1290 965 et
1309 911 1465 982 cujus
1487 910 1666 965 mariti
1690 925 1828 965 uxor
1857 908 2084 964 illustris
2184 904 2449 975 loquitur,
2487 907 2543 962 id
2569 916 2674 973 cst,
2709 908 2776 963 ad
2801 924 3074 964 summum
3105 912 3435 980 ascendere;
3471 916 3581 971 visa
3604 933 3720 989 quo-

509 1004 698 1060 isthaac
727 1000 1051 1066 Alexandra,
1086 1001 1360 1072 conjicere
1388 1001 1733 1071 aliquatenus
1758 1001 1926 1067 licet;
1958 1015 2085 1055 nam
2186 1012 2294 1067 que
2340 997 2679 1067 desperanda
2717 1000 3089 1071 tranquillitas
3134 1002 3394 1072 publica;
3435 1022 3534 1062 nec
3573 1025 3601 1062 a
3631 1011 3724 1065 sin-

510 1096 689 1166 primo
735 1092 947 1148 consuli
995 1092 1203 1162 nupsit,
1239 1092 1511 1161 siquidem
1537 1092 1792 1146 maritum
1827 1091 2085 1147 Theodo-
2186 1088 2329 1169 gulis
2379 1089 2548 1143 animi
2599 1105 2704 1159 pax
2751 1091 2971 1146 aliunde
3014 1107 3177 1162 quam
3211 1108 3241 1148 a
3282 1095 3535 1165 patientia
3555 1113 3723 1169 exspe-

507 1195 661 1240 retus
677 1185 824 1240 dicat
845 1185 911 1240 ad
943 1186 1153 1255 apicem
1182 1184 1509 1255 dignitatum
1543 1184 1948 1249 conscendisse,
1975 1200 2086 1255 quo
2187 1171 2415 1246 Claudii;
2449 1195 2646 1250 nempe
2674 1187 2803 1236 ιιιηο
2829 1182 3273 1237 accusationibus
3288 1184 3380 1254 3]
3398 1184 3725 1257 Surgebatur

507 1277 729 1331 nomine
774 1277 956 1331 solent
1002 1292 1214 1341 omnes,
1257 1285 1314 1331 et
1344 1275 1459 1346 ipse
1488 1277 1811 1331 nominatim
1838 1277 2087 1332 scribens
2185 1272 2464 1341 pressius;
2492 1272 2693 1326 iratum
2716 1272 2819 1327 sibi
2840 1274 3142 1344 principem
3193 1275 3601 1345 experiebatur;
3645 1279 3726 1332 do-

507 1369 711 1423 Zenoni
765 1384 831 1423 ac
876 1369 1080 1433 Tauro,
1137 1370 1481 1425 consulatum
1532 1369 1827 1438 appellare.
1878 1370 2087 1425 Deinde
2187 1363 2417 1417 mestico
2449 1364 2741 1419 tenebatur
2769 1379 3028 1431 carcere;
3072 1366 3295 1435 patebat
3319 1367 3723 1423 adversariorum

504 1460 811 1517 Antiochiae
839 1461 1195 1515 versabatur:
1227 1461 1503 1530 quomodo
1520 1460 1666 1515 enim
1688 1462 1870 1516 statim
1892 1477 2086 1517 accur-
2188 1455 2431 1510 audacile
2473 1464 2531 1510 et
2585 1455 2805 1511 invidiae
2832 1472 2846 1521 ;
2880 1457 3073 1512 timido
3118 1458 3421 1513 aulicorum
3453 1457 3725 1528 patrocinio

508 1551 673 1607 risset
720 1551 908 1606 audito
958 1552 1152 1607 mortis
1179 1553 1374 1607 nuntio
1405 1552 1800 1618 Theodoretus,
1831 1552 1938 1607 nisi
1966 1553 2086 1607 vin-
2186 1564 2296 1603 non
2323 1557 2432 1602 tam
2464 1549 2862 1605 defendebatur
2882 1567 3045 1622 quam
3066 1552 3370 1608 laborabat.

509 1644 633 1698 (³³1³
663 1644 1063 1760 ιξίξξίηυξεεθληῐῗ
1105 1643 1286 1748 Quare
1317 1645 1608 1715 episcopus
1627 1645 1752 1750 ille:
1801 1661 1963 1760 quell“
2010 1646 2086 1701 ita
2122 1704 2163 1760 Β
2261 1660 2326 1715 V.
2363 1659 2648 1716 Diﬂicilius
2683 1662 3027 1733 intelligitur,
3057 1678 3181 1732 qua:
3207 1662 3370 1718 fuerit
3398 1662 3638 1735 synodus,
3669 1661 3725 1716 ad

511 1736 797 1805 magniﬁce
843 1736 1049 1800 Ῑθυάθιν
1095 1737 1280 1807 alique
1328 1753 1497 1791 unum
1539 1738 1672 1793 salis
1704 1753 1824 1793 €556
1855 1738 1923 1793 ad
1953 1753 2086 1793 οοιι-
2123 1736 2163 1760 ’³
2190 1764 2354 1820 quam
2400 1751 2709 1807 habendam
2759 1754 3099 1808 evocatorias
3141 1754 3209 1807 ad
3249 1754 3608 1824 metropolitas
3645 1770 3725 1808 ve-

510 1828 832 1882 εοιθιίοηθῐη
864 1828 1075 1884 amicti?
1108 1830 1497 1889 adhibendam.
1550 1831 1795 1887 Domnus
1827 1830 1931 1886 init
1973 1830 2088 1886 Αη-
2188 1840 2336 1896 nisse
2379 1841 2594 1897 litteras
2639 1842 2825 1898 refert.
2869 1842 2950 1898 An
2987 1843 3330 1899 Antiochena
3365 1844 3555 1913 aliqua,
3586 1857 3724 1912 quam

513 1920 781 1974 ῑίοοδθηίε
803 1919 960 1973 urbis
995 1928 1125 1975 ιυηο
1146 1921 1454 1992 θρίεεοριιε.
2082 1980 2090 1989 .
2188 1933 2453 1998 Domnus,
2480 1936 2794 1990 convocatis
2817 1951 2881 1991 ex
2912 1944 3022 1990 tota
3049 1935 3292 1990 Orientis
3319 1934 3531 1991 dioecesi
3553 1941 3727 1988 metro-

581 2010 668 2066 IV.
704 2011 949 2080 Denique
981 2012 1202 2066 videtur
1223 2012 1389 2068 fuisse
1413 2013 1610 2083 conjux
1631 2011 1872 2084 pmieeti
1896 2009 2080 2066 Orien-

2188 2026 2406 2096 politis,
2456 2025 2749 2081 habiturus
2797 2028 2979 2081 esset?
3025 2027 3109 2080 An
3152 2025 3423 2097 Ephesina
3466 2022 3722 2094 posterior,

513 2101 583 2157 tis
613 2119 626 2155 ε
655 2116 777 2155 nam
808 2111 862 2156 et
891 2103 982 2158 ille
1011 2119 1042 2157 a
1075 2104 1422 2159 Theodoreto
1453 2105 1613 2159 unice
1637 2105 1872 2159 dilectus
1900 2102 2089 2158 innui-
2189 2135 2352 2190 quam
2384 2118 2729 2173 Theodosius
2758 2120 3054 2189 imperator
3085 2118 3329 2188 undique
3358 2114 3613 2187 coegerit?
3636 2112 3726 2187 Ad-

510 2203 622 2258 tur,
646 2202 702 2248 et
729 2194 966 2263 praefecti
988 2193 1228 2250 Orientis
1251 2196 1499 2251 solebant
1517 2211 1584 2250 ex
1605 2196 1922 2250 consulibus
1944 2194 2087 2261 ﬁeri,
2185 2212 2374 2283 juncta
2401 2211 2581 2264 omnia
2611 2210 2897 2280 Ephosime
2922 2218 3256 2279 congruum,
3291 2223 3447 2278 quam
3478 2203 3726 2276 postjodi-

511 2293 567 2340 θῑ
594 2286 832 2355 Prterea”
861 2287 1164 2342 Αιηίοοῗιίῑε
1195 2288 1527 2351 “ﬁdebam,
1566 2288 1654 2342 Ubi
1692 2288 1952 2357 τνθφιοηε
1973 2295 2091 2343 erat
2191 2304 2336 2359 cium
2381 2303 2623 2357 Flaviani
2665 2303 2732 2357 de
2775 2303 3042 2373 Eutyche,
3070 2318 3257 2356 mense
3278 2297 3577 2358 Novembri,
3602 2306 3724 2349 anno

511 2375 913 2442 Theodoretus,
955 2377 1150 2447 suique
1186 2376 1547 2431 admiratione
1594 2383 1908 2447 magnatum
1967 2375 2090 2430 ani-
2189 2394 2314 2457 443,
2346 2394 2669 2459 exercitum,
2697 2401 2917 2463 potente
2946 2393 3193 2464 Eutycho
3219 2400 3275 2447 ει
3299 2395 3561 2461 εδεθεεηιθ
3580 2384 3725 2453 Chry.

511 2483 630 2523 mos
645 2467 746 2524 sibi
764 2467 1108 2523 conciliabat.

863 2580 880 2601 ‘
912 2578 1155 2651 Epistola
1204 2579 1289 2645 15,
1335 2580 1404 2634 ad
1440 2577 1736 2635 Silvanum.

580 2696 622 2752 l.
655 2696 878 2751 Nullum
909 2695 1075 2750 habet
1102 2695 1478 2750 characterem
1503 2695 1782 2764 temporis,
1813 2695 1920 2750 nisi
1950 2694 2091 2751 forte

492 2785 729 2853 ,dicatur
767 2793 891 2841 ante
924 2785 1231 2840 vexationis
1270 2794 1485 2855 tempus
1512 2785 1754 2855 scripta:
1783 2785 1908 2840 silet
1942 2785 2091 2839 enim

514 2878 583 2933 de
621 2878 758 2948 ipsa,
793 2891 918 2931 cum
950 2885 1131 2931 tamen
1166 2876 1396 2946 querula
1430 2891 1519 2931 res
1542 2875 1613 2930 sit
1642 2874 1878 2929 hominis
1904 2875 2090 2946 cujus-

513 2987 751 3041 cunque,
776 2980 833 3026 et
857 2969 1157 3041 praesertim
1189 2968 1542 3032 Theodoreti,
1568 2968 1805 3023 miseria.

2192 2484 2403 2571 saphio,
2435 2484 2776 2539 Theodosius
2809 2484 3023 2538 indixit.

2261 2597 2349 2653 VI.
2380 2596 2660 2652 Concludo
2687 2597 2853 2668 igitur
2882 2598 3103 2653 missam
3133 2596 3301 2652 fuisse
3322 2590 3592 2664 epistolam
3622 2591 3726 2655 post

2192 2687 2588 2758 depositionem
2635 2689 2861 2754 Irenzei,
2912 2689 3022 2743 imo
3069 2698 3198 2759 post
3239 2701 3474 2744 mensem
3516 2678 3725 2751 Aprilem

2191 2780 2320 2834 anni
2344 2780 2446 2834 449
2470 2782 2535 2834 ⁸⁸.
2562 2780 2694 2834 Nam
2717 2781 2899 2837 [renati
2925 2781 3200 2853 depositio
3225 2778 3448 2849 contigit
3474 2787 3604 2831 anno
3617 2767 3721 2831 ἄιεν

2192 2870 2415 2927 ineunte
2438 2887 2567 2927 vere
2598 2873 2675 2938 5";
2703 2875 3008 2929 cvocatoria
3039 2873 3387 2945 imperatoris
3416 2865 3726 2935 consignatur

2193 2964 2225 3018 5
2256 2964 2522 3020 Kalendas
2554 2965 2778 3035 Aprilis,
2815 2983 2959 3021 anno
2986 2968 3111 3022 449.

580 3063 647 3117 il.
698 3063 904 3133 Opinor
941 3060 1245 3125 Silvanum,
1290 3060 1379 3114 cui
1406 3059 1669 3114 scribitur
1690 3059 1920 3129 epistola
1956 3074 2088 3115 con-
2117 3041 2161 3101 Ο
2261 3081 2374 3134 γη.
2409 3081 2487 3135 ΕΧ
2512 3081 2617 3147 ωε.
2641 3098 2763 3151 qum
2789 3083 3109 3137 scribuntur
3150 3084 3220 3139 de
3253 3078 3466 3150 Virgine
3503 3068 3723 3135 0501519,,

513 3155 769 3210 solatoria
819 3153 874 3207 in
925 3162 1099 3206 morte
1150 3153 1356 3218 uxoris,
1412 3151 1580 3207 fuisse
1625 3151 1936 3222 praesidem,
1994 3160 2090 3205 aut
2190 3169 2445 3239 coniicio,
2475 3179 2607 3226 tunc
2637 3174 2899 3242 temporis
2925 3164 3282 3242 qumslionem
3321 3156 3639 3224 εδει-Μίδεω,
3667 3171 3725 3210 an

512 3246 840 3315 primarium
909 3246 1147 3315 aliquem
1203 3246 1385 3300 virum
1450 3244 1689 3315 regionis
1745 3243 2085 3314 Cyresticm;

515 3339 663 3393 unde
710 3339 813 3393 sub
859 3336 1019 3392 finem
1067 3337 1255 3391 subdit
1310 3338 1724 3392 Theodoretus:
1775 3355 1792 3386 ι
1824 3334 2089 3391 Admittat

515 3444 646 3499 ergo
690 3429 1093 3499 magnificentia
1134 3437 1225 3481 tua
1260 3436 1541 3496 paternam
1564 3428 2026 3495 exhortationem,
2059 3447 2079 3480 ι

514 3521 757 3591 episcopi
789 3521 999 3576 scilicet
1017 3519 1116 3574 tui.

676 3632 915 3703 Epistola
946 3632 1029 3697 16,
1051 3632 1120 3687 ad
1147 3632 1409 3687 Irenwum
1441 3632 1560 3703 Tyri
1593 3633 1908 3704 episcopum.

585 3746 626 3800 1.
674 3744 825 3799 Adeo
870 3744 1179 3816 implicatus
1202 3754 1287 3799 est
1319 3758 1511 3798 sensus
1537 3753 1700 3813 atque
1722 3743 1976 3813 perplexa
1998 3741 2086 3796 hi-

516 3837 685 3893 storia
731 3835 994 3906 epistolae,
1032 3844 1092 3890 ut
1121 3834 1262 3889 facili
1304 3833 1523 3904 negotio
1545 3831 1789 3903 expediri
1820 3848 1930 3887 non
1957 3846 2086 3903 pos-

516 3926 588 3980 sit
617 3943 629 3978 :
661 3926 831 3979 multa
861 3925 1030 3989 enim,
1055 3933 1115 3978 ut
1158 3922 1302 3977 inter
1330 3923 1537 3977 amicos
1577 3937 1762 3977 rerum
1812 3921 2082 3987 conscios,

516 4012 896 4069 Theodoretus
921 4013 1124 4068 [remeo
1153 4012 1396 4066 breviter
1441 4013 1677 4083 scripsit,
1733 4028 1855 4083 qua:
1904 4021 2084 4069 tamen

514 4119 626 4161 non
654 4106 805 4175 parvi
837 4105 1096 4160 momenti
1120 4113 1204 4159 est
1224 4103 1352 4158 sciri
1376 4118 1407 4159 a
1451 4103 1712 4160 studiosis
1756 4103 2086 4159 ecclesiasti-

513 4211 640 4251 caru
650 4212 699 4249 m
730 4211 914 4251 rerum
923 4237 936 4251 .

583 4288 649 4343 ll.
702 4288 1060 4359 Attinguntur
1097 4287 1322 4344 omnino
1360 4301 1494 4341 sex:
1530 4287 1901 4344 ecclesiastica
1936 4286 2081 4342 cala-

2189 3260 2356 3331 Virgo
2377 3261 2485 3316 dici
2512 3262 2739 3318 deberet
2762 3263 2946 3326 ἁπλῶς
2966 3273 3023 3319 et
3046 3265 3164 3322 sine
3187 3264 3374 3321 addito
3402 3252 3646 3314 Οεοτὸκος,
3667 3262 3724 3302 an

2190 3350 2315 3406 addi
2352 3363 2633 3422 oporteret
2662 3353 3093 3425 ἀνθρωποτόκος,
3134 3351 3457 3425 quibusdam
3483 3335 3726 3402 communi

2187 3441 2437 3499 formulae
2478 3445 2824 3499 subscribere
2871 3448 3232 3501 renuentibus
3269 3445 3383 3499 sine
3421 3441 3519 3494 hoc
3543 3428 3725 3488 addita.

2187 3545 2395 3600 mento,
2430 3552 2541 3606 quo
2595 3538 2854 3592 volebant
2899 3539 3108 3594 scilicet
3151 3538 3304 3595 vocis
3347 3524 3723 3601 amplitudinem

2188 3626 2550 3697 restringere,
2597 3637 2658 3681 ut
2708 3627 2903 3683 callide
2956 3629 3343 3684 Nestorianum
3390 3630 3597 3677 sensum
3637 3606 3723 3666 sub

2189 3716 2456 3772 catholica
2477 3732 2611 3772 voce
2641 3718 2964 3773 retinerent.

2255 3828 2392 3884 Vill.
2441 3827 2844 3899 Conjecturam,
2891 3830 3108 3899 opinor,
3157 3827 3392 3900 probant
3428 3803 3721 3874 Theodoreti

2185 3920 2352 3974 verba
2386 3938 2399 3974 :
2443 3938 2461 3972 ι
2498 3920 2625 3976 lllos
2671 3930 2907 3990 Oportet,
2946 3921 3040 3991 qui
3083 3937 3182 3991 pro
3224 3920 3422 3991 pietate
3467 3904 3718 3963 dimicant,

2186 4025 2308 4081 qua:
2336 4011 2535 4065 dicturi
2564 4012 2674 4066 sint
2711 4011 2756 4044 ⁵⁸
2787 4012 3077 4083 diligenter
3105 4010 3438 4068 examinare,
3463 4012 3557 4054 nec
3580 4003 3720 4083 voca:

2186 4101 2315 4156 bula
2357 4116 2638 4171 quaerere,
2693 4117 2814 4172 quae
2865 4104 3273 4158 contentionem
3323 4094 3598 4153 suscitenl.
3639 4076 3719 4135 θεά

2186 4191 2515 4256 sententias,
2565 4208 2686 4261 qua:
2727 4193 3013 4249 veritatem
3071 4194 3281 4265 liquido
3322 4174 3721 4273 exprimant..0i

2186 4281 2447 4336 reluctari
2488 4282 2755 4338 audentes
2796 4286 2999 4341 rubore
3039 4287 3375 4343 suﬂ'undant.
3419 4270 3551 4342 Quid
3594 4270 3717 4319 enim

512 4384 695 4448 mitas,
738 4382 987 4438 evocatio
1032 4381 1099 4435 ad
1129 4382 1416 4453 synodum,
1443 4382 1664 4452 querela
1683 4380 1750 4435 de
1783 4381 2080 4435 calumnia-

2188 4372 2292 4428 ista
2336 4373 2686 4444 discrepant,
2741 4376 3151 4448 ἁνθρωποτόκον
3195 4374 3356 4435 simul
3400 4382 3462 4425 ac
3503 4353 3720 4453 θεοττξὲῗγ

514 4476 727 4530 toribus
757 4476 893 4540 suis,
940 4474 1170 4544 quaestio
1210 4474 1278 4529 de
1328 4475 1552 4545 Virgine
1612 4473 1864 4544 θεοτόκῳ,
1920 4487 2082 4527 causa

513 4567 739 4624 Diodori
792 4575 958 4636 atque
1015 4565 1315 4631 Theodori,
1374 4574 1431 4620 et
1477 4564 1768 4619 consilium
1814 4564 1882 4618 de
1910 4564 2083 4618 relin-

514 4659 733 4729 quendo
789 4659 1130 4729 episcopatu.
1200 4657 1325 4712 Haec
1377 4671 1639 4726 quorsum
1688 4663 2079 4722 memorentur,

511 4753 893 4821 exponendum
920 4760 1025 4817 est,
1050 4751 1194 4809 facto
1224 4767 1256 4806 a
1282 4760 1529 4820 tempore
1561 4751 1805 4823 epistolae
1831 4750 2007 4806 initio.

582 4842 672 4897 ΠΙ.
698 4843 829 4897 Data
847 4852 931 4897 est
955 4844 1147 4914 procul
1171 4844 1341 4900 dubio
1366 4853 1492 4916 post
1515 4843 1725 4896 editum
1751 4841 2036 4897 Eranisten
2057 4859 2077 4898 :

512 4929 807 5001 respondet
864 4933 1007 4986 enim
1078 4933 1457 4989 Theodoretus
1525 4932 1731 4988 lrenazo
1789 4935 2077 5003 quaerenti,

513 5035 613 5076 cur
665 5021 809 5076 inter
847 5024 1200 5093 appellandos
1228 5023 1420 5081 Patres
1454 5024 1521 5080 de
1556 5024 1795 5079 Diodoro
1816 5039 1882 5079 ac
1903 5022 2084 5079 Theo—

513 5114 649 5170 doro
671 5114 931 5179 siluisset,
962 5116 1317 5186 eamdemque
1340 5117 1431 5171 hic
1459 5124 1514 5170 et
1538 5116 1730 5171 iisdem
1763 5115 1877 5170 fere
1898 5115 2084 5169 verbis

514 5220 732 5262 causam
762 5206 941 5267 aﬂ‘ert,
981 5222 1046 5262 ac
1065 5207 1121 5262 in
1144 5208 1384 5263 secundo
1403 5208 1618 5278 dialogo
1643 5225 1658 5273 ;
1690 5208 1894 5278 scripta
1915 5207 2084 5277 igitur

511 5301 596 5351 est
649 5304 774 5368 post
824 5310 1027 5351 annum
1078 5294 1201 5360 445,
1252 5303 1344 5349 aut
1384 5294 1506 5350 446.
1567 5295 1673 5349 Sed
1712 5295 1881 5350 alium
1914 5296 2080 5351 etiam

2185 4463 2464 4534 Virginem
2505 4442 2747 4522 sanctam
2792 4442 3088 4539 appellare,
3123 4481 3219 4526 aut
3241 4477 3436 4522 vocare
3455 4456 3591 4511 illam
3619 4442 3718 4539 [filii

2186 4566 2418 4613 matrem
2444 4565 2607 4628 atque
2637 4534 2917 4627 ancillam;
2946 4570 3001 4616 et
3028 4534 3251 4625 addere,
3278 4534 3719 4639 mairem_qifidffl

2183 4663 2327 4713 esse,
2374 4657 2437 4705 ut
2474 4649 2731 4714 hominis,
2765 4651 2980 4705 Domini
3025 4653 3199 4708 nostri
3237 4651 3365 4706 Jesu
3403 4632 3724 4726 Christihau'

2184 4737 2368 4793 cillam
2394 4752 2528 4793 vero
2566 4747 2625 4793 ut
2652 4740 2772 4806 Dei,
2796 4741 3185 4813 calumniaeque
3220 4733 3554 4796 occasionem
3577 4713 3720 4813 silet]:

2185 4828 2263 4883 tio
2294 4836 2500 4898 tegere,
2538 4838 2594 4884 et
2622 4805 2868 4887 eamdem
2899 4805 3227 4889 sententiam
3253 4827 3355 4885 sub
3390 4818 3494 4876 alio
3524 4805 3719 4864 nomine

2183 4917 2467 4990 proferre?
2495 4938 2513 4970 ι

2254 5028 2346 5083 1X.
2379 5031 2455 5085 De
2485 5045 2649 5087 causa
2672 5033 2889 5089 Diodori
2920 5045 2976 5090 et
3002 5031 3273 5093 Theodori
3299 5025 3508 5082 dicetur
3527 5009 3578 5064 in
3599 4998 3717 5093 Εἶθ’

2186 5119 2341 5172 nista:
2369 5133 2603 5174 censura
2631 5122 2706 5187 '9;
2736 5123 2980 5192 proderit
3006 5140 3138 5181 vero
3169 5133 3298 5180 tunc
3322 5102 3557 5185 ερίειοιεε
3574 5084 3717 5143 verba

2185 5225 2311 5264 cum
2336 5212 2520 5267 verbis
2539 5213 2746 5285 Dialogi
2776 5216 3045 5271 conferre.
3616 5262 3685 5285 _,,,

2254 5296 2322 5353 Χ.
2355 5264 3205 5366 ρυέεῖῑᾶἐὸὸῖτὲἶιίξὲῌέῆηρω
3234 5295 3403 5358 addit,
3426 5285 3491 5342 de
3514 5264 3718 5334 εοη⁵ί¹ί⁰

1851 5431 2166 5489 SCHULZII
2203 5435 2437 5492 NOTAE.

582 5546 626 5579 ⁸⁸
650 5545 965 5615 Legendum
1002 5555 1087 5600 est
1130 5545 1455 5617 προσήὸους.
1485 5547 1608 5603 Vid.
1646 5555 1686 5600 ι.
1711 5546 1801 5611 IV,
1832 5564 1883 5617 p.
1905 5549 2080 5606 -1075,

582 5633 602 5663 r
640 5615 801 5663 infra-
833 5631 951 5663 mn.
987 5616 1039 5663 6-
1117 5617 1159 5649 ⁸⁷
1196 5616 1318 5663 Vid.
1354 5632 1535 5663 sunra-
1568 5634 1622 5663 n-
1647 5617 1768 5663 30ft-
1809 5617 1834 5663 6
1862 5619 1916 5663 Pi-
1991 5621 2035 5653 ⁸⁸
2060 5623 2080 5663 ι

2187 5552 2207 5585 ⁸
2240 5551 2367 5635 Post
2398 5572 2563 5611 mens.
2595 5556 2767 5628 April.
2804 5557 2917 5614 Sub
2940 5559 3102 5615 ﬁnem
3135 5553 3345 5663 .Aprilis
3378 5537 3569 5606 scrip“
3594 5515 3713 5639 δίξξξ

2186 5624 2228 5663 In
2261 5625 2423 5663 nhlm-
2446 5641 2607 5663 αιιηι-ςι
2664 5637 2679 5663 1
2737 5629 2804 5663 Iv
2851 5645 2885 5663 η
2932 5630 3065 5663 ιη’-ιτ
3164 5632 3184 5663 ι
3235 5622 3462 5663 ωτι-με.
3492 5603 3523 5660 6
3573 5596 3657 5660 hui

512 5623 602 5699 t‘ur
640 5615 803 5699 infra,
833 5631 951 5687 cap.
987 5616 1039 5671 6.
1117 5615 1318 5676 "‘Vid.
1354 5632 1537 5688 supra,
1568 5634 1622 5688 p.
1647 5617 1770 5682 506,
1809 5615 1917 5687 55.
1991 5621 2080 5675 ⁸⁸1

2186 5624 2228 5677 lo
2261 5624 2423 5680 aliter
2445 5615 2703 5696 supra,'t.
2735 5629 2825 5693 ιν,
2851 5645 2904 5699 p.
2932 5630 3085 5686 1077.
3164 5632 3184 5664 ⁵

515 5686 728 5743 dissert.

3232 5587 3523 5682 ἱξέἑιῗδῖῐζὶι
3573 5587 3718 5660 huius
