3926 6216
315 304 411 372 265

1464 316 1561 378 DE
1600 320 1856 382 LIBRIS
1891 322 2400 390 THEODORETI.

3449 345 3555 409 266

315 422 606 491 deponendi
637 423 1037 496 episcopatum,
1072 424 1179 483 nisi
1204 429 1474 500 judicium
1506 432 1754 488 divinum
1785 451 1876 490 ve—
1904 443 1948 497 Α
1978 454 2094 494 rem
2122 441 2326 508 virum,
2352 452 2412 498 ut
2442 445 2694 516 agricolis
2727 448 3011 505 sterilitate
3039 458 3196 507 terrm
3223 453 3435 515 alliictis
3465 461 3553 517 in-

312 525 526 577 reretur,
555 525 864 572 consonant
892 519 1125 574 consilio
1152 521 1384 592 epistola
1414 522 1448 576 5
1478 522 1627 580 dato.

368 606 452 661 Xl.
491 605 623 674 Quae
665 609 857 667 subdit
898 612 967 666 de
1014 613 1209 669 mortis
1247 618 1675 686 exspectatione,
1711 636 1872 690 quam

308 715 365 754 ex
406 699 621 756 insidiis
671 703 778 758 sibi
826 704 983 759 factis
1038 706 1275 761 vicinam
1331 718 1651 779 auguratur,
1698 712 1873 767 videri

307 800 516 860 possunt
566 794 889 849 vaticinium
950 797 1153 853 mentis
1206 799 1449 853 futuram
1509 802 1869 858 calamitatem

305 881 691 951 prospicientis.

361 972 469 1029 Xll.
517 974 639 1033 Non
694 975 954 1047 exiguum
1010 993 1174 1048 porro
1224 980 1589 1050 fragmentum
1641 983 1869 1054 hujusce

302 1064 526 1134 epistola:
558 1080 625 1119 ex
659 1065 1041 1135 antiquissima
1076 1068 1328 1124 versione
1369 1070 1603 1125 refertur
1639 1072 1692 1125 iu
1733 1075 1869 1127 actis

300 1169 330 1207 γ
359 1154 545 1226 synodi
585 1155 769 1210 collat.
816 1157 890 1221 5',
928 1172 1052 1212 cum
1095 1159 1198 1214 hac
1233 1158 1399 1232 316
1435 1161 1632 1216 vitiosa
1670 1162 1866 1217 inscri-

300 1245 509 1315 ptione:
555 1265 575 1298 1
615 1248 697 1302 Ex
746 1248 979 1318 epistola
1021 1249 1355 1305 Theodoreti
1400 1252 1467 1307 ad
1514 1253 1863 1309 Hierenatum

300 1336 582 1405 digamum,
618 1339 1002 1393 testimonium
1041 1341 1359 1411 prmbentis,
1394 1344 1540 1413 quod
1573 1345 1675 1399 sub
1701 1361 1864 1401 accu-

300 1428 490 1483 satione
535 1438 659 1484 erat
703 1428 1063 1497 Theodorus,
1111 1441 1168 1487 et
1206 1433 1564 1489 dubitabatur
1594 1436 1662 1491 de
1703 1453 1789 1492 eo.
1838 1458 1855 1490 ι

299 1518 379 1574 Sic
413 1529 593 1576 autem
632 1522 770 1577 illud
805 1539 864 1579 se
903 1523 1070 1581 habet
1103 1543 1116 1579 :
1161 1546 1179 1577 ι
1212 1525 1482 1593 Quoniam
1516 1545 1649 1585 vero
1688 1531 1864 1587 incul-

296 1613 423 1681 patis
452 1628 559 1678 me,
600 1633 618 1664 ι
658 1624 766 1670 etc.

295 1724 519 1795 Epistula
556 1727 647 1793 17,
684 1729 1039 1804 consolatoria
1072 1733 1143 1788 ad
1167 1732 1455 1791 Casiauam
1488 1736 1857 1804 diarunissam,

877 1804 935 1856 in
969 1803 1110 1857 obitu
1143 1804 1266 1873 ﬁlii.

354 1909 533 1981 Neque
580 1916 849 1984 temporis
894 1924 999 1981 est,
1036 1931 1217 1989 neque
1265 1933 1515 1989 persona:
1550 1921 1660 1976 ulla
1708 1932 1856 1988 nota,

290 2003 388 2057 nisi
415 2003 557 2073 quod
588 2020 657 2060 ex
686 2006 963 2077 adiunctis
988 2008 1257 2079 suSpicari
1287 2010 1436 2076 licet,
1462 2011 1684 2067 viduam
1720 2014 1857 2069 hanc

290 2095 630 2152 Antiochenm
664 2097 923 2154 Ecclesiae
956 2100 1294 2158 inserviisse.

293 2209 511 2280 Epistula
546 2215 633 2276 l8,
666 2214 1025 2271 consulatur-ia
1065 2218 1138 2303 ad
1166 2218 1589 2291 Neoptolemum,
1625 2220 1681 2274 in
1712 2226 1853 2280 obitu

962 2303 1157 2344 tutorum

352 2396 526 2467 Neque
556 2398 660 2454 ista
687 2399 861 2455 ullum
913 2401 1079 2458 habet
1113 2405 1228 2460 sive
1260 2412 1544 2481 temporis,
1579 2414 1694 2469 sive
1726 2431 1850 2485 per-

288 2502 421 2544 sona
453 2490 851 2547 characterem.

288 2599 511 2671 Epistula
542 2606 609 2661 19
637 2613 694 2661 et
721 2605 811 2672 20,
835 2608 906 2662 ad
932 2605 1193 2732 Βῗεὶιίιιτη
1219 2621 1266 2665 et
1296 2611 1612 2687 Martyrium
1636 2620 1848 2691 presby-

1001 2695 1139 2732 eros.

1001 2695 1139 2736 eros.

348 2790 575 2863 Utraque
615 2794 865 2865 ejusdem
913 2799 1240 2868 argumenti,
1282 2800 1351 2855 de
1390 2804 1688 2861 Athanasio
1724 2786 1851 2865 ora;

289 2884 392 2935 tore
434 2880 717 2955 Egyptio;
776 2891 1005 2955 utraque
1055 2886 1303 2957 ejusdem
1372 2890 1487 2947 fere
1543 2899 1843 2966 temporis;

286 2977 461 3025 neutra
494 2979 677 3026 tamen
709 2980 917 3029 certam
953 2974 1119 3030 habet
1147 2985 1243 3030 aut
1269 2992 1535 3046 personat,
1571 2993 1665 3038 aut
1691 2986 1842 3051 anni,

290 3066 370 3113 aut
386 3058 665 3116 Athanasii
696 3072 906 3118 notam.

472 3169 716 3242 Epistula
741 3172 831 3239 2i,
858 3175 928 3229 ad
955 3174 1239 3233 Eusebium
1263 3178 1663 3239 Scholasticum.

346 3279 391 3333 l.
428 3279 652 3335 Certum
696 3284 913 3353 przefert
959 3287 1089 3342 anni
1136 3288 1530 3358 characterem,
1570 3292 1840 3350 incertum

282 3381 512 3436 persona:
536 3413 551 3435 ,
580 3371 706 3428 data
730 3374 875 3429 enim
905 3385 990 3432 est
1024 3386 1149 3447 post
1174 3394 1418 3449 sparsam
1448 3382 1517 3438 de
1551 3399 1647 3439 sua
1676 3385 1732 3440 in
1760 3387 1840 3441 la-

282 3460 496 3515 trocinio
526 3463 803 3533 Ephesino
829 3466 1170 3538 depositione
1199 3469 1416 3538 famam,
1446 3489 1570 3529 cum
1593 3477 1839 3532 nondum

282 3549 339 3604 de
360 3568 414 3607 re
434 3564 729 3610 constaret.
761 3556 937 3624 Quare
962 3544 1202 3630 pertinet
1225 3563 1293 3618 ad
1314 3564 1443 3619 anni
1465 3565 1568 3621 449
1592 3566 1839 3638 Septem-

282 3641 417 3699 brem
460 3655 554 3701 aut
591 3646 886 3705 Octobrem
907 3667 1190 3720 .mensem,
1255 3657 1528 3727 siquidem
1566 3659 1837 3730 depositio

279 3734 384 3804 ejus
409 3738 608 3808 Ephesi
636 3740 868 3812 contigit
897 3742 986 3798 die
1020 3745 1315 3803 undecima
1346 3748 1597 3819 Augusti.

337 3826 397 3882 ll.
436 3829 624 3884 Miram
677 3830 1055 3890 Theodoretus
1116 3837 1359 3894 ostendit
1402 3839 1457 3893 in
1509 3848 1660 3896 tanto
1704 3858 1833 3899 casu

279 3918 425 3974 animi
463 3924 859 3991 constantiam;
896 3937 1097 3983 rectam
1147 3945 1368 4001 quoque
1405 3931 1567 3988 fidem
1606 3950 1831 4006 expres-

279 4014 345 4069 sis
377 4017 640 4090 clarisque
682 4021 868 4076 verbis
905 4024 1215 4092 proﬁtetur,
1242 4028 1467 4099 vultque
1505 4029 1573 4084 de
1607 4046 1702 4086 sua
1737 4048 1830 4086 or-

280 4106 507 4166 thodoxia
542 4121 774 4168 cunctos
808 4130 905 4184 per
938 4116 1236 4173 Eusebium
1267 4119 1474 4176 doceri.

337 4200 415 4256 III.
451 4203 719 4260 Eusebius
777 4206 888 4273 ille,
924 4215 986 4262 ut
1040 4210 1256 4279 opinor,
1303 4211 1407 4266 fuit
1458 4212 1829 4269 Seholasticus

279 4288 642 4364 Antiochenus,
677 4314 709 4353 a
756 4314 868 4369 quo
919 4300 1187 4357 didicerat
1238 4319 1338 4373 per
1386 4304 1632 4369 litteras,
1677 4306 1823 4374 quod

282 4382 398 4439 fama
418 4389 671 4459 jactabat.

491 4503 731 4575 Epistula
757 4506 846 4571 22,
879 4507 950 4561 ad
980 4505 1267 4578 Ulpianum
1290 4516 1547 4566 comitem.

332 4610 517 4671 Eodem
561 4617 677 4673 fere
720 4626 969 4689 tempore
1011 4620 1214 4691 scripta
1256 4630 1360 4687 est,
1400 4640 1509 4693 quo
1547 4626 1611 4681 l9
1641 4637 1696 4681 et
1730 4628 1818 4684 20.

278 4696 401 4757 idem
432 4708 571 4761 enim
612 4708 779 4762 trium
827 4720 1214 4780 argumentum
1248 4712 1317 4766 de
1356 4714 1654 4772 Athanasio
1693 4734 1820 4773 ora-

278 4794 374 4844 tore
412 4796 547 4863 apud
590 4811 649 4851 se
692 4809 961 4854 morante.
1005 4800 1199 4854 Nullus
1226 4808 1310 4856 est
1346 4805 1473 4858 anni
1514 4806 1815 4863 character.

276 4874 508 4948 Ulpianus
538 4885 628 4940 ille
666 4886 771 4940 fuit
808 4888 989 4943 adhuc
1016 4891 1255 4957 gentilis,
1285 4900 1343 4944 ut
1385 4896 1533 4964 cujus
1577 4895 1819 4951 laudibus

279 4967 441 5026 deesset
468 4976 716 5031 bonorum
746 4988 927 5050 caput,
956 4996 1153 5051 nempe
1185 4981 1339 5037 fides.

281 5079 481 5151 Epistula
496 5091 584 5156 23,
608 5092 679 5147 ad
687 5092 1051 5169 Ariobin_dum,
1069 5096 1437 5169 Adeprecatoria
1457 5100 1552 5166 pro
1573 5101 1816 5169 agricolis

878 5163 1174 5234 Cyresticis.

332 5271 367 5325 1.
400 5274 446 5330 ls
489 5277 598 5348 ipse
637 5287 723 5334 est
768 5279 1090 5344 Ariobinda,
1128 5281 1221 5350 qui
1270 5285 1611 5338 consulatum
1650 5286 1815 5356 gessit

281 5374 397 5419 anno
418 5368 530 5432 454,
556 5371 823 5441 cujusque
853 5370 1034 5424 obitus
1062 5374 1285 5441 ponitur
1312 5390 1341 5427 a
1372 5366 1681 5433 Marcellino
1713 5382 1813 5435 sub

282 5458 521 5513 consulatu
550 5460 873 5531 Protogenis
899 5469 953 5514 et
981 5462 1203 5527 Asterii,
1240 5464 1292 5518 id
1325 5476 1409 5520 est
1441 5482 1583 5521 anno
1612 5471 1734 5524 449.

332 5541 386 5597 ll.
429 5547 556 5604 lluie
604 5551 959 5620 amplissima:
995 5554 1366 5622 possessiones
1403 5566 1560 5612 erant
1608 5559 1663 5614 in
1710 5561 1814 5634 Cy-

280 5634 439 5689 restica
465 5641 701 5709 regione,
733 5657 858 5711 quae
885 5658 1007 5695 cum
1038 5644 1400 5699 calamitatem
1432 5664 1599 5716 passae
1629 5664 1813 5708 essent

277 5719 332 5776 ab
362 5725 625 5798 iniquitate
665 5733 816 5797 caeli,
851 5745 1107 5803 precatur
1143 5735 1520 5794 Theodoretus
1557 5743 1808 5799 consula-

474 5824 748 5888 PATROL.
792 5827 911 5888 Gn.
956 5827 1263 5892 LXXXIV.

1978 530 2225 601 dnlgens,
2259 534 2327 589 de
2357 537 2618 593 oneribus
2652 540 2827 595 solitis
2866 542 3122 598 remittat.
3330 622 3335 626 ἡ

2047 623 2134 676 Ill.
2172 624 2384 681 Accidit
2413 643 2577 696 porro
2608 630 2889 695 sterilitas,
2914 644 2975 690 ut
3003 637 3218 706 opinor,
3249 653 3279 693 a
3307 623 3551 698 siccitate

1977 713 2089 777 illa,
2119 717 2275 786 cujus
2306 720 2514 774 mentio
2546 719 2604 775 lit
2639 723 2695 776 in
2723 722 2914 795 Elogio
2942 726 3311 800 Polychronii.

1972 824 2214 895 Epistula
2253 829 2341 892 2i,
2376 833 2446 884 ad
2484 833 2748 889 Andream
2789 835 3196 895 Samosateuum
3230 843 3546 914 episcopum.

2042 939 2082 993 1.
2120 943 2291 998 Notus
2317 957 2400 1001 cst
2426 947 2673 1004 Andreas
2700 950 3117 1022 Samosatensis,
3147 965 3261 1011 tum
3284 958 3548 1029 objectio-

1970 1031 2134 1084 nibus
2173 1024 2394 1090 nomine
2437 1036 2795 1094 Orientalium
2835 1043 3099 1100 adversus
3145 1049 3320 1119 capita
3358 1049 3544 1121 Cyrilli

1966 1122 2128 1192 317
2167 1127 2494 1195 propositis.
2528 1138 2640 1185 tum
2674 1132 2875 1189 litteris
2906 1136 3256 1203 Theodoreti,
3288 1156 3394 1195 non
3428 1142 3546 1197 istis

1970 1214 2111 1278 unis,
2143 1216 2236 1269 sed
2266 1217 2406 1283 aliis,
2438 1236 2573 1289 quas
2608 1224 2798 1291 quinta
2828 1226 3067 1295 synodus
3093 1236 3148 1282 et
3179 1229 3382 1285 Marius
3409 1232 3548 1285 Mer-

1967 1312 2120 1358 cator
2162 1307 2455 1375 exhibent;
2505 1318 2618 1365 tum
2661 1312 2897 1383 denique
2948 1316 3107 1371 libris
3151 1318 3421 1375 Anastasii
3464 1320 3546 1375 Si-

1966 1398 2147 1462 naitae,
2184 1399 2276 1469 qui
2312 1403 2573 1457 nonnulla
2602 1403 2671 1459 de
2701 1405 2820 1475 ipso
2853 1406 3038 1463 refert.

2035 1488 2099 1543 ll.
2135 1490 2260 1545 Fuit
2294 1492 2543 1549 doctrina
2576 1495 2811 1551 eximius
2846 1498 2988 1552 inter
3020 1498 3314 1557 Orientalis
3344 1503 3546 1559 dioece-

1964 1579 2038 1634 sis
2064 1582 2372 1653 episcopos,
2408 1584 2512 1639 fuit
2545 1595 2602 1641 et
2640 1587 2901 1659 singulari
2932 1590 3173 1645 amicitia
3208 1607 3332 1645 cum
3362 1594 3543 1648 Theo-

1963 1668 2155 1726 doreto
2182 1673 2539 1743 conjunctus;
2568 1676 2702 1745 quin
2728 1686 2783 1731 et
2814 1679 3088 1749 particeps
3111 1696 3234 1735 cum
3262 1682 3380 1752 ipso
3402 1684 3547 1753 ejus-

1895 1785 1933 1838 Β
1962 1764 2088 1818 dem
2132 1765 2458 1824 calamitatis
2502 1769 2557 1822 in
2598 1770 2878 1840 Ephesino
2927 1772 3236 1838 latrocinio,
3277 1774 3322 1829 si
3362 1775 3543 1830 Theo—

1962 1855 2129 1924 phani
2177 1857 2493 1924 credimus;
2549 1876 2662 1915 non
2720 1868 2905 1916 tamen
2954 1862 3198 1933 ejusdem
3259 1865 3424 1920 sortis
3485 1865 3543 1920 in

1959 1946 2391 2005 Chalcedonensi
2426 1951 2661 2006 concilio
2704 1970 2718 2005 :
2761 1964 2913 2008 mors
2956 1954 3104 2007 enim
3134 1956 3431 2024 praevertit,
3465 1956 3542 2012 si-

1956 2039 2181 2108 quidem
2228 2057 2353 2096 cum
2398 2042 2654 2098 Patribus
2702 2043 2846 2099 sedit
2885 2045 3120 2099 Rufinus
3153 2044 3544 2127 Samosatcnus

1956 2131 2267 2200 episcopus.
2299 2132 2435 2186 Vide
2466 2148 2588 2203 quae
2622 2133 3039 2190 observavimus
3062 2135 3121 2189 in
3148 2151 3186 2189 ιι
3210 2145 3363 2207 parte
3395 2136 3539 2207 Ope-

1959 2235 2079 2274 rum
2103 2221 2256 2275 Marii
2283 2222 2601 2279 Mercatoris
2633 2225 2704 2279 ad
2740 2225 3082 2296 objectiones
3113 2230 3401 2299 praedictas
3432 2232 3537 2303 Cy-

1957 2308 2180 2381 rillique
2201 2314 2607 2383 responsiones,
2627 2331 2765 2386 quas
2797 2317 3003 2372 Marius
3030 2319 3298 2375 Mercator
3327 2320 3537 2376 Latini-

1956 2409 2064 2455 tate
2097 2402 2340 2459 donavrt.

2023 2490 2111 2546 lll.
2142 2493 2219 2547 De
2249 2501 2492 2565 tempore
2514 2496 2654 2553 data:
2678 2499 2922 2570 epistolae
2950 2500 3222 2572 conjicere
3248 2518 3358 2558 non
3384 2502 3533 2572 licet,

1952 2596 2078 2635 cum
2104 2583 2288 2639 nullus
2313 2586 2457 2641 adsit
2482 2587 2790 2645 character.

2267 2699 2523 2771 Epistulae
2550 2701 2621 2757 25
2649 2712 2705 2758 et
2732 2705 2822 2767 26,
2851 2706 3196 2761 Ιιεονιαεῑίεω.

2018 2809 2350 2866 Charactere
2379 2813 2553 2867 ambae
2592 2823 2802 2881 carent,
2837 2816 2941 2871 nisi
2979 2818 3126 2887 quod
3157 2819 3309 2890 prior
3329 2821 3533 2879 Natali-

1948 2901 2063 2955 litia
2103 2900 2240 2957 festa
2278 2903 2501 2958 indicat.

1949 3012 2188 3083 Epistula
2225 3015 2315 3079 27,
2355 3016 2425 3069 ad
2468 3015 2777 3140 Aquilizufln
2821 3020 3101 3075 diaconum
3145 3033 3194 3076 et
3230 3027 3531 3080 archiman-

2687 3105 2729 3140 n
2759 3107 2864 3140 am.

2687 3105 2864 3142 ιῖιαητ.

2018 3194 2395 3252 Consolatoria
2433 3207 2518 3253 est
2560 3199 2617 3253 in
2651 3199 2887 3255 orbitate
2931 3200 3061 3268 ﬁlii;
3101 3203 3422 3273 spiritualis,
3457 3223 3528 3263 an

1945 3289 2246 3354 naturalis,
2275 3289 2548 3345 incertum
2587 3307 2601 3346 :
2643 3300 2838 3347 ctetera
2869 3294 3074 3349 nullam
3114 3295 3282 3353 habet
3315 3306 3522 3356 notam.

1944 3377 2026 3432 An
2060 3377 2350 3448 Aquilinus
2384 3379 2475 3434 ille
2507 3387 2693 3450 postea
2724 3380 2895 3438 fuerit
2922 3383 3075 3455 Bybli
3113 3386 3411 3443 Palaestinae
3433 3406 3525 3444 or-

1941 3468 2161 3523 dinatus
2190 3470 2502 3541 episcopus,
2526 3481 2583 3526 et
2604 3488 2728 3527 cum
2754 3473 3103 3531 Theodoreto
3133 3477 3188 3532 in
3216 3478 3524 3536 latrocinali

1940 3561 2147 3632 synodo
2169 3561 2469 3633 depositus,
2498 3573 2561 3619 ut
2584 3565 2780 3621 scribit
2802 3567 3066 3639 Evagrius
3090 3569 3186 3625 lib.
3222 3588 3260 3636 ι,
3285 3588 3402 3643 cap.
3431 3572 3519 3635 l0,

1937 3662 1994 3708 et
2021 3654 2115 3724 qui
2144 3669 2269 3709 cum
2304 3653 2656 3712 Theodoreto
2693 3658 3021 3729 subscripsit
3060 3662 3303 3732 epistolae
3349 3665 3521 3721 sancti

1937 3741 2139 3799 Leonis
2167 3744 2233 3799 ad
2268 3744 2609 3812 Flavianum,
2652 3748 2925 3803 incertum
2965 3759 3069 3806 est.

1935 3853 2176 3924 Epistula
2209 3855 2301 3921 28,
2334 3855 2619 3925 familiaris
2663 3858 2733 3911 ad
2756 3857 3031 3935 _Jacubum
3069 3864 3427 3935 presbyterum
3466 3876 3517 3921 et

2556 3929 2890 3982 monachum.

2002 4058 2161 4114 Caret
2193 4060 2342 4114 omni
2380 4076 2608 4131 prorsus
2635 4070 2785 4118 nota.
2820 4063 2960 4121 Sunt
2984 4065 3079 4136 qui
3106 4074 3320 4138 putent,
3352 4070 3513 4127 Jaco-

1931 4150 2064 4204 bum
2100 4151 2264 4216 hunc,
2300 4151 2368 4206 ad
2400 4167 2565 4222 quem
2592 4153 2974 4210 Theodoretus
3001 4158 3213 4223 scribit,
3251 4176 3362 4215 non
3391 4178 3511 4217 esse

1930 4243 2208 4298 diversum
2240 4260 2269 4299 a
2298 4244 2505 4300 Iacobo
2543 4246 2890 4300 sanctissimo
2924 4248 3215 4312 monacho,
3244 4252 3401 4321 cujus
3425 4254 3509 4305 vi-

1927 4335 2108 4389 ventis
2124 4335 2361 4405 elogium
2387 4337 2696 4407 composuit
2715 4337 2770 4391 in
2788 4337 3081 4402 Philutheu,
3100 4355 3374 4410 quemque
3396 4357 3510 4395 mo-

1857 4460 1902 4513 D
1931 4426 2079 4481 riens
2127 4428 2479 4497 superstitem
2522 4428 2747 4498 reliquit
2788 4448 2800 4482 :
2842 4445 2990 4494 nam,
3038 4430 3312 4500 inquiunt,
3348 4440 3404 4486 et
3440 4433 3508 4487 ad

1930 4533 2094 4586 quem
2142 4518 2422 4584 scribitur,
2460 4527 2517 4573 et
2544 4519 2638 4589 qui
2688 4519 2965 4584 laudatur,
2996 4521 3288 4591 presbyter
3315 4521 3419 4575 fuit
3452 4530 3507 4576 et

1927 4608 2247 4663 monachus.
2267 4609 2468 4664 Verum
2496 4610 2591 4679 qui
2619 4611 2882 4666 attentius
2901 4611 3137 4680 elogium
3158 4613 3372 4682 legerit,
3395 4629 3503 4668 non

1926 4700 2257 4755 assentietur
2279 4703 2472 4771 procul
2501 4702 2671 4757 dubio
2705 4703 2932 4767 dicenti,
2960 4719 3086 4756 eum
3111 4704 3203 4773 qui
3228 4704 3501 4770 laudatur,

1923 4789 2092 4845 fuisse
2120 4806 2361 4862 unquam
2400 4794 2803 4865 presbyterum.
2830 4794 2964 4848 Nam
2994 4796 3140 4864 quod
3171 4797 3375 4852 dicitur
3408 4799 3504 4853 Ni-

1923 4882 2116 4936 sibeno
2146 4883 2315 4938 fuisse
2351 4885 2611 4955 ὁμότιμος
2644 4885 2737 4938 καὶ
2766 4885 3097 4956 ὁμότροπος,
3124 4904 3233 4943 non
3264 4892 3503 4959 pertinet

1921 4973 1988 5028 ad
2030 4989 2220 5043 parem
2264 4976 2320 5029 in
2346 4977 2594 5033 Ecclesia
2639 4979 2981 5049 dignitatem,
3017 4979 3334 5049 (Nisibenus
3356 4984 3500 5037 enim

1920 5066 2026 5121 fuit
2052 5066 2390 5137 episcopus),
2412 5069 2506 5122 sed
2547 5069 2614 5124 ad
2658 5069 2804 5124 idem
2843 5070 3023 5126 laudis
3054 5072 3333 5136 meritum,
3369 5090 3500 5143 pro—

1920 5167 2042 5226 pter
2063 5157 2319 5211 eumdem
2350 5160 2656 5216 sanctitatis
2685 5161 2929 5217 modum.

2059 5271 2298 5342 Epistula
2328 5272 2418 5336 29,
2448 5277 2877 5332 commendatitia
2903 5280 2973 5333 ad
2996 5280 3368 5351 Αρειιίωτρυι..

1989 5386 2029 5439 l.
2070 5386 2355 5457 Temporis
2397 5401 2526 5444 nota
2575 5392 2861 5448 manifesta
2908 5404 3011 5459 est,
3045 5397 3241 5464 partim
3282 5413 3348 5451 ex
3378 5398 3498 5452 aliis

1916 5490 2011 5529 sex
2049 5479 2515 5547 consequentibus
2552 5480 2771 5547 litteris,
2812 5500 3045 5553 quarum
3089 5487 3232 5540 idem
3281 5497 3364 5541 est
3402 5505 3494 5541 ar-

1916 5575 2256 5634 gumentum,
2303 5568 2556 5639 idemque
2600 5582 2844 5643 tempus;
2888 5575 3084 5643 partim
3116 5592 3183 5630 ex
3222 5578 3492 5645 personis,

1916 5654 1980 5707 ad
2012 5671 2147 5722 quas
2179 5659 2454 5714 nonnullre
2492 5661 2708 5730 scriptae
2738 5674 2885 5715 sunt.

1988 5747 2051 5801 ll.
2092 5747 2560 5807 Conimendatitize
2602 5765 2728 5808 sunt
2768 5771 2956 5809 omnes
2995 5757 3062 5809 ad
3103 5758 3306 5814 amicos
3377 5758 3494 5814 sive

3066 5851 3100 5909 9
