3926 6216
433 258 534 323 267

1562 255 1934 314 (ΞΑΗΝΕΜΙ
1978 255 2007 312 I

2129 253 2466 312 iERTATIO
2505 252 2586 310 ll.
3557 249 3647 315 963

436 368 592 436 alios,
631 382 770 438 quos
813 367 1189 422 Theodoretus
1230 365 1487 420 admonet
1519 362 2008 417 commiscrationis
2041 372 2078 423 Α
2114 362 2346 431 Ιίμξειολα
2394 360 2489 422 52,
2536 356 2960 438 εωηιηιείιειίειὶιῑα
2999 355 3067 408 ad
3110 354 3437 408 leoctistam
3473 355 3648 413 Burrum

438 462 490 514 in
530 459 863 515 sublevanda
898 468 1135 529 egestate
1165 457 1453 513 Celestiaei
1491 455 1689 510 nobilis
1721 454 2001 522 Carthagi-

437 550 665 615 niensis,
696 549 790 619 qui
840 558 997 619 capta
1049 566 1078 603 a
1111 548 1405 604 Genserico
1443 545 1769 617 Carthagine
1812 553 2008 598 exutus

436 642 662 710 opibus,
706 649 761 695 et
810 656 931 693 cum
978 655 1075 694 sua
1120 650 1298 694 tamen
1349 647 1459 692 tota
1514 637 1715 692 familia
1761 636 2006 692 exsulare

436 742 658 786 coactus
696 744 796 787 est.

505 826 669 895 318
703 826 791 879 Ill.
840 826 1069 881 Venerat
1116 823 1225 886 ille,
1275 831 1335 877 ut
1379 823 1618 887 videtur,
1663 820 1863 893 Cyrum
1910 836 2009 889 per

433 916 719 986 Egvptnm
748 924 803 969 et
832 915 1150 974 Phtenicen,
1190 913 1460 983 Cyroque,
1484 915 1696 977 Beroea,
1734 914 1923 967 Emesa
1953 919 2008 963 et

433 1008 720 1062 Antiochia
768 1008 968 1076 Tyrum
1015 1006 1308 1075 cogitabat,
1339 1015 1401 1060 ut
1440 1006 1587 1060 illinc
1616 1005 1832 1059 solvens
1861 1002 2006 1057 Con-
2056 1068 2071 1081 ν

434 1097 838 1166 stantinopolim
870 1109 1137 1166 pergeret,
1178 1094 1522 1167 imperatoris
1552 1113 1709 1166 opem
1748 1096 2006 1166 implora-

429 1199 609 1242 ῐιιηιδ.

500 1279 587 1334 IV.
619 1277 739 1345 Quo
774 1286 1024 1349 tempore
1064 1279 1190 1332 data
1227 1278 1317 1343 sit,
1352 1278 1741 1348 disputandum
1774 1293 1897 1332 cum
1939 1277 2005 1330 il-

431 1370 760 1426 lustrissimo
797 1371 1088 1426 Annalium
1137 1371 1426 1440 scriptore,
1460 1387 1580 1426 eam
1617 1369 1825 1424 scilicet
1861 1369 2005 1423 refe-

440 1471 592 1516 rente
632 1471 747 1517 toto
772 1462 883 1518 fere
908 1464 1131 1518 biennio
1160 1464 1322 1518 citius
1355 1480 1514 1533 quam
1542 1470 1784 1532 oportet,
1811 1476 2007 1530 nempe

432 1550 499 1604 ad
535 1567 739 1606 annum
784 1552 908 1607 440.
945 1553 1035 1608 Sic
1062 1562 1241 1607 autem
1283 1552 1641 1607 ratiocinator
1675 1569 1688 1603 :
1717 1550 1884 1620 Capta
1925 1558 2007 1604 est

430 1642 702 1715 Carthago
736 1644 1018 1700 Gcnserici
1052 1656 1172 1700 astu
1208 1662 1352 1700 anno
1378 1646 1499 1709 459,
1533 1655 1718 1698 mense
1751 1642 2003 1708 Octobri;

430 1735 588 1804 ejecti
636 1752 763 1790 mox
808 1737 1040 1801 nobiles,
1081 1738 1173 1807 qui
1219 1737 1425 1792 servire
1461 1736 1666 1790 nollent
1712 1735 1769 1789 in
1806 1733 2000 1805 patria.

432 1827 632 1880 Eorum
668 1844 810 1883 unus
845 1829 947 1883 fuit
983 1827 1336 1892 Celestiacus,
1370 1828 1461 1897 qui
1490 1842 1613 1881 cum
1648 1827 1701 1880 in
1724 1817 2005 1880 Orientem

432 1920 657 1990 fugisset
683 1935 826 1973 anno
853 1914 1137 1990 s‘equente,
1171 1919 1264 1987 qui
1305 1919 1428 1984 440,
1461 1918 1662 1990 Cyrum
1702 1917 1872 1980 venit,
1912 1916 2004 1971 lit-

431 2020 684 2080 terasque
731 2011 1020 2066 discedens
1070 2026 1099 2064 a
1143 2009 1490 2065 Theodoreto
1536 2007 2007 2064 commendatitias

430 2105 495 2158 ad
526 2103 734 2158 amicos
769 2103 821 2157 in
854 2102 939 2156 via
975 2102 1183 2173 positos
1213 2101 1442 2169 accepit.

498 2197 700 2251 Verum
729 2197 846 2250 haec
872 2195 1013 2249 ratio
1036 2195 1337 2250 consistere
1361 2209 1470 2249 non
1499 2202 1677 2264 potest
1703 2210 1717 2246 :
1749 2191 1842 2247 sed
1869 2191 2002 2244 alte-

432 2305 551 2344 rum
583 2290 932 2359 jamannum
972 2288 1028 2340 in
1071 2285 1509 2341 circumferenda
1550 2301 1649 2339 sua
1690 2283 2004 2338 infelicitate

429 2379 763 2434 Celestiacus
807 2385 1083 2447 posuerat,
1123 2392 1249 2431 eum
1287 2376 1439 2432 venit
1476 2375 1696 2447 Cyrum,
1739 2374 2003 2430 obtinuit-

426 2484 537 2538 que
581 2468 793 2521 litteras
825 2482 857 2520 a
889 2465 1237 2520 Theodoreto
1267 2481 1281 2518 :
1315 2481 1458 2519 unus
1489 2466 1637 2519 enim
1676 2464 2002 2528 amicorum,

432 2576 570 2629 quos
598 2559 663 2613 ad
686 2558 970 2613 levandam
996 2557 1282 2612 Celestiaci
1308 2557 1583 2611 miseriam
1605 2556 1804 2611 litteris
1832 2555 2007 2609 Theo-

432 2649 656 2703 doretus
692 2646 1031 2709 hortabatur,
1064 2647 1307 2700 Domnus
1339 2645 1446 2700 fuit
1471 2645 1696 2700 Joannis
1725 2644 1778 2698 in
1813 2644 2003 2698 Antio-

433 2739 607 2794 chena
652 2739 780 2795 sede
825 2740 1110 2793 successor
1146 2755 1159 2791 :
1201 2737 1353 2807 atqui
1401 2737 1639 2792 Joannes
1681 2736 1818 2790 obiit
1863 2750 2008 2789 anno

433 2830 697 2885 duntaxat
728 2829 831 2884 440
868 2830 1084 2894 affecto,
1115 2838 1209 2883 aut
1237 2829 1401 2884 etiam
1433 2829 1561 2883 anni
1593 2827 1873 2899 sequentis
1899 2828 2005 2882 ini-

434 2920 547 2988 tio;
581 2929 636 2977 et
656 2919 1038 2975 Theodoretus
1060 2921 1271 2975 Domno
1301 2921 1513 2985 scribit,
1537 2928 1598 2975 ut
1622 2922 1730 2992 jam
1756 2920 2004 2990 aliquan-

434 3013 531 3068 diu
562 3013 614 3068 in
651 3013 779 3068 sede
808 3013 1133 3077 constituto;
1171 3013 1388 3083 scripsit
1414 3014 1577 3084 igitur
1603 3028 1747 3067 anno
1772 3012 1897 3067 442.

506 3107 743 3178 Tempus
775 3123 940 3177 porro
974 3123 1084 3177 quo
1123 3107 1360 3162 Joannes
1398 3107 1552 3171 obiit,
1578 3122 1643 3162 ex
1676 3123 1742 3162 eo
1775 3107 2004 3162 demon-

432 3210 637 3255 stratur
665 3218 678 3255 :
710 3200 868 3255 Anno
898 3200 1001 3255 448
1039 3201 1287 3257 scribens
1323 3201 1699 3257 Thcodoretus
1722 3201 2002 3265 Dioscoro,

432 3290 511 3345 ait
548 3291 696 3345 hunc
740 3307 943 3346 annum
982 3306 1104 3346 esse
1150 3293 1442 3362 septimum
1481 3309 1511 3347 a
1549 3294 1743 3348 Domni
1787 3292 2007 3348 ordina-

434 3382 584 3437 tione
609 3399 624 3448 ;
653 3381 940 3437 ordinatus
967 3388 1051 3436 est
1076 3380 1244 3452 igitur
1268 3383 1509 3437 Domnus
1535 3399 1678 3437 anno
1706 3384 1828 3437 441.

504 3472 568 3527 V.
604 3472 685 3527 Ex
721 3472 808 3527 his
842 3480 1074 3538 constat,
1112 3473 1395 3544 epistolam
1437 3474 1502 3528 ad
1541 3474 1899 3542 Apellionem,
1939 3473 2006 3528 de

434 3577 543 3632 qua
583 3576 732 3616 nunc
773 3561 974 3632 agitur,
1007 3562 1263 3632 scriptam
1295 3579 1435 3625 esse,
1470 3562 1612 3616 sicut
1647 3570 1705 3616 et
1742 3562 1874 3616 alias
1913 3577 2009 3617 sex

433 3660 748 3723 sequentes,
779 3668 926 3707 anno
956 3652 1079 3707 442.
1115 3651 1317 3708 Omnes
1357 3655 1502 3708 enim
1555 3668 1662 3706 una
1703 3651 1842 3706 datae
1882 3660 2011 3706 sunt

436 3744 643 3799 infelici
674 3743 874 3814 hospiti
902 3744 1146 3799 abeunti.

507 3837 592 3894 Vl.
630 3836 765 3904 Quis
794 3837 884 3892 ille
917 3836 1081 3890 fuerit
1108 3836 1336 3906 Apellio,
1361 3835 1591 3891 deﬁnire
1614 3850 1721 3889 non
1749 3849 1967 3905 possum
1992 3853 2004 3887 :

436 3900 540 3986 Fuit
582 3900 722 3985 forte
782 3930 1034 3984 eruditus
1073 3900 1270 3999 aliquis
1307 3938 1606 3999 potensque
1641 3900 1867 3993 vin-aut
1900 3928 2013 3982 An-

424 4023 673 4087 tiochiae,
704 4030 800 4076 aut
834 4021 1039 4076 Beroea:
1077 4020 1349 4075 habitans.

438 4110 678 4182 Epistola
715 4111 814 4176 50,
863 4112 933 4164 ad
970 4112 1187 4165 Aeriam
1235 4112 1522 4182 sOphistam
1559 4111 2008 4165 commendatitia.

436 4232 443 4239 ο
507 4201 549 4254 1.
591 4199 845 4271 Ejusdem
894 4199 1160 4269 temporis
1200 4209 1256 4255 et
1297 4199 1599 4270 argumenti
1644 4213 1769 4252 cum
1807 4212 2010 4266 praece—

440 4291 624 4355 dente,
657 4291 725 4346 ad
760 4291 911 4346 hunc
937 4291 1160 4346 Aerium
1191 4301 1276 4346 est
1302 4291 1534 4361 epistola
1561 4290 1649 4355 66,
1676 4305 1781 4361 qua
1813 4289 2008 4343 invita—

438 4397 530 4440 tur
550 4384 618 4437 ad
639 4384 878 4440 enctenia
903 4383 1088 4453 templi
1107 4384 1477 4453 apostolorum
1498 4382 1624 4455 Cyri
1648 4381 1974 4437 celebranda
1995 4398 2007 4434 :
2044 4392 2087 4447 1)

437 4494 559 4549 quae
587 4491 671 4531 me
697 4492 788 4532 res
816 4482 1025 4541 monet,
1062 4484 1123 4530 ut
1158 4475 1445 4545 conjiciam
1471 4475 1639 4531 fuisse
1669 4476 1848 4529 virum
1875 4489 2011 4544 quo.

438 4585 545 4640 que
564 4569 841 4624 eruditum
857 4568 1062 4634 ,civem
1086 4566 1289 4621 Bermm
1311 4566 1498 4637 paucis
1524 4566 1850 4621 milliaribtts
1870 4565 2011 4636 Cyro

439 4659 707 4715 distantis.

508 4752 575 4806 ll.
610 4752 896 4822 Templum
923 4765 1092 4821 porro
1114 4749 1507 4819 apostolorum,
1530 4747 1598 4801 de
1622 4761 1733 4816 quo
1770 4745 1829 4800 ﬁt
1856 4761 2011 4799 men-

444 4844 540 4907 tio,
585 4843 806 4897 videtur
849 4843 999 4896 aliud
1047 4842 1118 4896 ab
1170 4856 1257 4905 eo,
1301 4838 1448 4910 quod
1499 4837 1761 4893 suadente
1810 4837 2014 4892 Jacobo

441 4933 823 4989 Theodoretus
845 4934 1131 4999 exstruxit,
1154 4942 1211 4988 et
1235 4932 1292 4987 in
1318 4946 1428 5000 quo
1451 4929 1733 4999 depositus
1758 4936 1842 4982 est
1866 4943 2015 4982 eom-

444 5026 595 5079 muni
627 5040 749 5079 cum
782 5024 987 5080 Jacobo
1020 5025 1291 5095 sepulcro.
1324 5022 1457 5078 Vide
1483 5028 1648 5092 caput
1671 5020 1737 5075 21
1768 5019 2015 5074 Historia:

444 5115 719 5187 religiosw.

448 5203 687 5274 Epistula
724 5204 813 5267 5|,
853 5202 1298 5274 commendanda
1324 5201 1394 5254 ad
1429 5201 1692 5255 Domuum
1734 5199 2013 5255 Antioche—

966 5272 1185 5326 chenum
1218 5272 1533 5341 episcopum.

513 5364 769 5435 Ejusdem
818 5372 873 5417 et
917 5360 1225 5431 argumenti
1271 5370 1326 5413 et
1377 5361 1655 5429 temporis.
1694 5359 1771 5414 De
1808 5360 2019 5413 Domno

447 5455 651 5510 dictum
675 5454 807 5509 satis
841 5452 891 5506 in
917 5453 1037 5506 Vita
1068 5449 1423 5505 Theodoreti.

2740 427 3053 496 episcopum.

2176 539 2432 610 Ejusdem
2468 539 2673 609 pariter
2708 537 3013 608 argumenti
3045 544 3100 591 et
3138 537 3411 606 temporis.
3446 536 3649 593 Succes-

2108 632 2178 684 sit
2216 630 2566 685 Theoctistus
2611 630 2809 684 Acacio
2860 643 3002 682 anno
3051 628 3152 682 457
3211 637 3306 681 aut
3353 626 3470 691 458,
3506 627 3652 697 319

2108 731 2169 776 ut
2208 730 2395 791 postea
2441 718 2906 775 demonstrabitur
2934 717 2998 771 ⁸⁸.
3042 717 3141 771 Est
3186 717 3252 770 de
3295 717 3409 785 ejus
3450 715 3651 769 ordina-

2109 813 2255 867 tione
2293 811 2750 881 congratulatoria
2783 813 2799 830 '
2836 809 2903 864 ad
2946 810 3263 864 Bermenses
3301 808 3518 862 clericos
3550 807 3653 875 epi-

2109 903 2247 958 stola
2287 904 2353 956 57
2381 904 2445 957 ⁶¹.
2473 902 2554 956 Ad
2594 901 2847 957 eumdem
2879 907 2963 955 cst
2990 900 3151 954 etiam
3181 898 3406 968 cpistola
3437 898 3549 961 154,
3577 898 3650 951 in-

2108 995 2410 1067 erepatoria
2439 994 2508 1049 ob
2534 994 2834 1064 neglectam
2861 992 3115 1047 amicitite
3139 992 3332 1061 legem,
3357 990 3419 1044 de
3441 1006 3539 1059 qua
3562 1004 3650 1043 suo

2108 1088 2247 1142 loco.
2303 1086 2553 1140 interfuit
2599 1085 2832 1139 concilio
2887 1082 3316 1139 Chalcedonensi
3361 1096 3497 1135 anno
3539 1080 3647 1143 451,

2109 1177 2431 1246 subscripsit
2504 1176 2746 1246 epistola:
2809 1174 3192 1245 episcoporum
3262 1171 3444 1241 prima:
3503 1169 3652 1240 Syria:

2109 1281 2251 1318 anno
2284 1264 2406 1318 458.

2107 1377 2345 1449 Epistola
2387 1378 2475 1440 55,
2514 1376 2939 1449 commendatitia
2987 1376 3057 1429 ad
3100 1374 3387 1430 Stasimum
3434 1374 3649 1425 comitem

2709 1456 2756 1501 et
2791 1448 3092 1517 primatem.

2177 1562 2433 1633 Ejusdem
2474 1576 2597 1614 cum
2632 1559 3065 1629 praecedentibus
3101 1557 3402 1629 argumenti
3442 1566 3491 1610 et
3530 1566 3651 1608 tem-

2109 1652 2274 1721 poris.
2303 1651 2435 1718 Quis
2464 1666 2630 1721 porro
2667 1649 2935 1703 Stasimus
2965 1649 3149 1713 fuerit,
3180 1655 3235 1701 et
3260 1647 3413 1717 cujus
3439 1645 3654 1701 civitatis

2107 1744 2335 1814 primas,
2372 1743 2644 1815 conjicere
2680 1758 2790 1797 non
2818 1742 2979 1809 licet;
3016 1739 3238 1813 Tyrine,
3265 1757 3331 1794 an
3355 1740 3570 1797 Emesie,
3592 1753 3652 1790 an

2107 1835 2346 1889 civitatis
2395 1835 2628 1905 alicujus
2675 1842 2769 1888 aut
2828 1841 3033 1888 tractus
3082 1833 3328 1896 alterius,
3369 1845 3463 1900 per
3507 1845 3653 1899 quem

2105 1927 2439 1982 Celestiacus
2475 1926 2770 1982 transiret?

2109 2040 2345 2111 Epistola
2380 2040 2469 2107 54,
2509 2040 2934 2094 commendatitia
2978 2040 3048 2094 ad
3083 2039 3375 2095 Patricium
3416 2037 3652 2090 comitem.

2176 2156 2379 2209 lterum
2417 2154 2663 2224 ejusdem
2699 2154 3006 2225 argumenti
3038 2163 3092 2208 et
3128 2152 3406 2223 temporis.
3433 2150 3583 2218 Quid,
3614 2149 3654 2204 si

2106 2246 2375 2301 Patricius
2412 2246 2503 2300 ille
2545 2261 2730 2300 comes
2770 2244 2939 2301 fuerit
2975 2245 3271 2315 provinciae
3305 2244 3543 2315 alicujus,
3566 2257 3653 2311 per

2106 2352 2268 2405 quam
2295 2335 2688 2391 transeundum
2719 2345 2838 2391 erat
2872 2335 3176 2392 Celestiaco
3200 2334 3398 2407 Tyrum
3433 2328 3657 2402 petenti?

2107 2425 2521 2481 Transeundum
2562 2434 2711 2481 certe
2751 2426 2855 2481 fuit
2891 2442 2990 2496 per
3027 2436 3318 2495 utramque
3346 2424 3654 2479 Pheeniciam

2105 2526 2160 2571 et
2191 2517 2401 2588 Syriam
2435 2516 2665 2586 primam
2712 2534 2725 2570 :
2775 2532 2900 2571 nam
2951 2517 3007 2571 in
3053 2516 3210 2588 Syria
3254 2516 3422 2586 prima
3458 2515 3657 2568 fuerunt

2106 2606 2392 2660 Antiochia
2432 2615 2490 2661 et
2532 2607 2751 2674 Beroea;
2804 2606 2859 2661 in
2892 2607 3175 2663 thnicia
3211 2607 3421 2671 Libani,
3450 2607 3655 2670 Emesa;

2107 2695 2162 2749 in
2193 2697 2454 2751 extremis
2484 2697 2684 2752 finibus
2713 2699 2940 2753 alterius
2969 2700 3266 2755 Phceniciae
3294 2700 3483 2771 Tyrus.

2213 2807 2451 2878 Epistola
2483 2809 2571 2873 55,
2609 2811 3035 2892 commendatitia
3071 2813 3140 2867 ad
3171 2814 3431 2883 Irenwum
3457 2813 3569 2868 Turi

2726 2897 3042 2952 cpiswpum.

2176 2992 2251 3046 De
2300 3001 2565 3062 tempore,
2601 3002 2921 3064 argumento
2969 3001 3025 3048 et
3068 3011 3306 3066 persona
3350 3003 3570 3052 constat.
3607 2994 3659 3049 1d

2107 3101 2276 3139 unum
2298 3084 2724 3150 observandum,
2744 3086 3006 3143 Irenaeum
3031 3098 3159 3144 ante
3180 3105 3385 3144 annum
3400 3090 3497 3144 442
3513 3088 3661 3142 fuisse

2107 3173 2421 3228 ordinatum
2448 3195 2460 3227 :
2484 3174 2580 3230 sed
2607 3190 2717 3244 quo
2737 3175 2963 3233 deﬁnite
2991 3179 3282 3249 tempore?

2109 3285 2347 3356 Epistola
2381 3286 2468 3352 56,
2502 3287 2928 3373 commendatitia
2960 3291 3029 3344 ad
3058 3291 3438 3363 Pompeianum
3469 3290 3662 3345 Emete-

2630 3378 2649 3391 ⁴
2673 3374 2705 3410 η
2714 3375 2801 3411 um
2840 3376 3135 3433 episcopum
3144 3404 3157 3416 .

2179 3470 2220 3523 l.
2256 3469 2521 3524 Eumdem
2556 3468 2917 3526 Celestiacum
2962 3473 3297 3544 Pompeiano
3338 3473 3661 3530 commendat

2109 3561 2301 3616 eodem
2337 3572 2600 3632 tempore.

2181 3653 2246 3706 Il.
2289 3652 2568 3709 Successit
2608 3654 2972 3725 Pompeianus
3015 3657 3220 3724 Paulo,
3270 3660 3364 3729 qui
3408 3657 3662 3730 negotium

2110 3744 2260 3814 pacis
2300 3744 2444 3799 inter
2473 3745 2747 3801 Ecclesias
2784 3749 3016 3819 peregit.
3056 3750 3300 3807 Decessit
3337 3752 3550 3815 Uranio,
3580 3748 3664 3820 qui

2111 3838 2343 3890 concilio
2377 3836 2808 3893 Chalcedonensi
2846 3840 3095 3895 interfuit
3129 3858 3277 3897 anno
3314 3843 3435 3908 451,
3467 3850 3520 3897 et
3550 3840 3666 3898 sub—

2112 3928 2330 3999 scripsit
2356 3930 2669 4002 synodicam
2688 3931 2982 3987 thnicia:
3002 3933 3332 3990 Libanitidis
3356 3934 3421 3990 ad
3446 3934 3665 3990 Leonem

2113 4022 2493 4091 imperatorem
2524 4038 2670 4077 anno
2696 4024 2819 4078 458.

2147 4133 2389 4205 Epistola
2422 4135 2510 4200 57,
2541 4112 2863 4190 salutatoria
2906 4136 2975 4190 ad
3007 4135 3323 4192 Sallustium
3353 4136 3633 4210 prazsidem.

2182 4246 2403 4302 Nullum
2450 4246 2617 4302 habet
2652 4248 3028 4305 characterem
3065 4253 3348 4321 temporis.
3396 4247 3667 4306 Sallustius

2116 4337 2216 4391 fuit
2253 4352 2456 4407 praises
2491 4337 2888 4407 Euphratensis
2934 4341 3265 4409 provinciae,
3308 4343 3403 4398 sed
3444 4340 3669 4395 nondum

2114 4428 2476 4495 Christianus,
2509 4436 2571 4484 ut
2599 4445 2665 4484 ex
2692 4429 2923 4499 epistola
2956 4431 3304 4503 intelligitur.

2534 4542 2775 4613 Epistula
2810 4544 2899 4609 58,
2928 4546 3266 4601 heartastica.

2189 4652 2418 4707 Videtur
2449 4653 2596 4719 data,
2622 4671 2731 4724 quo
2762 4665 3006 4726 tempore
3032 4658 3413 4716 Theodoretus
3440 4658 3669 4715 contine—

2119 4743 2281 4799 batur
2326 4744 2620 4816 Cyresticis
2667 4745 2887 4802 ﬁnibus.
2942 4749 3257 4806 Paschalem
3300 4768 3359 4807 se
3407 4749 3673 4807 manifeste

2120 4835 2321 4904 prodit.

2531 4928 2774 5000 Epistola
2810 4928 2899 4992 59,
2933 4931 3268 4988 hcortastica.

2196 5039 2397 5094 Eodem
2428 5049 2672 5111 tempore
2698 5049 2753 5096 et
2774 5042 2829 5095 in
2859 5043 3051 5098 eodem
3080 5045 3220 5100 festo
3249 5046 3395 5101 data.

2156 5154 2397 5224 Epistola
2435 5155 2523 5221 40,
2559 5156 2875 5210 heortastica
2915 5157 2985 5211 ad
3023 5157 3348 5214 Theodorum
3384 5160 3647 5214 vicarium.

2191 5267 2396 5322 Eodem
2445 5278 2501 5324 et
2543 5284 2688 5323 anno
2732 5277 2788 5323 et
2829 5268 2969 5325 festo
3015 5272 3215 5342 scripta
3254 5280 3358 5338 est,
3398 5288 3461 5327 ac
3496 5284 3682 5342 prince-

2122 5358 2314 5412 dentes
2359 5358 2498 5414 duae.
2552 5359 2878 5414 Theodorus
2928 5361 3133 5416 dicitur
3171 5363 3393 5432 quidem
3436 5360 3679 5418 vicarius.

2126 5450 2221 5505 sed
2262 5451 2418 5522 cujus
2456 5450 2790 5506 dimceseos?
2821 5449 3015 5505 Annon
3053 5453 3285 5518 Asiante,
3317 5458 3437 5523 quae
3474 5448 3681 5522 propius

1802 5563 2114 5621 SCHULZII
2157 5565 2388 5623 ΝΟΤΑΞ.

519 5687 563 5718 ⁸ο
597 5685 715 5742 \‘id.
756 5648 869 5755 not.
892 5686 959 5742 ad
983 5687 1149 5759 epist.
1169 5687 1255 5741 75.
1335 5687 1373 5718 ⁸⁸
1404 5685 1644 5753 Epistola
1682 5694 1768 5739 est
1797 5684 1883 5738 75.
