3926 6216
286 291 377 357 263
1431 290 1527 350 DE
1568 292 1819 351 LIBRIS
1855 291 2364 355 TIIEODORETI.

3417 295 3522 356 270

284 407 422 463 abest
463 404 531 458 ab
572 404 983 475 Euphratesia?
1032 404 1238 460 Deinde
1289 421 1471 460 annon
1521 404 1847 459 Theodorus
1882 418 1916 467 Α
1950 405 2262 459 accensitus
2306 405 2529 463 circiter
2573 422 2776 461 annum
2820 406 2951 468 445,
2995 403 3152 475 321
3203 421 3366 476 quam
3417 406 3523 477 ipsi

284 498 363 551 ille
392 505 488 551 est.
519 495 613 564 qui
654 506 711 551 et
756 495 1136 565 praefecturam
1177 495 1334 550 urbis
1377 496 1538 566 regite
1572 496 1761 567 gessit,
1791 505 1847 548 et

287 603 414 640 unus
436 586 537 640 fuit
567 604 597 642 e
622 587 907 657 judicibus
930 588 1093 658 320
1116 587 1185 642 ab
1212 586 1542 658 imperatore
1573 587 1753 641 missis
1779 586 1842 640 ad

288 678 557 734 concilium
579 678 1065 734 Chalcedonense?
1086 678 1141 732 Id
1164 695 1274 733 non
1299 689 1506 734 temere
1527 679 1653 751 quis
1672 677 1848 746 suspi-

287 784 423 825 catus
474 771 671 835 fuerit,
728 770 823 841 qui
887 770 1291 835 observaverit,
1342 771 1587 826 delectos
1635 770 1848 841 judices

288 878 461 934 magna
488 879 551 917 ex
578 872 734 933 parte
758 862 1093 918 Theodoreti
1117 863 1393 918 studiosos
1422 862 1609 917 fuisse.

441 975 684 1046 Epistula
718 975 809 1037 4|,
839 975 1156 1028 heortastica
1190 973 1262 1027 ad
1291 972 1667 1029 Claudianum.

341 1089 379 1142 I.
410 1088 526 1142 Non
550 1087 787 1142 obscura
814 1093 898 1141 est
926 1083 1186 1154 temporis
1214 1092 1364 1149 nota,
1393 1085 1666 1154 siquidem
1697 1100 1849 1140 men-

290 1180 355 1235 tio
384 1179 440 1233 ﬁt
469 1178 709 1249 ingentis
750 1186 914 1232 terrae
945 1182 1148 1240 motus,
1184 1186 1240 1231 et
1265 1175 1686 1246 irrumpentinm
1718 1176 1849 1231 bar-

288 1269 523 1324 barorum
557 1284 572 1320 :
604 1276 905 1336 utrumque
948 1280 1081 1319 vero
1124 1264 1356 1335 contigit
1395 1280 1539 1319 anno
1577 1265 1703 1330 447,
1736 1280 1847 1334 quo

289 1377 414 1417 anno
442 1369 588 1415 totus
620 1358 737 1413 fere
768 1357 923 1412 orbis
953 1363 1110 1410 terra:
1146 1363 1299 1410 motu
1333 1371 1634 1410 concussus
1660 1366 1765 1420 est,
1792 1365 1849 1412 et

290 1453 466 1506 multas
498 1450 669 1505 Attila
709 1448 954 1506 Orientis
1000 1448 1313 1520 provincias
1348 1448 1602 1511 vastavit,
1637 1449 1845 1519 coegit-

289 1560 380 1614 que
407 1540 775 1597 Theodosium
816 1540 1203 1610 imperatorem
1239 1540 1447 1596 tributo
1478 1555 1670 1610 pacem
1703 1540 1849 1596 redi-

290 1650 436 1688 mere.
463 1631 674 1701 Scripta
704 1629 874 1701 igitur
897 1629 1046 1685 credi
1073 1637 1254 1700 potest
1277 1637 1402 1700 post
1432 1630 1578 1686 diem
1609 1632 1844 1686 natalem

288 1724 468 1780 Christi
494 1737 638 1777 anno
665 1723 789 1778 447.

346 1817 405 1872 II.
435 1817 549 1873 Hoc
585 1829 734 1870 anno
763 1814 992 1869 Proclus
1018 1813 1155 1869 obiit
1183 1812 1274 1868 die
1302 1813 1372 1869 24
1396 1811 1845 1883 Octobris,-post-

288 1924 430 1979 quam
458 1906 797 1962 interfuisset
821 1905 1095 1976 stupende
1121 1905 1409 1970 miraculo,
1438 1904 1584 1975 quod
1614 1904 1844 1975 Trisagii

288 1999 610 2070 postmodum
640 1998 972 2054 decantandi
1000 2012 1218 2052 causam
1249 1996 1399 2052 fecit.

344 2091 423 2146 III.
472 2090 645 2157 Quem
694 2087 1060 2144 Clandianum
1089 2089 1133 2119 "
1179 2087 1505 2157 inscriptum
1547 2084 1848 2156 praeferunt

287 2199 401 2238 mss.
432 2182 651 2238 codices
690 2188 857 2251 atque
897 2179 1070 2235 editio
1110 2178 1410 2244 Sirmondi,
1455 2177 1845 2233 Sallustianum

287 2283 423 2330 vocat
444 2272 713 2329 Baronius
750 2272 819 2327 ad
848 2288 1054 2327 annum
1081 2272 1203 2335 446,
1230 2286 1339 2340 quo
1366 2284 1512 2325 anno
1553 2269 1847 2339 contigisse

286 2369 517 2438 opinatur
544 2366 824 2437 ingentem
855 2363 1010 2418 illum
1043 2372 1275 2426 motum,
1306 2362 1547 2432 citatque
1574 2360 1846 2415 Marcelli-

285 2475 401 2514 num
437 2466 652 2523 testem,
685 2457 783 2527 qui
828 2454 1170 2511 contrarium
1216 2452 1386 2508 tradit
1420 2471 1433 2507 :
1468 2468 1595 2507 nam
1638 2460 1848 2507 motum

287 2560 425 2604 terra
464 2556 737 2602 memorat
783 2545 853 2601 ad
900 2542 1015 2598 ind.
1056 2544 1144 2608 15,
1181 2542 1471 2597 Ardabane
1510 2549 1566 2597 et
1605 2540 1850 2611 Callepio

287 2637 599 2693 consulibus.

292 2747 508 2819 Epistula
562 2746 671 2811 42,
730 2725 1093 2819 deprecatoria
1149 2747 1219 2801 ad
1274 2745 1641 2801 Constantium
1708 2759 1850 2815 pra:-

956 2818 1169 2887 fectum.

344 2933 382 2988 I.
411 2934 555 2989 Idem
602 2941 690 2989 est
733 2932 902 3003 hujus
939 2931 1188 3001 epistolae
1228 2946 1293 2986 ac
1332 2930 1567 2985 aliarum
1604 2928 1850 2999 quinque

286 3025 719 3094 consequentium
762 3028 1148 3093 argumentum
1172 3022 1190 3041 ⁴
1219 3020 1289 3075 de
1329 3018 1642 3076 relevandis
1682 3017 1849 3090 Cyre-

288 3116 414 3171 stic'e
434 3115 729 3186 provincize
755 3113 997 3170 tributis.

345 3208 401 3262 I].
438 3208 653 3263 Habent
682 3221 815 3261 vero
842 3220 1035 3259 omnes
1067 3204 1431 3259 indubitatam
1462 3204 1589 3259 anni
1619 3213 1803 3259 notam
1831 3222 1844 3257 :

289 3298 480 3367 scrime
514 3305 644 3351 sunt
674 3296 823 3351 enim
865 3311 1009 3350 anno
1042 3295 1168 3357 446,
1200 3302 1324 3364 post
1363 3296 1757 3364 promulgatam
1793 3303 1848 3350 et

290 3387 599 3441 exsecutioni
646 3387 956 3440 mandatam
1000 3384 1294 3438 Theodosii
1340 3385 1609 3438 novellam
1656 3385 1744 3448 53,
1785 3386 1849 3438 de

291 3479 524 3543 relevans,
564 3479 841 3541 adtrratis,
882 3476 963 3531 vel
1013 3476 1220 3529 donatis
1262 3476 1687 3547 possessionibus,
1727 3493 1850 3546 qua:

292 3572 394 3626 data
423 3583 500 3627 est
532 3568 1013 3639 Constantinopoli
1057 3567 1091 3621 5
1126 3567 1255 3622 Idus
1298 3567 1638 3625 Decembris.
1669 3567 1849 3621 Theo-

292 3663 422 3718 dosio
452 3667 586 3735 Aug.
623 3681 731 3723 xix,
761 3670 815 3715 et
839 3659 1039 3715 Albino
1066 3673 1234 3723 eoss.,
1259 3657 1313 3711 id
1340 3666 1424 3711 est
1451 3672 1595 3711 anno
1618 3657 1741 3712 445.

348 3756 425 3810 III.
457 3754 834 3817 Constantius,
879 3752 968 3807 cui
1009 3750 1294 3815 scribitur,
1337 3749 1382 3804 is
1424 3750 1540 3819 ipse
1585 3758 1689 3811 est,
1738 3766 1847 3819 quo

295 3863 487 3917 operam
528 3848 727 3907 dante,
778 3844 1050 3913 collapsos
1090 3851 1251 3897 terra:
1298 3850 1448 3895 motu
1491 3841 1645 3896 urbis
1688 3841 1849 3911 regiae

295 3954 454 3993 muros
496 3940 637 3992 intra
681 3947 791 3990 tres
838 3949 1055 3989 menses
1101 3932 1460 3988 recedillealos
1502 3932 1847 3987 Marcellinus

296 4030 454 4083 tradit.
484 4029 604 4083 Fuit
636 4029 803 4082 etiam
844 4040 988 4079 unus
1012 4040 1079 4079 ex
1106 4023 1389 4095 judicibus
1426 4023 1607 4077 missis
1640 4023 1708 4077 ab
1748 4023 1849 4077 im-

296 4129 513 4186 peratore
564 4118 841 4172 Marciano
888 4114 955 4169 ad
1003 4114 1301 4169 concilium
1349 4112 1843 4168 Chalcedonense:

294 4224 403 4265 nam
434 4212 486 4265 in
513 4212 662 4266 Actis
698 4227 798 4281 pro
828 4207 1193 4264 Constantino
1218 4206 1572 4261 Constantius
1606 4206 1710 4276 legi
1750 4206 1847 4261 de-

296 4300 403 4362 bet.
446 4311 500 4357 ut
536 4303 669 4357 Acta
726 4301 844 4371 ipsa
898 4298 1034 4353 satis
1082 4297 1399 4363 ostendunt,
1448 4305 1504 4351 et
1536 4313 1605 4352 ex
1645 4297 1847 4352 Codice

295 4394 650 4450 Theodosiano
682 4393 1029 4463 intelligitur.

296 4506 506 4578 Epistula
537 4512 624 4574 45,
650 4507 1016 4579 deprecatoria
1047 4506 1116 4560 ad
1149 4504 1489 4559 Pulchcriam
1530 4503 1845 4573 Augustam.

360 4623 541 4677 Eodem
573 4631 843 4693 tempore,
870 4618 1062 4675 eadem
1090 4618 1159 4673 de
1185 4632 1265 4672 re.
1292 4617 1369 4670 De
1390 4614 1680 4670 Pulcheria
1708 4614 1847 4668 nihil

295 4712 379 4767 hic
418 4713 843 4777 observandum,
888 4710 996 4765 nisi
1047 4709 1197 4780 quod
1242 4707 1588 4761 Theodoreto
1631 4722 1850 4776 semper

295 4798 431 4867 favit,
456 4803 666 4874 quoties
708 4801 891 4872 potuit
922 4817 935 4853 :
969 4816 1081 4855 non
1113 4797 1295 4869 potuit
1321 4811 1477 4863 vero,
1516 4812 1641 4851 cum
1682 4797 1851 4866 depo-

296 4892 418 4948 situs
438 4904 516 4950 est
544 4896 599 4950 in
632 4890 943 4948 latrocinali
980 4890 1249 4954 concilio;
1281 4903 1407 4942 nam
1437 4888 1648 4943 artibus
1678 4887 1850 4959 Chry-

297 4986 450 5054 saphii
493 4986 732 5041 eunuchi
777 4984 958 5039 fuerat
1003 4997 1035 5038 a
1079 4982 1247 5036 rebus
1292 4978 1550 5051 gerendis
1587 4986 1845 5033 remota:

298 5074 386 5127 sed
408 5076 491 5131 ubi
514 5078 773 5147 primum,
803 5073 1066 5130 defuncto
1094 5072 1284 5136 fratre,
1308 5069 1607 5139 resumpsit
1632 5069 1849 5139 imperii

300 5162 533 5231 habenas,
560 5166 872 5236 depositum
898 5165 1118 5219 restitui
1145 5162 1343 5219 voluit.

298 5273 513 5346 Epistula
543 5283 642 5348 44,
687 5281 1054 5354 deprecaturia
1100 5278 1169 5333 ad
1199 5278 1507 5333 Senatorem
1543 5276 1846 5349 patricium.

366 5388 547 5447 Eodem
575 5402 820 5465 tempore
848 5401 908 5448 et
940 5399 1281 5463 argumento.
1318 5390 1445 5446 Fuit
1466 5405 1597 5444 vero
1619 5389 1852 5444 Senator

300 5481 473 5534 consul
499 5498 614 5537 cum
640 5484 855 5539 Isidoro
884 5496 1028 5536 anno
1059 5480 1181 5545 45G,
1215 5481 1315 5535 fuit
1344 5487 1399 5535 et
1426 5479 1569 5533 inter
1592 5480 1851 5549 patricios

1950 493 2273 565 dignitatem
2313 498 2616 568 gratulatur
2659 497 2817 552 initio
2853 498 3098 567 epistolae
3124 496 3521 553 Theodoretus.

1950 585 2203 641 Interfuit
2248 589 2482 643 concilio
2526 589 2980 652 Chalcedonensi,
3021 604 3146 643 cum
3191 596 3337 643 esset
3383 604 3525 643 unus

1946 690 2013 728 ex
2043 677 2453 747 gloriosissimis
2475 681 2774 752 judicibus.

1950 785 2193 857 Epistula
2236 790 2325 853 45,
2369 791 2736 862 deprecatoria
2772 793 2841 847 ad
2879 774 3182 846 Anatoliuin
3220 791 3521 862 patricium.

2022 902 2226 956 Eodem
2262 903 2470 972 pariter
2499 912 2555 958 et
2591 912 2834 974 tempore
2871 913 2928 959 et
2967 913 3309 975 argumento.
3347 904 3527 961 Gessit

1948 997 2295 1051 consulatum
2321 996 2611 1052 Anatolius
2642 1013 2789 1053 anno
2826 998 2951 1052 440.
2997 999 3125 1053 Fuit
3163 1005 3222 1053 et
3265 998 3525 1068 magister

1950 1085 2207 1150 militum,
2251 1100 2362 1155 quo
2409 1094 2656 1156 tempore
2691 1086 2759 1141 de
2796 1086 3064 1142 Orientali
3112 1086 3340 1142 dimcesi
3386 1086 3526 1141 bene

1949 1176 2182 1231 meritus
2207 1184 2311 1242 est,
2343 1184 2407 1231 ut
2444 1177 2825 1234 Theodoretus
2862 1178 3063 1234 innuit.
3092 1178 3311 1233 Primus
3338 1193 3531 1233 cense-

1951 1276 2041 1323 tur
2076 1269 2219 1324 inter
2238 1268 2456 1341 judices
2493 1270 2714 1326 concilii
2744 1269 3228 1326 Chalcedonensis.
3270 1270 3526 1325 Nestorio
3588 1264 3607 1271 ﬁ

1948 1359 2084 1415 favit
2115 1368 2241 1415 ante
2270 1361 2564 1416 concilium
2595 1362 2954 1432 Ephesinum.

1948 1474 2189 1547 Epistula
2214 1476 2284 1531 46
2321 1476 2750 1530 commendatitia
2792 1475 2863 1529 ad
2892 1474 3112 1529 Petrum
3136 1474 3526 1529 scholasticam.

2016 1587 2276 1659 Ejusdem
2312 1588 2596 1659 'temporis
2655 1604 2721 1644 ac
2769 1590 3099 1661 argumenti.
3148 1588 3380 1645 Videtur
3434 1588 3529 1643 ille

1948 1678 2144 1734 Petrus
2166 1679 2472 1750 suscepisse
2496 1696 2714 1736 causam
2739 1680 3034 1752 Cyresticte
3062 1680 3303 1751 regionis
3332 1679 3529 1735 adver-

1879 1756 1919 1810 Β
1948 1789 2043 1828 sus
2064 1775 2473 1831 denuntiatoris
2499 1774 2743 1846 episcopi
2783 1774 3109 1830 calumnias.

1949 1886 2196 1960 Epistula
2223 1889 2314 1955 47,
2360 1888 2726 1960 deprecatoria
2758 1888 2828 1943 ad
2858 1888 3110 1943 Pruclum
3151 1885 3528 1943 Constantino-

2406 1959 2708 2029 politanum
2742 1961 3064 2031 episc0pum.

2018 2075 2227 2131 Eodem
2258 2050 2531 2145 tempore,
2558 2074 2749 2130 eadem
2786 2073 2855 2129 de
2884 2088 2963 2127 re.
2995 2069 3177 2127 Procli
3204 2084 3407 2126 nomen
3435 2081 3529 2123 ce-

1947 2166 2158 2222 lebriu’s
2189 2176 2296 2233 est,
2334 2183 2498 2238 quam
2530 2174 2593 2223 ut
2618 2174 2777 2238 egeat
2801 2166 2980 2236 elogio
3012 2172 3224 2219 nostro.

2052 2279 2297 2351 Epistula
2336 2281 2426 2346 48,
2454 2279 2740 2363 familiaris
2770 2280 2841 2333 ad
2875 2278 3213 2335 Eustathium
3247 2274 3424 2346 Beryti

2580 2367 2894 2421 episcopum.

2021 2464 2061 2519 I.
2099 2464 2265 2519 Deest
2299 2464 2587 2520 character
2620 2462 2906 2533 temporis,
2950 2462 3070 2517 sine
3108 2474 3305 2530 magna
3346 2465 3526 2513 tamen

1944 2554 2182 2624 jactura,
2211 2569 2337 2608 cum
2376 2554 2447 2609 sit
2475 2554 2708 2624 epistola
2739 2569 2877 2624 pure
2914 2552 3221 2608 familiaris.

2021 2643 2086 2698 II.
2129 2643 2256 2698 Fuit
2280 2644 2604 2699 Eustathius
2631 2644 2724 2699 ille
2752 2644 2934 2715 Beryti
2954 2644 3267 2713 episcopus,
3296 2644 3529 2701 celebris

1950 2734 2212 2799 nominis,
2240 2735 2442 2804 partim
2470 2735 2541 2790 ob
2568 2744 2862 2805 utrumque
2883 2735 2953 2791 de
2982 2736 3075 2790 Iba
3094 2736 3386 2806 judicium,
3413 2737 3528 2792 sive

1950 2824 2099 2896 quod
2121 2825 2273 2897 Tyri,
2312 2826 2430 2882 sive
2454 2826 2599 2896 quod
2633 2826 2816 2898 Beryti
2847 2826 3151 2882 exercitum
3178 2835 3294 2894 est;
3330 2830 3527 2897 partim

1949 2925 2177 2989 propter
2218 2918 2649 2974 controversiam
2698 2934 2824 2975 cum
2866 2918 3060 2974 Photio
3100 2919 3225 2990 Tyri
3272 2923 3525 2990 praesule,

1951 3009 2019 3065 de
2045 3010 2363 3065 civitatibus
2398 3018 2629 3080 septem,
2681 3009 2735 3063 in
2773 3010 2977 3079 quibus
3023 3019 3378 3080 arrogaverat
3421 3013 3526 3067 sibi

1876 3099 1915 3153 C
1951 3100 2043 3170 jus
2071 3101 2389 3165 ordinandi,
2432 3100 2656 3155 obtenta
2688 3108 2881 3154 contra
2917 3114 3156 3153 canones
3186 3100 3254 3154 ab
3286 3100 3525 3170 impera-

1953 3201 2072 3247 tore
2097 3192 2502 3262 metrOpolitica
2523 3191 2786 3262 dignitate
2811 3210 2825 3257 ;
2849 3191 2945 3246 sed
2968 3191 3082 3245 haec
3108 3191 3210 3261 ipsi
3237 3207 3268 3245 a
3291 3193 3526 3248 concilio

1948 3284 2379 3340 Chalcedonensi
2413 3285 2673 3354 abrogata
2712 3292 2809 3339 est.

2020 3373 2111 3426 III.
2155 3371 2343 3435 Tunc,
2389 3372 2608 3440 opinor,
2656 3371 2883 3426 obtenta
2930 3380 3015 3426 est
3061 3371 3129 3427 ab
3175 3373 3525 3442 imperatore,

1949 3478 2113 3535 quam
2159 3462 2294 3528 dixi,
2328 3462 2584 3534 dignitas,
2625 3477 2751 3517 cum
2791 3462 3075 3533 depositus
3117 3474 3202 3519 est
3244 3466 3524 3519 lrenaeus:

1949 3572 2074 3611 nam
2105 3555 2234 3628 quia
2272 3555 2418 3611 inter
2445 3556 2636 3626 plures
2660 3553 3021 3625 depositionis
3051 3572 3244 3612 causas
3268 3558 3383 3612 htec
3409 3566 3529 3611 erat

1949 3649 2204 3712 maxima,
2245 3648 2392 3719 quod
2424 3646 2667 3702 animum
2708 3648 3056 3718 imperatoris
3087 3650 3322 3703 [renatus
3352 3648 3530 3703 oﬂ‘en-

1950 3741 2143 3805 disset,
2190 3740 2293 3797 hac
2333 3740 2621 3795 occasione
2654 3740 2860 3795 abusus
2901 3740 3241 3800 Eustathius.
3288 3740 3433 3813 fecit.
3469 3750 3530 3795 ut

1948 3832 2124 3902 prima
2160 3830 2443 3890 Phoenicia
2471 3830 2527 3884 in
2555 3830 2696 3884 duos
2732 3831 3108 3899 metropolitas
3136 3830 3481 3886 divideretur
3512 3850 3524 3884 :

1951 3938 2053 3977 nec
2083 3922 2334 3987 Photius,
2368 3920 2464 3991 qui
2510 3919 2699 3975 Irenaei
2729 3920 2911 3975 locum
2951 3922 3185 3991 accepit,
3228 3923 3529 3977 reclamare

1950 4029 2116 4068 ausus
2141 4022 2244 4077 est,
2262 4029 2331 4069 ne
2361 4012 2709 4083 imperatoris
2745 4013 2883 4066 iram
2909 4012 2963 4065 in
2994 4027 3052 4066 se
3081 4028 3299 4082 quoque
3327 4028 3527 4084 provo-

1949 4114 2121 4160 caret.
2154 4106 2381 4170 Verum,
2419 4105 2653 4160 rescissa
2676 4104 3006 4159 Theodoreti
3038 4107 3341 4165 sanctione.
3374 4107 3531 4162 reda-

1950 4199 2071 4245 ctus
2116 4201 2201 4246 est
2241 4193 2564 4247 Eustathius
2618 4193 2671 4246 in
2727 4193 2978 4248 ordinem
3029 4214 3041 4247 :
3091 4211 3216 4250 nam
3254 4207 3376 4265 post
3420 4196 3518 4251 Do-

1952 4279 2206 4333 rotheum
2275 4280 2455 4334 Photii
2536 4294 2913 4334 successorem
2994 4289 3049 4334 et
3125 4283 3527 4351 metropolitam

1951 4367 2274 4437 subscripsit
2302 4367 2357 4421 in
2385 4368 2664 4439 synodicis
2692 4368 2985 4422 Phreniciae
3024 4370 3215 4438 prima:
3242 4370 3439 4425 litteris
3460 4372 3526 4425 ad

1879 4451 1922 4506 ο
1952 4455 2187 4510 Leonem
2221 4458 2607 4527 imperatorem
2635 4471 2780 4510 anno
2803 4458 2926 4511 458.

2063 4568 2304 4639 Epistula
2330 4571 2419 4634 49,
2453 4569 2736 4652 familiaris
2763 4570 2832 4623 ad
2857 4570 3181 4623 Damianum
3212 4568 3422 4624 Sidonis

2605 4656 2921 4711 episcopum.

2025 4745 2187 4801 Deest
2223 4746 2325 4817 ipsi
2365 4747 2570 4817 pariter
2602 4747 2862 4816 temporis
2902 4753 3051 4800 nota.
3084 4747 3398 4814 Damianus,
3439 4751 3528 4805 cui

1955 4837 2235 4903 scribitur,
2288 4838 2540 4893 interfuit
2597 4838 2833 4893 concilio
2876 4837 3223 4895 Antiocheno
3268 4839 3326 4895 in
3366 4857 3529 4897 causa

1954 4927 2235 4983 Athanasii
2262 4929 2585 4984 Perrhensis
2608 4945 2751 4983 anno
2781 4930 2905 4993 445,
2930 4939 2986 4985 et
3006 4930 3061 4984 in
3094 4930 3528 4989 Chalcedonensi

1954 5036 2100 5074 anno
2150 5022 2274 5075 451.
2304 5022 2425 5075 Non
2480 5021 2575 5075 diu
2633 5029 2814 5075 tamen
2872 5023 3144 5093 superfuit
3194 5042 3208 5079 :
3257 5026 3528 5096 siquidem

1955 5112 2230 5183 synodicis
2249 5113 2542 5167 thnicite
2565 5113 2755 5183 prima}
2780 5113 2846 5168 ad
2876 5114 3258 5185 imperatorem
3288 5117 3527 5173 Leonem

1955 5204 2097 5257 datis
2116 5204 2295 5273 Megas
2316 5204 2536 5259 Sidonis
2563 5205 2853 5276 episcopus
2880 5207 3205 5278 subscripsit
3232 5214 3376 5263 anno
3406 5211 3505 5264 45’s

1992 5319 2007 5335 ⁶
2046 5316 2288 5387 Epistula
2317 5319 2403 5382 50,
2437 5319 2718 5390 familiaris
2751 5322 2819 5374 ad
2848 5320 3153 5378 Gerontium
3185 5325 3489 5377 archiman~

2627 5391 2842 5446 dritam.

2029 5480 2189 5532 Deest
2224 5481 2484 5549 temporis
2520 5492 2680 5547 nota;
2719 5483 2938 5538 videtur
2976 5493 3185 5548 tamen,
3220 5492 3279 5535 ut
3314 5491 3369 5539 et
3406 5483 3526 5536 alia:

1588 5593 1904 5650 SCIiULZlI
1949 5594 2182 5649 NOT/E.

374 5715 415 5746 "
434 5716 564 5774 Idem
592 5737 704 5777 esse
736 5719 978 5784 videtur,
1011 5718 1076 5772 ad
1104 5733 1264 5787 quem
1294 5717 1509 5786 scripta:
1539 5721 1667 5769 sunt
1692 5714 1933 5783 epistolte
1959 5715 2024 5768 59
2062 5725 2115 5770 et
2147 5717 2233 5769 9!).
