3926 6216
475 277 537 342 71
1562 236 1936 338 GARNERH
1976 271 2465 335 DISSERTATIO
2500 272 2582 332 II.

3569 262 3665 324 232

439 390 656 462 priores
685 386 826 446 dua,
864 383 1345 455 datapriusquaut
1376 380 1754 437 Theodoretus
1775 394 2003 434 vexare-
2038 385 2078 438 Α
2108 377 2256 432 enim
2288 376 2465 430 Nomo
2509 372 2880 435 consulatum,
2931 368 3091 440 323
3127 382 3289 450 quem
3331 367 3498 437 gessit
3533 384 3666 423 anno

444 493 570 536 tur:
603 476 852 548 alioquin
890 490 1000 530 non
1028 475 1319 539 omisisset,
1344 473 1536 528 saltem
1568 471 1729 542 322
1762 470 2008 539 oblique,

441 571 509 627 de
537 567 823 624 vexatione
854 564 1107 619 nonnihil
1130 563 1314 618 dicere
1348 579 1360 615 :
1392 561 1593 616 etenim
1628 560 1873 630 querula
1909 557 2012 612 fuit

441 671 499 717 et
539 659 910 716 ostentatricis
949 655 1243 726 patientia.
1278 654 1353 707 De
1380 651 1641 707 Gerontio
1678 651 1817 706 nihil
1858 664 2009 705 com-

442 754 584 824 perti
613 751 811 815 habeo,
853 747 959 803 nisi
995 746 1134 800 forte
1161 745 1305 799 idem
1335 744 1406 798 sit
1437 760 1562 799 cum
1584 742 1847 799 Gerontio
1878 741 2010 797 sub-

443 844 696 906 diacono,
723 840 791 895 de
815 854 925 909 quo
960 836 1020 891 fit
1047 836 1254 890 mentio
1291 835 1451 905 epist.
1493 833 1578 888 10.

546 950 787 1026 Epistula
815 950 902 1014 5‘2,
925 948 971 981 “
995 948 1419 1026 commendatitia
1437 947 1507 1001 ad
1524 946 1675 1002 Ibam
1698 945 1909 1002 Edessa:

801 1062 818 1069 -
1070 1020 1389 1090 episcopum.

510 1145 551 1198 l.
595 1141 808 1212 Scripta
851 1145 936 1195 eSt
973 1144 1098 1210 post
1144 1149 1347 1191 annum
1388 1132 1512 1199 436,
1551 1142 1661 1202 quo
1706 1145 1851 1185 anno
1891 1128 2015 1183 lbas

442 1237 618 1290 factus
652 1243 735 1288 est
781 1233 1075 1302 episcopus
1117 1246 1130 1281 ε
1173 1228 1285 1281 imo
1321 1232 1443 1296 post
1484 1239 1688 1279 annum
1732 1222 1856 1286 459,
1904 1235 2015 1291 quo

440 1336 596 1397 capta
628 1333 715 1380 est
748 1339 777 1377 a
805 1320 1066 1377 Vandalis
1106 1318 1397 1387 Carthago,
1445 1314 1730 1385 coactique
1769 1311 2013 1383 episcopi

438 1414 677 1472 Africani
710 1412 907 1484 partim
928 1410 1136 1480 fugere,
1159 1406 1357 1477 partim
1380 1406 1515 1460 dura
1543 1405 1656 1475 pati
1688 1421 1701 1457 :
1734 1416 2014 1459 commen-

440 1506 603 1561 datur
634 1503 783 1558 enim
813 1500 921 1554 Iba
952 1496 1258 1569 Cyprianus
1282 1496 1594 1565 episcopus,
1649 1512 1667 1545 ‹
1700 1493 1794 1563 qui
1828 1508 1895 1547 ex
1921 1505 2015 1546 ce-

439 1592 735 1650 leberrima
767 1598 921 1646 ortus
949 1587 1154 1653 Africa,
1185 1592 1402 1641 exteras
1433 1600 1558 1639 oras
1596 1583 1891 1638 circumire
1926 1596 2017 1636 co-

440 1684 694 1756 gebatur,
720 1688 943 1751 pr0pter
965 1675 1362 1732 immanitatem
1397 1675 1781 1729 barbarorum.
1817 1690 1834 1722 ι

511 1782 576 1836 ll.
617 1779 777 1833 Hunc
807 1775 875 1830 ab
914 1771 1153 1829 Eusebio
1190 1770 1417 1841 Ancyra
1447 1768 1704 1838 epiSCOpo
1735 1779 2016 1821 common-

440 1875 630 1931 datum
671 1867 1053 1924 Theodoretus
1090 1867 1380 1930 exceperat
1424 1876 1436 1911 :
1480 1858 1619 1924 petit
1659 1857 1903 1911 vicissim
1947 1856 2018 1909 ab

441 1969 552 2031 lba,
580 1973 642 2018 ut
663 1966 953 2030 exceptum
985 1952 1294 2010 liberaliter
1324 1951 1552 2006 adalios
1571 1950 1859 2020 episcopos
1891 1966 2017 2003 cum

441 2054 642 2113 litteris
684 2051 943 2106 dimittat.
989 2047 1123 2101 Data
1165 2050 1251 2099 est
1296 2041 1463 2113 igitur
1507 2035 1741 2113 epistola
1795 2040 2018 2097 circiter

674 2143 797 2199 440.

442 2162 647 2203 annum
674 2162 797 2199 44o.

510 2235 598 2294 lll.
627 2233 778 2287 Mira
802 2243 934 2283 vero
964 2225 1191 2282 fuerunt
1219 2223 1335 2279 Afri
1368 2223 1518 2279 illius
1551 2218 1927 2287 circuitiones,
1957 2230 2020 2276 ut

441 2325 536 2398 qui
588 2323 803 2392 Ancyra
841 2316 1067 2372 Galatia
1109 2312 1312 2385 Cyrum
1358 2310 1735 2381 Euphratesia
1780 2309 2015 2374 venerit,

441 2416 595 2472 inde-
618 2412 880 2469 Edessam
913 2414 1079 2477 caput
1127 2404 1426 2460 Osdrocna
1460 2403 1766 2473 petiturus,
1812 2400 2020 2457 Edessa

440 2501 857 2564 Constantinam
893 2498 948 2552 in
981 2494 1233 2567 opposita
1265 2501 1419 2565 parte
1445 2496 1605 2565 longe
1630 2493 1886 2563 positam.

511 2598 603 2654 Ν.
634 2592 909 2651 Eusebius
934 2602 1102 2661 porro
1124 2587 1352 2659 Ancyra
1380 2584 1438 2640 in
1459 2585 1670 2642 Galatia
1704 2586 2017 2656 episcopus,

425 2688 603 2759 'cujus
645 2680 900 2739 meminit
945 2677 1363 2740 Theodoretus,
1417 2671 1680 2729 successit
1711 2671 2018 2757 Theodoto,

442 2778 604 2849 cujus
642 2776 699 2830 in
730 2772 1009 2844 Ephesina
1049 2767 1258 2841 synodo
1300 2765 1516 2837 insigne
1554 2780 1757 2821 nomen
1790 2772 1893 2847 est.
1934 2762 2024 2818 ln-

445 2868 639 2926 terfuit
663 2863 960 2922 latrocinio
982 2860 1262 2933 Ephesino
1278 2874 1422 2914 anno
1441 2857 1565 2923 449,
1585 2856 2020 2914 Chalcedonensi

444 2957 681 3015 concilio
709 2956 831 3012 451.
872 2955 976 3010 Diu
1000 2964 1182 3010 tamen
1208 2966 1319 3006 non
1339 2948 1611 3020 superfuit
1643 2966 1659 3015 ;
1694 2963 1821 3003 nam
1855 2962 2021 3020 syno—

2110 469 2236 533 445,
2266 476 2327 522 ιιι
2351 474 2566 524 constat
2594 481 2662 521 ex
2696 464 2891 519 Fastis.

2182 560 2247 614 ll.
2280 559 2529 614 Meminit
2556 557 2940 613 Theodoretus
2973 550 3377 625 congressionis
3408 565 3519 606 sua
3554 562 3669 605 cum

2110 650 2305 714 Nomo,
2356 658 2412 704 et
2457 648 2655 712 morbi,
2707 662 2817 718 quo
2872 645 3175 701 exstinctus
3209 650 3296 697 est
3337 642 3672 697 beatissimus

2112 740 2337 811 quidam
2366 740 2453 795 vir
2497 757 2511 793 :
2552 736 2869 810 congressio
2910 736 3052 791 facta
3089 745 3196 798 est,
3244 731 3462 803 opinor,
3495 731 3672 787 Antiu-

2113 834 2252 889 chia
2295 849 2308 886 :
2349 833 2438 887 vir
2464 832 2554 887 ille
2577 829 2928 886 beatissimus
2966 826 3071 882 fuit
3112 826 3352 881 Joannes
3383 824 3673 879 Antiochia

2112 925 2360 980 antistes.

2184 1017 2273 1072 lll.
2309 1017 2519 1072 Nomus
2565 1024 2685 1071 erat
2720 1014 2980 1087 magister
3018 1010 3325 1068 ofﬁciorum
3371 1026 3516 1065 anno
3557 1011 3673 1072 445,

2113 1123 2225 1179 quo
2258 1122 2403 1161 anno
2433 1106 2558 1161 data
2603 1106 2805 1177 legitur
2835 1121 2864 1160 a
2899 1104 3211 1159 Theodosio
3262 1102 3329 1157 ad
3363 1103 3540 1173 ipsum
3587 1117 3677 1156 no-

2114 1200 2256 1255 vella
2292 1199 2383 1264 3i,
2438 1197 2517 1253 De
2562 1199 2762 1253 ambitu
2799 1207 2848 1251 et
2896 1196 3021 1251 locis
3061 1195 3367 1259 (imitantis,
3411 1202 3517 1249 etc.
3563 1192 3678 1247 Fuit

2114 1290 2282 1346 etiam
2322 1304 2467 1344 unus
2503 1289 2571 1344 de
2614 1288 2893 1359 judicibus
2947 1288 3014 1341 ad
3064 1286 3360 1342 concilium
3394 1282 3679 1340 Chalcedo-

2116 1397 2284 1436 nense
2312 1381 2512 1444 missis,
2541 1380 2632 1434 ubi
2668 1381 2936 1435 Anastasii
2963 1380 3216 1450 querelas
3244 1386 3433 1432 contra
3456 1392 3513 1432 se
3535 1376 3681 1431 obla-

2118 1478 2202 1526 tas
2234 1470 2427 1525 audiit.
2453 1470 2798 1536 Querebatur
2818 1468 3159 1533 Anastasius,
3188 1467 3345 1538 quod
3370 1467 3571 1522 Nemus
3590 1481 3678 1520 sua

2116 1569 2386 1631 potestate
2441 1561 2637 1625 fretus,
2686 1561 2869 1615 statim
2931 1561 3000 1615 ab
3047 1560 3201 1615 obitu
3249 1558 3462 1630 Cyrilli,
3505 1557 3682 1613 aliine:

2118 1649 2293 1720 ipsius
2312 1650 2558 1706 Dioscori
2591 1651 2853 1721 impulsu,
2879 1659 3152 1716 vexasset,
3186 1658 3352 1720 atque
3383 1649 3545 1706 etiam
3574 1650 3682 1719 opi-

2051 1718 2088 1771 Β
2118 1718 2224 1797 bus
2251 1742 2614 1798 exhausisset.

2188 1835 2278 1889 IV.
2318 1835 2698 1906 Prodigiosum
2725 1834 2875 1893 dictu
2902 1844 3007 1902 est,
3036 1844 3269 1906 quantas
3292 1851 3447 1907 opes,
3477 1834 3560 1890 vel
3589 1833 3681 1905 Cy-

2120 1926 2226 1980 rilli
2278 1935 2626 1992 testamento,
2682 1928 2768 1983 vel
2817 1928 2922 1982 alia
2970 1937 3087 1983 arte
3129 1927 3400 1999 ejusmodi
3445 1925 3682 1982 homines

2119 2016 2442 2087 collegerint
2471 2034 2484 2069 :
2512 2032 2638 2071 nam
2668 2033 2698 2071 a
2727 2018 2863 2073 viris
2892 2017 3112 2074 duobus
3139 2018 3329 2091 Cyrilli
3358 2017 3677 2078 haredibus.

2119 2114 2247 2159 octo
2269 2105 2721 2161 millialibrarum
2749 2107 2870 2160 auri
2897 2107 3102 2162 Nomus
3134 2108 3388 2173 extorsit,
3406 2108 3683 2162 Dioscorus

2119 2214 2149 2253 a
2181 2199 2401 2256 feminis
2423 2200 2639 2255 duabus
2667 2208 2885 2254 centum
2916 2207 2973 2255 et
2998 2200 3190 2270 viginti
3219 2199 3342 2254 auri
3374 2198 3573 2269 pondo,
3602 2197 3682 2253 cui

2119 2306 2347 2347 summa
2378 2292 2626 2363 ingentes
2665 2292 2804 2346 adde
2845 2293 3128 2362 pecunias,
3168 2293 3370 2363 partim
3401 2292 3681 2363 Artupolis,

2120 2385 2319 2455 partim
2352 2384 2661 2455 OEnopolis
2700 2385 3087 2440 Alexandrinis
3130 2401 3198 2440 ex
3241 2386 3435 2440 eadem
3469 2385 3681 2441 haeredi-

2122 2483 2233 2529 tate
2262 2475 2510 2540 traditas,
2548 2486 2611 2531 ut
2650 2476 2900 2539 meliora,
2942 2491 3046 2531 nec
3079 2476 3273 2547 majori
3303 2485 3487 2531 tamen
3521 2475 3684 2547 pretio

2121 2567 2268 2637 plebi
2296 2568 2619 2623 venderent.

2202 2661 2257 2716 V.
2298 2660 2525 2715 Estima
2555 2660 2702 2725 inde,
2735 2660 2927 2723 lector,
2950 2668 3153 2729 quanta
3183 2659 3354 2714 fuerit
3379 2658 3683 2714 Alexandri-

2122 2769 2321 2807 norum
2370 2751 2693 2822 pontiﬁcum
2724 2750 2992 2821 potentia,
3016 2760 3235 2821 quanta
3258 2766 3418 2821 opes,
3453 2766 3570 2807 cum
3599 2765 3685 2806 us-

2123 2859 2229 2913 que
2250 2843 2388 2898 adeo
2407 2843 2680 2914 profuerit
2702 2844 2796 2897 uni
2820 2842 3037 2898 familia
3056 2844 3334 2913 peperisse
3356 2844 3514 2909 duos,
3537 2843 3687 2898 etiam

2124 2936 2503 2990 sanctissimos
2529 2934 2838 3006 pontiﬁces,
2878 2937 2972 3006 qui
3003 2937 3190 2992 sedem
3221 2936 3636 2991 Alexandrinam
3671 2936 3685 2955 '

445 3051 586 3107 dicis
615 3048 839 3107 Galatia
867 3047 1059 3119 prima
1095 3043 1300 3100 litteris
1344 3042 1413 3098 ad
1445 3040 1686 3098 Leonem
1726 3040 2022 3112 imperato-
2051 3053 2091 3108 (ζ
2127 3025 2405 3095 εθῐειῧῖηῑθ
2436 3023 2550 3077 fere
2578 3039 2752 3078 annos
2773 3025 3120 3079 continenter
3152 3025 3455 3079 tenuerint.

446 3158 562 3200 rem
621 3156 766 3197 anno
835 3137 940 3195 458
1013 3135 1345 3207 subscripsit
1410 3133 1732 3191 Anastasius
1793 3133 2023 3205 Ancyra

442 3236 759 3308 episcopus.

426 3342 690 3415 .Epistula
728 3342 825 3405 55,
861 3340 1233 3415 comendatitia
1265 3339 1335 3392 ad
1377 3336 1728 3409 Suphronium
1759 3334 2022 3392 Constan-

992 3412 1118 3464 tina:
1150 3411 1470 3480 episc0pum.

518 3524 728 3580 Similis
747 3531 830 3578 est
856 3520 1187 3593 praecedenti
1207 3519 1389 3590 quoad
1417 3527 1636 3589 tempus
1660 3526 1716 3572 et
1740 3533 1998 3588 argumen
2014 3548 2027 3557 -

426 3626 586 3671 ‘tum.
621 3614 982 3685 Sophronius,
1012 3612 1079 3667 ad
1102 3627 1266 3682 quem
1296 3610 1578 3673 scribitur,
1604 3609 1708 3664 fuit
1736 3609 2026 3678 episcopus

428 3710 506 3763 in
537 3706 817 3778 provincia
843 3703 1144 3761 Osdroena.
1178 3701 1431 3757 lnterl‘uit
1455 3701 1693 3756 concilio
1721 3699 2022 3756 Chalcedo-

450 3798 626 3854 nensi.
658 3796 887 3861 Civitas,
912 3796 1069 3866 cujus
1101 3793 1402 3849 Ecclesiam
1431 3793 1594 3858 rexit,
1620 3808 1727 3846 non
1753 3791 2023 3846 Constan-

453 3891 526 3945 tia
579 3888 687 3943 dici
724 3887 908 3950 debet,
956 3901 1135 3956 neque
1179 3883 1702 3955 Constantinopolis,
1745 3892 1807 3937 ut
1843 3892 1927 3938 est
1970 3883 2023 3936 in

447 3978 729 4035 nonnullis
761 3975 1048 4032 codicibus
1074 3993 1088 4041 ;
1122 3975 1216 4030 sed
1239 3974 1620 4041 Constantina,
1650 3983 1707 4030 et
1730 3973 2025 4044 aliquando

441 4070 863 4141 Nicephorium.

739 4180 993 4254 Epistula
1019 4181 1355 4235 hcurtasticw
1389 4181 1477 4244 54,
1509 4181 1597 4245 55,
1631 4180 1719 4235 56.

497 4296 723 4351 'Omnes
772 4292 825 4347 in
869 4289 1196 4361 Epiphania,
1251 4298 1306 4344 et
1350 4304 1475 4344 cum
1521 4297 1837 4354 vexaretur,
1886 4289 2025 4344 data

445 4397 575 4446 sunt
616 4403 630 4440 :
671 4384 854 4440 media
879 4383 947 4437 ad
983 4382 1248 4436 illustrem
1280 4381 1520 4451 aliquem
1547 4382 1763 4449 virum;
1797 4381 2023 4452 reliqua
2060 4403 2075 4457 ι

446 4481 650 4538 nullam
684 4476 985 4549 praferunt
1008 4489 1256 4544 persona
1278 4482 1487 4530 notam.

447 4592 691 4667 Epistula
720 4593 808 4658 57,
837 4588 1196 4663 gratulaturia
1224 4589 1295 4643 ad
1322 4588 1661 4642 Eutrechium
1696 4589 2022 4659 prafectmn.

520 4709 658 4763 Tres
685 4716 813 4762 sunt
833 4705 901 4761 ad
923 4703 1281 4760 Eutrechium
1304 4701 1621 4772 prafectum
1642 4702 1908 4771 epistola,
1934 4704 2022 4767 57,

452 4799 521 4853 80
556 4808 612 4853 et
638 4798 726 4853 96.
751 4797 952 4853 Omnes
974 4813 1040 4851 co
1070 4810 1215 4850 anno
1244 4793 1476 4863 accepit,
1506 4808 1616 4863 quo
1642 4794 1809 4863 gessit
1831 4793 2025 4863 prafe-

452 4902 669 4949 cturam
693 4909 707 4958 ;
735 4892 902 4961 gessit
935 4908 1088 4955 vero,
1120 4906 1230 4961 quo
1256 4905 1401 4945 anno
1424 4890 1765 4943 consulatum
1796 4889 2024 4953 Nonius,

456 4986 510 5041 id
552 4993 656 5049 est,
698 4998 843 5038 anno
882 4984 1005 5037 445.
1040 4983 1365 5038 'Gratulatur
1414 4981 1794 5037 Theoderetus
1827 4982 1930 5052 ipsi
1974 4988 2031 5034 et

455 5074 561 5129 sibi
593 5091 607 5127 :
644 5071 770 5142 ipsi,
820 5070 887 5125 de
926 5070 1121 5139 adepta
1164 5071 1459 5142 dignitate;
1487 5071 1615 5136 sibi,
1651 5070 1718 5127 de
1757 5072 1892 5125 tanti
1928 5070 2029 5123 viri

454 5181 566 5222 non
597 5161 980 5218 benevolentia
1010 5170 1245 5225 tantum,
1271 5163 1368 5217 sed
1393 5165 1560 5218 etiam
1589 5163 1848 5218 amicitia.

530 5275 767 5348 Epistula
813 5275 901 5337 58,
939 5271 1294 5343 gratulaturia
1322 5273 1391 5326 ad
1417 5272 1643 5327 Numam
1671 5274 1957 5328 consulem.

527 5393 568 5448 1.
612 5391 785 5445 Habet
825 5384 1180 5441 manifestum
1236 5385 1612 5442 characterem
1663 5403 1675 5439 :

1729 5387 2035 5457 gratulatur

2302 3135 2542 3207 Epistula
2578 3137 2665 3199 59,
2693 3136 3014 3191 salutaturia
3047 3137 3116 3191 ad
3146 3135 3529 3192 Claudianum.

2193 3250 2352 3305 Nulla
2405 3259 2489 3304 est
2522 3251 2649 3304 anni
2696 3259 2846 3313 uota,
2895 3251 3045 3304 nulla
3091 3265 3340 3320 persona
3377 3251 3500 3314 alia,
3540 3264 3689 3319 quam

2125 3342 2273 3412 quod
2323 3341 2658 3397 Claudianus
2700 3342 2867 3397 foerit
2908 3343 2995 3396 vir
3029 3342 3262 3398 illustris
3304 3354 3367 3398 et
3395 3343 3580 3413 procul
3612 3341 3689 3396 di-

2126 3446 2276 3491 stans
2301 3453 2314 3490 :
2341 3435 2595 3489 eumde
2626 3435 2825 3505 Opinor
2865 3450 2987 3491 esse
3034 3451 3161 3490 cum
3201 3450 3289 3500 eo,
3326 3436 3400 3490 ad
3430 3450 3585 3506 quem
3614 3434 3691 3488 est

2127 3528 2357 3597 epistola
2385 3527 2473 3590 41,
2516 3527 2624 3581 imo
2664 3536 2719 3580 et
2739 3527 2829 3592 99,
2862 3527 2915 3582 in
2946 3543 3054 3597 qua
3094 3528 3425 3583 inscribitur
3465 3528 3690 3599 antigra-

2125 3618 2376 3687 pharius,
2413 3626 2577 3687 atque
2622 3616 2696 3671 ita
2728 3616 3205 3688 Constantinopoli
3250 3619 3551 3679 exstitisse.
3578 3632 3691 3673 cum

2126 3725 2155 3763 a
2179 3710 2527 3764 Theodoreto
2568 3724 2665 3779 per
2703 3708 3021 3785 Patruinum
3061 3709 3449 3764 draconarium
3498 3711 3693 3764 litteras

2126 3801 2419 3870 acciperet.
2451 3801 2696 3855 Fuerunt
2735 3816 2867 3856 vero
2907 3800 3221 3856 draconarii
3263 3801 3573 3865 vexilliferi,
3606 3799 3692 3869 qui

2127 3893 2279 3963 signa
2318 3891 2629 3946 cohortium
2662 3900 2902 3962 portant,
2950 3892 3005 3947 in
3030 3893 3232 3962 quibus
3261 3893 3396 3962 picti
3419 3892 3688 3947 dracones.

2130 4005 2367 4076 Epistula
2404 4005 2492 4071 60,
2518 4004 2878 4088 gratulaturia
2924 4006 2995 4059 ad
3032 4005 3342 4059 Dioscurum
3369 4003 3694 4061 Alexandria

2758 4091 3056 4146 episcupum
3068 4114 3080 4126 .

2144 4208 2152 4215 .
2196 4166 2235 4220 1.
2279 4167 2411 4220 Data
2443 4174 2527 4221 est
2567 4182 2677 4220 non
2711 4165 2874 4235 longo
2902 4175 3024 4233 post
3041 4175 3307 4235 tempore,
3342 4181 3505 4236 quam
3548 4165 3692 4219 Dios-

2130 4270 2295 4310 corus
2335 4254 2537 4326 Cyrillo
2565 4254 2831 4309 successit
2860 4254 2912 4306 in
2940 4252 3371 4309 Alexandrinam
3394 4255 3598 4315 sedem,
3621 4263 3670 4307 at

2127 4364 2232 4417 que
2260 4347 2398 4401 adeo
2421 4363 2564 4401 anno
2586 4346 2711 4408 444,
2734 4360 2843 4415 quo
2865 4345 3000 4399 abiit
3028 4344 3097 4399 ad
3122 4359 3352 4414 superos
3370 4344 3693 4418 Cyrillusdie

2127 4439 2199 4495 28
2226 4438 2470 4495 Januarii
2500 4445 2596 4492 aut
2633 4438 2665 4492 9
2693 4436 2862 4491 Junii.

2202 4531 2266 4585 ll.
2310 4529 2694 4585 Theodorelus
2732 4527 2921 4582 laudat
2947 4527 3067 4597 ejus
3090 4527 3425 4597 singularem
3459 4540 3695 4582 mansue-

2133 4622 2378 4675 tudinem
2403 4636 2530 4688 erga
2558 4619 2829 4681 subditos,
2858 4628 2914 4672 et
2938 4633 3154 4671 morum
3177 4618 3501 4672 modestiam
3534 4634 3548 4670 :
3578 4630 3694 4686 par-

2135 4714 2232 4769 tim
2264 4714 2392 4782 quia
2423 4729 2511 4766 rcs
2544 4713 2618 4765 ita
2653 4726 2710 4765 se
2735 4710 2991 4775 habebat,
3017 4725 3142 4763 nam
3170 4709 3259 4764 his
3290 4709 3503 4763 artibus
3522 4715 3694 4776 capta-

2135 4804 2229 4858 bat
2262 4804 2426 4857 homo
2448 4819 2684 4872 nequam
2710 4802 2912 4856 civium
2940 4800 3174 4864 animos,
3208 4809 3270 4853 ut
3297 4815 3485 4855 amore
3523 4804 3697 4868 postea

2134 4894 2461 4950 abuteretur
2497 4893 2565 4947 ad
2598 4908 2726 4947 suas
2752 4892 3066 4946 molitiones
3100 4890 3440 4946 roborandas
3471 4907 3484 4943 :
3511 4888 3696 4959 partim

2137 4990 2364 5053 propter
2389 4982 2731 5050 iniquitatem
2759 4980 2927 5035 animi
2963 4996 3094 5051 erga
3127 4980 3410 5052 Cyrillum,
3440 4980 3535 5049 qui
3561 4991 3699 5033 seve-

2132 5071 2295 5125 rioris
2318 5071 2624 5141 disciplina
2647 5086 2837 5125 revera
2861 5079 3001 5133 erat,
3028 5080 3083 5125 ct
3102 5072 3422 5127 ambitionis
3443 5086 3472 5125 a
3501 5070 3700 5125 calum-

2136 5163 2444 5217 niatoribus
2473 5163 2827 5233 arguebatur.

2136 5271 2380 5343 Epistula
2412 5273 2504 5339 61,
2530 5274 2855 5328 salutatoria
2895 5273 2966 5327 ad
2988 5272 3292 5329 Arcltibium
3330 5273 3700 5345 presbyterum.

2209 5385 2487 5442 Credibile
2512 5394 2618 5449 est,
2663 5384 2805 5441 hanc
2851 5384 3099 5457 ejusdem
3132 5401 3255 5443 esse
3294 5386 3557 5457 temporis
3585 5396 3701 5439 cum

1790 5565 2105 5622 SCllULle
2145 5565 2380 5622 NOTIE.

537 5712 578 5745 ⁸⁸
600 5712 782 5769 Editio
810 5712 964 5784 prior
997 5710 1238 5768 habebat
1283 5725 1577 5771 numerum
1615 5710 1858 5783 epistola
1894 5713 1994 5781 5|;
2028 5712 2145 5769 hac
2175 5720 2356 5769 autem
2391 5713 2594 5783 scripta
2620 5720 2705 5769 est
2735 5711 2801 5768 ad
2829 5713 3093 5785 Agapium
3122 5712 3523 5785 presbyterum.
