3926 6216
288 375 385 438 273

292 574 483 644 sbyter,
510 574 663 643 cujus
689 576 987 645 perlatoris
1023 579 1091 634 in.
1112 588 1342 651 utraque
1364 583 1380 601 ‘
1405 581 1570 654 325.
1604 580 1665 636 ﬁt
1695 598 1844 636 mena

292 665 377 717 tio.
401 664 574 730 Quare
605 664 932 723 Archibium
954 672 1154 727 merito
1179 672 1451 742 quispiam
1470 673 1848 728 Alexandrinas

291 752 531 809 Ecclesia
561 755 947 827 presbyterum
980 764 1275 829 putaverit.

288 860 513 933 Epistula
548 863 653 930 6%,
686 865 1010 923 salutatoria
1047 871 1118 924 ad
1161 872 1422 928 Joannem
1462 876 1842 948 presbyterum.

348 973 386 1028 Ι.
427 974 637 1046 Scripta
671 986 757 1033 est
783 979 993 1049 aliquot
1019 983 1301 1039 mensibus
1320 995 1444 1056 post
1476 988 1848 1056 praecedentes

287 1067 448 1121 duas:
482 1066 545 1123 ﬁt
560 1070 712 1124 enim
743 1071 799 1124 in
827 1087 891 1126 ea
916 1074 1123 1129 mentio
1159 1077 1442 1134 redeuntis
1463 1079 1686 1135 Eusebii
1718 1098 1847 1152 pre-

283 1158 468 1229 sbyteri
503 1175 523 1213 :
554 1158 781 1216 Rediens
806 1171 983 1216 autem
1012 1182 1179 1237 nuper
1216 1185 1277 1222 ex
1305 1170 1482 1239 patria
1512 1180 1684 1226 vestra
1717 1172 1843 1226 reli-

284 1250 591 1319 giosissimus
618 1253 892 1324 presbyter
912 1255 1191 1313 Eusebius.

344 1341 404 1395 ll.
442 1342 575 1396 Inde
600 1354 837 1409 constat,
880 1347 1144 1405 Joannem
1174 1353 1549 1426 presbyterum
1590 1358 1848 1413 Ecclesia:

284 1432 652 1490 Alexandrinae
666 1436 962 1504 exstitisse,
982 1457 1287 1513 magnoque
1311 1445 1367 1499 in
1385 1447 1563 1516 pretio
1590 1446 1848 1503 habuisse

286 1526 704 1597 Theodoretum,
729 1548 895 1603 quem
922 1535 978 1589 in
1002 1548 1278 1594 conventu
1303 1539 1607 1597 honoriﬁce
1634 1543 1848 1598 laudas-

285 1627 376 1671 set.

343 1708 423 1763 Ill.
447 1709 597 1765 Misit
618 1729 752 1769 vero
766 1716 1053 1786 epistolam
1075 1719 1454 1780 Theodoretus
1470 1741 1568 1796 per
1587 1726 1844 1781 eumdem

1397 424 1401 429 -
1425 383 1523 444 DE
1556 385 1812 445 LIBRIS
1843 385 2350 449 THEODORETI.

294 481 613 555 praecedente
640 502 654 536 :
686 485 833 541 idem
860 488 1007 543 enim
1033 489 1254 546 videtur
1272 505 1395 547 esse
1423 492 1696 548 Eusebius
1716 508 1844 563 pre-
1875 500 1921 553 Α

3420 396 3539 462 274-

2090 495 2335 566 Epistula
2366 496 2454 564 69,
2487 499 2847 555 consolatorie
2882 500 2952 555 ad
2987 501 3377 576 Eugraphiam.

2021 605 2096 659 De
2122 605 2225 660 hac
2250 605 2457 661 dictum
2492 616 2576 663 est
2596 608 2664 663 ad
2694 610 2981 680 epistolam
3010 610 3061 665 8.

1956 715 2189 785 Epistula
2224 717 2311 783 70,
2341 721 2772 804 commendatitia
2799 723 2870 777 ad
2893 725 3232 781 Eustathium
3262 730 3528 801 Aegarum

2576 808 2893 863 episcopum.
2915 845 2918 848 .

2024 896 2270 953 Pertinet
2306 901 2372 955 ad
2403 917 2607 957 annum
2642 905 2768 972 445,
2803 917 2899 963 aut
2931 919 3256 979 sequentem
3301 934 3313 969 :
3348 918 3528 970 conti-

1952 997 2047 1043 net
2079 991 2226 1045 enim
2257 992 2543 1049 historiam
2570 996 2752 1053 Marias
2782 1000 3067 1071 cujusdam
3102 1004 3306 1061 nobilis
3332 1009 3529 1077 puella:

1951 1077 2244 1147 Africaine,
2286 1100 2408 1153 qum
2437 1102 2465 1139 a
2489 1086 2747 1143 Vandalis
2780 1092 2960 1160 pretio
3002 1095 3224 1150 vendita
3255 1109 3527 1154 mercato-

1951 1171 2125 1235 ribus,
2158 1172 2388 1228 servivit
2423 1173 2589 1245 Cyri;
2641 1177 2738 1231 sed
2783 1180 3085 1252 redempta,
3129 1185 3275 1253 quod
3321 1188 3525 1243 mirum

1950 1268 2055 1327 est,
2084 1277 2115 1316 a
2143 1264 2430 1327 militibus,
2459 1273 2515 1319 et
2544 1282 2574 1320 a
2601 1266 2949 1325 Theodoreto
2972 1288 3071 1342 per
3096 1274 3285 1330 decem
3310 1292 3526 1334 menses

1951 1352 2163 1409 idoneis
2189 1354 2451 1411 subsidiis
2482 1356 2772 1426 instructa,
2797 1375 2920 1416 cum
2945 1366 3257 1422 rescivisset
3277 1368 3346 1424 de
3372 1379 3525 1440 patre

1951 1445 2326 1516 magistratum
2357 1447 2412 1502 in
2443 1446 2760 1506 Occidentis
2788 1454 3038 1522 partibus
3064 1467 3288 1528 gerente
3308 1500 3322 1525 ,
3367 1470 3429 1515 ut
3456 1463 3524 1515 ad

1952 1536 2105 1591 illum
2141 1538 2605 1608 proﬁcisceretur,
2643 1546 3063 1602 commendatur
3093 1549 3367 1620 Aegarum
3403 1554 3527 1623 epi-

1952 1643 2140 1698 seopo,
2165 1645 2270 1698 qua
2300 1631 2356 1685 in
2380 1631 2600 1688 civitate
2621 1635 2877 1691 secundae
2904 1636 3110 1694 Cilicia:
3143 1640 3402 1696 nundina:
3428 1641 3527 1697 ha-

1952 1719 2243 1786 bebantur,
2281 1723 2348 1776 ad
2396 1739 2532 1793 quas
2575 1740 2643 1779 ex
2681 1724 2977 1783 Occidente
3022 1739 3358 1786 mercatores
3395 1747 3528 1787 con-

282 1797 587 1869 Eusebium,
624 1820 819 1862 rursus
842 1808 899 1863 in
923 1807 1215 1882 Egyptum
1248 1814 1683 1884 proﬁciscentem
1703 1837 1717 1886 ς
1754 1836 1850 1889 ρο-
1881 1838 1922 1893 Β
1951 1810 2127 1868 ﬂuere
2158 1814 2418 1869 solerent.
2461 1816 2538 1870 De
2578 1816 2871 1874 Eustathio
2907 1819 3044 1877 nihil
3082 1821 3347 1878 hactenus
3374 1837 3527 1877 com-

282 1892 546 1963 stulatque
578 1912 681 1966 per
708 1898 911 1968 ipsum,
937 1917 1061 1956 cum
1094 1914 1488 1973 reverteretur,
1525 1926 1846 1979 responsum

282 1983 404 2038 dari.
431 1986 633 2043 Nescio
655 2007 726 2045 an
750 2008 872 2047 mea
896 2009 982 2049 me
1009 1994 1162 2051 fallat
1185 1999 1448 2067 suspicio,
1487 2010 1566 2055 tot
1587 2002 1849 2058 itionibus

285 2076 748 2153 reditionibusque
792 2085 1090 2142 Eusebium
1144 2091 1459 2159 explorasse
1500 2092 1845 2163 diligentius,

282 2168 399 2235 quid
431 2171 510 2225 rei
543 2171 894 2230 Alexandriae
924 2188 1237 2247 gereretur;
1270 2190 1325 2235 et
1352 2182 1403 2235 in
1447 2180 1726 2237 Orientem
1758 2199 1846 2238 re-

286 2258 451 2314 tulisse
476 2261 552 2316 ad
574 2264 825 2321 curiosos
853 2266 1161 2338 episcopos,
1185 2280 1241 2324 et
1267 2271 1322 2325 in
1351 2272 1543 2342 primis
1572 2273 1638 2327 ad
1667 2273 1848 2329 Theo-

284 2350 542 2419 doretum,
583 2355 858 2412 intentum
888 2359 943 2413 in
974 2375 1164 2417 omnes
1189 2364 1448 2433 carpendi
1477 2364 1663 2438 Cyrilli
1693 2383 1850 2423 occa-

284 2456 465 2499 510003.

694 2561 963 2633 Epistula,
993 2566 1082 2632 65,
1121 2569 1469 2624 Izeorlustica.

344 2669 621 2727 Paschalis
667 2683 774 2738 est,
823 2677 1131 2747 eodemque
1169 2687 1414 2751 tempore
1466 2684 1694 2755 scripta,
1742 2701 1850 2755 quo

285 2760 583 2829 vexabatur,
634 2779 856 2835 quoque
910 2768 1238 2825 moliebatur
1284 2772 1580 2828 Dioscorus
1628 2776 1846 2841 turbas;

286 2867 435 2920 quare
458 2856 706 2925 pertinet
735 2858 804 2913 ad
837 2874 1040 2915 annum
1070 2862 1194 2929 447,
1226 2872 1322 2918 aut
1361 2865 1602 2921 circiter.

716 2971 957 3044 Epistula
986 2976 1053 3030 64
1080 2978 1425 3033 heortastica.

344 3081 454 3153 Ipsa
490 3101 725 3157 quoque
752 3088 1028 3146 Paschalis
1054 3099 1160 3158 est,
1226 3093 1321 3148 sed
1370 3094 1477 3149 alia
1520 3107 1648 3151 nota
1680 3106 1847 3151 caret.

331 3192 560 3264 Epistula
586 3199 688 3264 65,
715 3201 1069 3278 consolatorie
1094 3204 1164 3257 ad
1194 3205 1460 3260 Zenonem
1486 3208 1797 3278 magistrum

935 3273 1181 3329 militum.

350 3375 386 3430 l.
414 3376 548 3444 Quis
572 3378 745 3436 fuerit
772 3382 941 3449 Zeno,
978 3386 1181 3441 rescire
1209 3385 1336 3441 licet
1364 3402 1432 3441 ex
1474 3387 1856 3441 consularibus

290 3471 697 3527 monumentis:
742 3475 909 3544 gessit
951 3476 1099 3531 enim
1149 3478 1495 3533 consulatum
1538 3495 1664 3534 cum
1697 3480 1856 3533 Post-

291 3557 555 3630 humiano,
580 3580 731 3620 anno
754 3567 879 3622 448.
909 3568 1044 3623 Nam
1065 3569 1305 3641 synodus
1328 3572 1570 3627 Flaviani
1589 3571 1855 3627 adversus

292 3648 556 3721 Eutychen
630 3658 916 3714 consulatu
962 3661 1230 3729 Zenonis;
1308 3672 1434 3733 post
1485 3664 1852 3730 consulatum,

292 3737 618 3809 Ephesinum
655 3745 1005 3804 latrocinium
1050 3752 1404 3823 consignatur
1439 3771 1453 3807 :
1485 3762 1663 3833 exstat
1686 3754 1855 3810 etiam

292 3830 400 3887 data
438 3834 505 3889 ad
549 3836 759 3907 ipsum,
807 3855 931 3896 cum
958 3850 1176 3912 gereret
1218 3830 1587 3911 consulatum,
1626 3846 1858 3917 epistola

295 3922 346 3976 7|
377 3924 739 3996 Theodoreti,
766 3930 835 3985 de
859 3950 966 4003 qua
999 3949 1099 3990 suo
1119 3936 1261 3991 loco.

352 4012 412 4067 ll.
449 4015 573 4082 Quo
620 4027 866 4089 tempore
904 4022 1006 4078 ista
1048 4026 1254 4095 scripta
1302 4026 1393 4092 sit,
1428 4026 1673 4082 nondum
1721 4029 1855 4084 mihi

293 4114 492 4162 constat
527 4125 542 4162 :
580 4109 720 4166 latet
749 4113 897 4166 enim
930 4115 1147 4181 adhuc,
1181 4125 1276 4171 aut
1302 4126 1452 4172 certe
1487 4118 1717 4173 dubium
1750 4130 1855 4186 est,

294 4195 406 4262 quis
451 4198 543 4255 ille
598 4201 818 4255 tandem
843 4203 1082 4260 Zenonis
1122 4205 1311 4272 frater,
1348 4206 1528 4262 clarus
1558 4209 1777 4274 militia,
1804 4220 1861 4265 et

297 4289 564 4353 pmclaris
596 4293 937 4350 facinoribus
973 4297 1193 4363 nobilis,
1227 4299 1386 4368 cujus
1406 4299 1464 4353 in
1494 4300 1655 4355 obitu
1680 4301 1861 4355 Theo-

295 4373 507 4436 deretus
551 4384 883 4454 magistrum
924 4387 1161 4442 militum
1186 4390 1435 4444 solatur:
1468 4391 1738 4461 suspicari
1781 4401 1861 4447 ta—

297 4482 407 4523 men
433 4470 516 4528 fas
543 4481 656 4536 est,
686 4475 739 4529 id
766 4484 893 4532 ante
919 4480 1265 4534 vexationem
1292 4482 1576 4536 accidisse.

298 4579 523 4651 Epistula
563 4587 661 4666 66ἱ
698 4590 1006 4666 invitaturia
1047 4593 1117 4666 ad
1149 4595 1380 4666 encwnia
1414 4593 1597 4664 templi
1645 4606 1861 4666 aposto-

642 4658 815 4713 lorum
846 4662 916 4715 ad
941 4662 1159 4716 Aerium
1178 4664 1490 4732 sophistam.

359 4770 431 4825 De
466 4771 637 4827 Aerio
676 4772 925 4842 sophista
955 4773 1164 4829 dictum
1196 4782 1280 4827 est
1308 4773 1374 4828 ad
1401 4774 1561 4843 epist.
1590 4776 1676 4829 50.
1714 4778 1862 4833 Νοη-

300 4858 416 4916 dum
437 4864 701 4935 comperi,
720 4880 832 4934 quo
855 4880 998 4920 anno
1024 4865 1333 4920 absolutum
1358 4865 1428 4919 sit
1452 4868 1711 4936 templum
1736 4883 1865 4937 apo-

301 4953 442 5009 stolis
473 4971 504 5010 a
534 4956 886 5011 Theodoreto
910 4965 1176 5011 erectum.

363 5064 601 5136 Epistula
631 5068 703 5123 67
737 5076 787 5120 et
814 5067 903 5130 68,
940 5069 1009 5122 ad
1030 5068 1313 5123 Maranam
1353 5077 1401 5122 et
1435 5070 1792 5139 Epiphaniam

621 5140 933 5192 invitatoria
969 5140 1039 5192 ad
1068 5139 1249 5192 eadem
1278 5141 1532 5193 encwnia.

366 5225 402 5278 Ι.
432 5227 644 5285 Incerta
675 5227 936 5283 similiter
968 5228 1230 5296 temporis
1268 5237 1415 5292 nota,
1443 5228 1660 5298 ignotus
1688 5228 1828 5282 Mara
1847 5259 1863 5270 -

309 5328 412 5381 nas,
433 5318 649 5389 ignotus
672 5319 847 5376 etiam
866 5318 1225 5388 Epiphanius,
1251 5318 1354 5372 nisi
1377 5320 1521 5387 quod
1553 5320 1642 5374 ille
1661 5320 1864 5373 dicitur

310 5407 525 5462 multum
546 5410 850 5467 contulisse
889 5408 957 5463 ad
993 5409 1181 5477 templi
1214 5408 1500 5472 fabricam,
1542 5408 1643 5462 iste
1674 5425 1862 5465 exsors

313 5494 445 5558 lidei,
471 5507 699 5572 uterque
720 5498 995 5571 Cyrensis.
1013 5499 1169 5553 civis.

372 5588 429 5643 ll.
465 5592 619 5665 325
644 5596 898 5653 Observa
938 5609 1145 5647 morem
1191 5594 1477 5663 antiquum
1524 5594 1859 5648 convocandi

318 5678 371 5731 ad
398 5681 525 5737 festa
544 5685 854 5742 Christiana
884 5683 1031 5752 ipsos
1049 5683 1210 5738 etiam
1238 5683 1505 5749 inﬁdeles,
1538 5692 1593 5737 ut
1619 5681 1857 5736 ﬁdelium

317 5776 543 5844 exemplo
566 5777 623 5833 ad
651 5778 928 5852 pietatem
957 5779 971 5794 '
1007 5775 1451 5831 incenderentur.

1950 1905 2089 1975 peri.

1986 2032 2228 2104 Epistula
2253 2038 2342 2102 7i,
2370 2039 2731 2118 gratulatoria
2770 2044 2841 2097 ad
2870 2044 3140 2118 Zenonem
3174 2049 3491 2118 magistrum

2419 2109 2649 2165 militum
2683 2119 2734 2165 et
2766 2114 3055 2169 consulem.

2021 2218 2194 2275 liabet
2255 2230 2507 2291 apertum
2547 2212 2810 2294 temporis
2882 2227 3251 2283 characterem
3303 2248 3315 2282 :
3360 2231 3529 2300 gessit

1950 2310 2098 2364 enim
2142 2310 2291 2365 Zeno
2336 2313 2682 2369 consulatum
2733 2330 2874 2372 anno
2925 2317 3047 2372 448.
3096 2319 3232 2374 Vide
3263 2329 3421 2377 notas
3459 2321 3527 2376 ad

1950 2401 2235 2471 epistolam
2255 2403 2345 2460 65.

2112 2504 2354 2603 Epistula
2388 2534 2475 2599 72,
2507 2536 2827 2592 heortcstica
2852 2539 2922 2592 ad
2944 2539 3369 2609 Hermesigenem

2568 2623 2909 2663 αεεεεδονειη.

2025 2714 2217 2769 Nullus
2257 2722 2342 2770 est
2384 2717 2499 2773 sive
2546 2719 2835 2788 temporis,
2894 2720 3011 2773 sive
3056 2735 3307 2790 personae
3340 2720 3527 2785 index,

1954 2804 2057 2857 nisi
2080 2804 2227 2874 quod
2252 2804 2670 2878 Hermesigcnes
2696 2810 3067 2879 magistratum
3091 2819 3306 2880 gereret
3322 2811 3375 2865 in
3398 2810 3533 2866 vici-

1956 2912 2020 2948 na
2047 2895 2230 2967 aliqua
2262 2897 2503 2964 civitate,
2532 2899 2699 2953 veluti
2729 2900 2935 2955 Beruzte
2961 2912 3057 2956 aut
3088 2900 3413 2956 Antiochia}.

2129 3030 2372 3102 Epistula
2406 3032 2493 3097 73,
2530 3032 2854 3087 salutatoria
2888 3035 2958 3089 ad.
2989 3033 3357 3106 Apollonium.

1881 3170 1923 3229 ο
2024 3144 2183 3200 Nulla
2210 3146 2471 3215 temporis
2496 3154 2649 3211 nota,
2677 3147 2825 3200 nulla
2846 3155 2947 3200 aut
2970 3147 3127 3203 valde
3150 3148 3390 3203 obscura
3404 3164 3533 3217 per-

1956 3250 2120 3299 some,
2153 3234 2259 3289 nisi
2291 3235 2438 3304 quod
2462 3235 2545 3289 vir
2566 3236 2801 3295 illustris
2824 3237 2950 3302 fuit,
2986 3238 3079 3291 sed
3104 3238 3346 3293 nondum
3368 3238 3530 3309 Chrie

1956 3327 2196 3392 stianus;
2242 3342 2363 3395 siuas
2393 3342 2480 3382 me
2505 3326 2629 3384 duo.
2654 3327 2925 3386 inducunt
2971 3330 3027 3387 in
3054 3331 3427 3401 conjecturam
3461 3330 3531 3384 de

1956 3416 2246 3485 Apollonio
2287 3418 2489 3473 comite
2532 3433 2816 3475 sacrarum
2845 3420 3221 3490 largitionum,
3262 3421 3329 3476 ad
3365 3437 3529 3490 quem

1956 3516 2040 3563 est
2067 3508 2303 3577 epistola
2325 3510 2448 3565 l05.
2466 3509 2660 3576 Quare
2694 3513 2895 3567 omissa
2921 3513 3163 3577 videtur,
3197 3522 3420 3582 propter
3447 3514 3532 3567 in-

1946 3598 2302 3674 ﬁdelitatem,
2321 3599 2468 3669 quod
2487 3600 2801 3656 observavit
2825 3601 3215 3668 Gothofredus,
3251 3602 3534 3674 dignitatis

1960 3690 2265 3761 inscriptio.

2179 3826 2423 3897 Epistula
2460 3826 2528 3882 74
2565 3828 2881 3884 heortastica
2915 3829 2986 3882 ad
3018 3828 3309 3883 Urbanum.

2026 3938 2186 3994 Caret
2207 3939 2357 3994 omni
2391 3939 2611 4010 penitus
2629 3949 2781 3996 nota.

2053 4072 2295 4143 Epistula
2328 4074 2416 4139 75,
2448 4072 2733 4144 familiaris
2768 4075 2838 4129 ad
2864 4074 3080 4129 clericos
3115 4073 3433 4127 Berwenses.

2029 4186 2163 4241 Data
2187 4195 2272 4241 est
2301 4186 2619 4259 Theoctisto
2644 4187 2906 4257 episcopo
2935 4203 3047 4241 non
3086 4186 3159 4240 ita
3196 4186 3409 4257 pridem
3439 4202 3533 4241 or-

1960 4276 2168 4340 dinato,
2199 4286 2363 4346 atque
2394 4277 2470 4332 ita
2502 4293 2644 4332 anno
2666 4279 2792 4343 457,
2817 4285 2911 4332 aut
2931 4277 3053 4332 458.
3082 4278 3360 4333 Successit
3388 4277 3536 4332 enim

1963 4366 2052 4421 ille
2077 4366 2297 4434 Acacio,
2338 4368 2433 4437 qui
2458 4369 2743 4423 ordinatus
2774 4376 2860 4422 est
2899 4383 3043 4422 anno
3070 4368 3173 4422 578
3206 4368 3309 4422 sub
3347 4368 3532 4429 ﬁnem,

1964 4470 2058 4515 ant
2079 4459 2237 4515 initio
2270 4460 2573 4529 sequentis,
2599 4468 2660 4514 ut
2699 4468 2913 4515 constat
2949 4476 3016 4515 ex
3048 4460 3278 4514 historia
3316 4457 3536 4512 concilii

1964 4548 2315 4613 Antiocheni,
2353 4564 2384 4602 a
2409 4565 2523 4618 quo,
2552 4549 2879 4619 legationem
2906 4549 3115 4618 accepit
3146 4547 3417 4602 Eusebius
3441 4546 3539 4600 Sa-

1968 4641 2297 4697 mosatensis
2330 4639 2513 4695 Acacii
2557 4641 2864 4705 ordinatur,
2906 4640 3179 4708 simulque
3220 4638 3537 4692 mandatum

1964 4731 2290 4801 providendi
2317 4732 2557 4787 viduatis
2577 4734 2633 4787 in
2654 4732 2879 4787 Oriente
2906 4729 3196 4794 Ecclesiis;
3222 4727 3385 4782 vidua
3406 4743 3538 4782 vero

1966 4833 2097 4878 tunc
2122 4831 2241 4878 erat
2267 4824 2593 4879 Bcrmensis.
2624 4822 2760 4879 Cum
2780 4839 2909 4893 ergo
2932 4821 3167 4876 Aeacius
3190 4821 3537 4875 Bermensem

1962 4917 2337 4985 episcopatum
2381 4915 2622 4969 tenuerit
2662 4929 2836 4967 annos
2865 4912 3273 4983 quinquaginta,
3297 4918 3353 4965 et
3390 4920 3535 4973 octo,

1967 5017 2025 5062 ut
2078 5007 2245 5062 tradit
2282 5006 2665 5061 Theodoretus
2717 5005 2773 5058 in
2818 5003 3092 5061 Philutheo
3135 5019 3255 5073 cap.
3299 5004 3357 5065 2,
3402 5000 3539 5056 obiit

1964 5107 2113 5153 certe
2150 5112 2292 5151 anno
2338 5098 2440 5149 457
2485 5105 2580 5151 aut
2624 5097 2749 5159 458,
2798 5095 3170 5165 nonagenario
3209 5094 3401 5162 major,
3444 5099 3539 5145 aut

1963 5189 2129 5242 etiam
2151 5203 2289 5257 pene
2319 5186 2671 5244 centonarius
2703 5203 2731 5243 τη
2756 5187 2841 5239 vix
2877 5186 3021 5239 enim
3052 5184 3241 5239 credat
3274 5181 3418 5251 quis,
3452 5197 3538 5231 or—

1964 5280 2206 5333 dinatum
2236 5285 2361 5331 ante
2386 5291 2591 5330 annum
2622 5275 3119 5345 quadragesimum,
3147 5289 3270 5327 cum
3296 5280 3421 5324 ante
3451 5287 3538 5322 or-

1964 5371 2300 5424 dinationem
2334 5367 2427 5422 diu
2453 5383 2511 5421 sc
2533 5367 2843 5421 exercuerit
2874 5366 2975 5419 sub
3004 5363 3242 5423 Asterie,
3273 5362 3452 5430 326,
3483 5370 3538 5415 et

1965 5477 2062 5529 pro
2088 5459 2191 5513 iidc
2212 5474 2301 5513 res
2337 5474 2445 5513 non
2480 5457 2631 5527 parvi
2659 5455 2919 5510 momenti
2942 5455 3191 5524 gesserit.

1966 5571 2205 5645 Epistula
2233 5570 2316 5636 76,
2359 5571 2653 5625 hortatoria
2678 5570 2748 5623 ad
2785 5568 3042 5645 Uranium
3075 5566 3198 5635 Cyri
3230 5563 3531 5634 prwsidcm.

2031 5682 2202 5747 Quem
2237 5692 2291 5736 et
2326 5680 2543 5752 quando
2572 5682 2824 5735 hortetur
2857 5679 2924 5733 ad
2957 5679 3138 5741 tidem,
3169 5677 3316 5728 nullo
3354 5675 3529 5733 indito

1965 5772 2237 5846 proditur.
