3926 6216
405 297 513 363 275

1536 300 1912 362 GARNERII
1954 297 2452 361 DISSERTATIO
2487 300 2568 359 II.

3558 309 3650 372 276

408 409 651 481 Epistula
671 410 737 464 77
755 419 804 464 et
829 409 919 477 78,
936 409 1017 481 ad
1037 409 1313 465 Eulalium
1336 419 1385 464 et
1408 410 1694 465 Eusebium
1718 411 1983 481 episcopos
2014 415 2059 470 Α
2160 408 2403 480 Epistola
2427 409 2516 474 8|,
2540 409 2929 479 deprecatoria,
2966 408 3036 463 ad
3057 408 3285 464 Nomum
3315 413 3586 472 consulem.

924 480 1153 536 Persica:
1170 481 1454 537 Armeniae.

474 596 516 650 l.
548 595 825 652 Armeniae
854 596 1093 653 Persicas
1135 596 1359 652 nomine
1412 595 1720 666 appellatur
1755 611 1819 651 ea
1859 611 1986 665 pars

403 688 679 743 Armeniae
725 688 980 760 majoris,
1014 704 1136 760 qua:
1179 687 1368 742 Mediae
1404 686 1661 754 vicinior,
1709 703 1985 757 quamque

403 788 814 850 occupaverunt
837 780 1016 835 Persae
1051 778 1155 834 sub
1194 779 1440 844 Valente,
1487 778 1693 848 diuque
1733 777 1983 833 retinue-

405 876 559 922 runt.

470 960 536 1015 ll.
554 958 690 1015 Cum
708 967 854 1014 mota
869 967 1014 1014 esset
1037 961 1094 1014 in
1112 958 1358 1023 Perside,
1384 959 1674 1030 lsdegerde
1693 975 1840 1030 rege,
1860 975 1985 1029 per-

403 1050 635 1116 secutio,
676 1056 734 1104 ut
771 1049 937 1104 tradit
965 1050 1368 1114 Theodoretus,
1401 1051 1645 1120 pervasit
1678 1051 1770 1105 illa
1806 1052 1984 1121 regio-

400 1157 501 1207 nes
528 1142 855 1207 remotiores
879 1142 1128 1197 Romano
1166 1143 1399 1212 imperio
1428 1150 1667 1211 ereptas,
1702 1159 1812 1212 quo
1843 1153 1983 1198 tem—

400 1248 534 1303 pore
596 1233 986 1289 Theodoretus
1026 1234 1351 1304 episcopos,
1408 1234 1503 1304 qui
1552 1247 1722 1303 prope
1752 1234 1985 1289 aberant

400 1324 470 1380 ab
504 1325 891 1396 Euphratesia,
946 1325 1150 1379 litteris
1195 1325 1431 1390 monuit,
1482 1322 1617 1394 quid
1655 1334 1804 1380 esset
1845 1341 1985 1396 opus

400 1416 575 1482 factu,
608 1432 677 1472 ne
707 1418 965 1472 deessent
994 1416 1194 1483 cilicio,
1220 1424 1337 1472 tum
1373 1418 1427 1472 in
1452 1417 1675 1473 tuendis
1702 1418 1980 1490 gregibus,

402 1515 519 1562 tum
553 1525 680 1579 erga
709 1506 1022 1564 desertores
1050 1508 1196 1575 fidei,
1233 1517 1287 1564 et
1312 1510 1663 1581 prenitentes.

470 1600 560 1655 lll.
589 1600 854 1655 Hortatur
876 1616 1006 1671 ergo
1030 1599 1169 1655 duos
1195 1599 1262 1653 ad
1285 1615 1504 1670 gregem
1527 1598 1835 1655 curandum
1860 1614 1985 1669 per-

400 1692 706 1748 secutionis
767 1701 1050 1763 tempore,
1103 1704 1399 1763 monetque
1465 1707 1577 1747 non
1647 1691 1984 1747 deserendas

2164 503 2205 558 Ι.
2245 501 2506 573 Ejusdem
2553 500 2761 571 pariter
2801 501 3111 572 argumenti
3144 516 3208 556 ac
3237 505 3493 574 temporis
3538 524 3650 563 cum

2093 594 2374 664 prioribus
2393 592 2627 647 duabus.

2164 683 2228 738 ll.
2264 683 2497 737 Maxima
2541 698 2670 753 pars
2715 682 3084 753 chronologite
3114 699 3299 738 rerum
3334 684 3648 741 Theodoreti

2094 776 2297 847 pendet
2345 792 2415 832 ex
2443 776 2744 846 quaestione
2779 775 2848 830 de
2877 776 3061 831 verbis
3091 776 3482 846 inscriptionis,
3518 778 3646 835 sitne

2092 867 2380 923 retinenda
2414 868 2664 923 omnium
2695 868 2948 922 codicum
2976 868 3162 934 lectio,
3214 886 3335 939 qua:
3358 870 3517 925 habet
3542 888 3652 926 con-

2091 957 2290 1024 sulem;
2346 974 2416 1012 an
2464 957 2811 1028 corrigenda,
2866 958 3014 1027 quod
3053 959 3172 1013 vult
3211 960 3554 1027 Duronius“;
3604 970 3651 1017 et

2052 1043 2069 1053 \
2093 1051 2300 1107 Nemus
2330 1066 2441 1105 non
2469 1042 2659 1105 consul
2690 1050 2978 1115 dicendus,
3011 1051 3105 1105 sed
3131 1052 3455 1107 consularis.

2161 1144 2251 1198 lll.
2287 1142 2652 1198 Retinendam
2676 1143 2895 1213 opinor,
2926 1144 3056 1214 quia
3086 1144 3312 1199 retineri
3342 1144 3476 1200 nihil
3499 1156 3651 1213 vetat,

2092 1238 2202 1291 imo
2238 1235 2395 1305 plura
2415 1236 2613 1306 jubent
2636 1253 2649 1289 :
2672 1236 3053 1307 eorrigcndam
3079 1237 3197 1290 vult
3226 1236 3507 1303 Baronius,
3531 1254 3652 1308 quo-

2090 1328 2238 1383 niam
2292 1326 2399 1381 nisi
2444 1326 2753 1381 consularis
2802 1343 2903 1397 pro
2932 1328 3158 1382 consule
3191 1316 3446 1397 ponatur,
3479 1330 3654 1383 ὑπατι-

2090 1420 2184 1483 κὸς
2210 1434 2311 1489 pro
2340 1419 2550 1488 ὑπάτῳ,
2573 1418 2711 1473 falsa
2735 1428 2891 1489 putat
2913 1419 3124 1485 futura,
3150 1437 3271 1490 quae
3292 1420 3655 1480 Theodoretus

2091 1516 2283 1563 sancto
2312 1507 2482 1563 Leoni
2508 1508 2705 1563 scribit
2735 1509 2840 1564 sub
2869 1510 3034 1564 linem
3063 1509 3193 1564 anni
3215 1509 3342 1575 M9,
3373 1526 3431 1565 se
3452 1527 3654 1582 nempe,

2090 1613 2217 1654 cum
2261 1598 2416 1653 daret
2451 1599 2690 1665 litteras,
2748 1600 2940 1671 viginti
2973 1610 3181 1670 septem
3203 1617 3379 1657 annos
3406 1602 3459 1656 in
3486 1605 3656 1673 ponti-

2089 1688 2253 1745 ﬁcatu
2298 1690 2474 1761 egisse
2524 1709 2537 1744 :
2579 1690 2783 1762 egisset
2811 1692 2960 1747 enim
2990 1692 3185 1763 viginti
3215 1700 3270 1747 et
3298 1709 3514 1761 norem,
3557 1694 3657 1749 imo

399 1797 532 1838 oves
563 1783 709 1853 turpi
733 1784 857 1855 fuga
882 1802 897 1850 ;
935 1786 1030 1839 sed
1059 1801 1154 1839 eos
1184 1786 1278 1855 qui
1304 1786 1441 1855 lapsi
1469 1784 1671 1850 forent,
1698 1783 1896 1839 idonea
1925 1792 1982 1838 et
2015 1777 2055 1832 Β
2083 1783 2199 1839 fere
2224 1783 2467 1855 triginta,
2495 1783 2562 1849 si,
2587 1798 2697 1854 quo
2723 1792 2972 1854 tempore
3002 1785 3169 1841 dabat
3190 1786 3292 1841 has
3332 1786 3401 1841 ad
3437 1786 3654 1842 Nomum

401 1874 758 1929 misericordc
783 1876 1108 1944 poenitentia
1130 1876 1524 1932 restituendos.

469 1966 559 2022 ιν.
593 1967 694 2022 Vix
745 1967 976 2023 definire
1018 1968 1167 2033 licet,
1216 1984 1326 2038 quo
1375 1983 1520 2022 anno
1564 1976 1676 2022 tam
1717 1966 1980 2022 salutaria

400 2059 610 2115 monita
653 2060 1033 2117 Theodoretus
1062 2062 1281 2128 dederit
1317 2080 1330 2115 :
1363 2060 1635 2132 siquidem
1672 2076 1846 2116 annos
1878 2061 1978 2115 tri-

400 2149 551 2220 ginta
578 2150 896 2219 persecutio
940 2152 1130 2208 isthmc
1162 2152 1402 2217 duravit,
1448 2152 1516 2206 ab
1546 2167 1691 2207 anno
1720 2150 1981 2207 videlicet

401 2242 506 2296 420
536 2241 604 2295 ad
629 2241 754 2296 450.
778 2242 1010 2297 Videtur
1032 2251 1214 2297 tamen
1247 2242 1630 2298 Theodoretus
1654 2251 1786 2298 tunc
1810 2243 1981 2298 fuisse

401 2331 621 2399 senior;
656 2334 795 2403 petit
815 2333 962 2387 enim
987 2334 1056 2388 ab
1083 2334 1321 2399 Eulalio,
1346 2334 1492 2403 quod
1520 2333 1767 2389 seniores
1802 2334 1981 2389 solent

401 2423 472 2478 ab
500 2423 715 2489 amicis,
751 2424 1035 2494 impetrari
1066 2440 1097 2479 a
1135 2425 1248 2480 Deo
1276 2426 1296 2447 '
1323 2424 1604 2493 precibus,
1642 2434 1703 2480 ut
1736 2427 1981 2495 reliquos

400 2513 529 2568 vitae
574 2529 748 2568 annos
800 2529 869 2569 ex
917 2515 1098 2585 legum
1151 2514 1325 2584 ipsius
1363 2524 1635 2586 praecepto
1692 2517 1979 2586 transigat.

401 2605 558 2673 Quod
583 2606 627 2661 si
647 2606 720 2660 ita
749 2615 853 2670 est,
883 2605 1104 2660 videtur
1133 2605 1339 2677 scripta
1364 2606 1595 2676 epistola
1626 2605 1849 2661 circiter
1879 2622 1979 2660 an-

400 2714 534 2754 num
555 2699 680 2763 4-45,
706 2714 833 2753 eum
857 2697 1240 2752 Theodoretus
1264 2697 1380 2752 fere
1399 2708 1544 2752 esset
1569 2696 1978 2767 sexagenarius,

402 2805 506 2845 nec
530 2790 712 2845 adhuc
742 2806 773 2844 a
799 2788 1113 2844 Theodosio
1142 2797 1440 2858 pateretur,
1475 2805 1598 2859 qua:
1630 2788 1979 2858 postmodum

400 2881 749 2937 acciderunt:
769 2897 879 2935 non
905 2881 1075 2945 enim,
1102 2890 1164 2934 ut
1185 2888 1269 2934 est
1289 2881 1519 2949 querula
1542 2896 1629 2936 res
1644 2880 1885 2944 alllictio,
1911 2879 1980 2934 de

399 2970 518 3027 suis
556 2987 837 3036 aerumnis,
874 2985 1013 3040 quas
1063 2968 1356 3024 videbatur
1402 2969 1510 3025 sibi
1564 2984 1664 3040 pro
1711 2969 1817 3024 lide
1865 2968 1978 3038 pati
2010 2984 2047 2995 ί

398 3061 645 3118 siluisset
669 3062 813 3131 apud
842 3077 959 3127 eos,
989 3061 1082 3131 qui
1118 3061 1559 3131 persecutionem
1588 3076 1690 3133 pro
1715 3061 1979 3133 religione

397 3157 709 3215 Christiana
730 3156 1134 3226 experirentur.

471 3249 535 3305 V.
558 3248 661 3303 Vix
685 3249 815 3302 licet
841 3247 1091 3312 definire,
1126 3261 1359 3316 quarum
1386 3247 1676 3302 civitatum
1709 3245 1985 3301 Ecclesias

398 3338 647 3395 Eulalius
679 3347 736 3393 et
775 3337 1049 3392 Eusebius
1092 3337 1337 3391 rexerint
1363 3353 1378 3390 :
1406 3336 1546 3391 nihil
1590 3351 1759 3406 porro
1785 3336 1984 3391 melius

399 3430 601 3487 adduci
634 3437 817 3500 potest
870 3428 938 3483 ad
967 3428 1019 3482 id
1057 3427 1501 3496 persuadendum
1534 3442 1646 3496 quo
1683 3425 1752 3482 de
1780 3426 1981 3498 ageba-

404 3530 521 3587 tur,
544 3536 709 3592 quam
738 3519 888 3591 quod
909 3518 998 3573 his
1026 3516 1227 3574 litteris
1246 3517 1586 3572 continetur.

431 3632 678 3706 Epistola
706 3632 793 3697 79,
820 3630 1185 3702 deprecator-ia
1207 3629 1276 3684 ad
1294 3626 1607 3684 Anatolium
1635 3628 1939 3700 patricium.

469 3747 512 3804 l.
543 3744 669 3801 Haec
687 3755 744 3801 et
769 3745 894 3800 alia:
911 3752 1023 3799 tres
1045 3751 1447 3813 consequentes
1472 3743 1635 3798 unius
1663 3751 1793 3799 sunt
1813 3759 1979 3815 argu-

398 3838 569 3895 menti
620 3855 636 3892 :
679 3836 967 3893 continent
1011 3836 1159 3892 enim
1212 3835 1548 3892 Theodoreti
1581 3836 1864 3905 querelam
1910 3835 1978 3891 de

401 3928 658 3985 mandato
688 3927 1064 3998 imperatoris,
1099 3942 1210 3998 quo
1239 3927 1426 3999 jussus
1455 3937 1576 3983 erat
1609 3926 1737 3999 Cyri
1773 3927 1979 3985 finibus

399 4017 789 4087 sclcontinere.

468 4106 535 4161 ll.
559 4104 740 4172 Quare
782 4105 1076 4160 clarissimi
1111 4114 1241 4161 sunt
1271 4114 1328 4162 et
1366 4106 1497 4161 anni
1522 4114 1578 4161 et
1614 4122 1975 4176 personarum

400 4197 611 4252 indices
638 4215 651 4249 :
677 4211 1033 4266 personarum
1054 4195 1302 4266 quidem,
1324 4198 1454 4267 quia
1478 4198 1684 4253 nobilia
1716 4208 1845 4253 sunt
1865 4200 1977 4254 sin-

398 4290 650 4360 gularum
676 4288 898 4342 nomina
924 4305 937 4343 :
964 4287 1093 4341 anni
1121 4302 1272 4353 vero,
1294 4288 1554 4359 quoniam
1579 4305 1687 4345 una
1711 4291 1974 4347 scribitur

395 4381 571 4436 Nemo
599 4379 830 4444 consuli,
862 4378 979 4448 qui,
1008 4386 1070 4432 ut
1096 4386 1181 4433 est
1211 4380 1355 4449 apud
1391 4395 1583 4435 omnes
1609 4381 1665 4436 in
1697 4382 1968 4449 confesso,

396 4487 544 4527 anno
571 4471 675 4526 445
708 4485 985 4525 summum
1016 4471 1395 4541 magistratum
1427 4473 1614 4541 gessit.

463 4563 531 4618 lll
587 4563 694 4618 Sed
727 4562 843 4617 haec
868 4560 1099 4631 epoeha,
1127 4570 1187 4616 ut
1212 4571 1297 4617 est
1324 4562 1566 4632 plurium
1588 4563 1817 4618 aliarum
1847 4564 1971 4619 fun-

396 4655 733 4721 damentum,
756 4656 830 4710 ita
858 4653 1187 4710 stabilienda
1208 4663 1295 4709 est
1313 4654 1627 4711 firmissime
1661 4656 1726 4710 ad
1759 4657 1969 4726 episto-

394 4743 503 4799 lam
532 4742 592 4795 8|
608 4783 621 4795 .
1150 4782 1160 4789 .

458 4831 480 4887 Ι
488 4834 523 4890 ν
540 4874 553 4888 .
578 4832 652 4887 De
671 4832 927 4888 Anatolio
953 4835 1161 4890 dictum
1187 4843 1273 4890 est
1301 4835 1370 4890 ad
1405 4834 1568 4905 epist.
1602 4836 1690 4890 45.

464 4924 529 4979 V.
562 4923 755 4978 Totam
780 4925 1020 4979 mandati
1047 4926 1384 4997 imperatorii
1412 4927 1480 4981 ad
1512 4941 1572 4983 se
1603 4927 1756 4983 missi
1787 4928 1963 4983 histo-

392 5011 531 5066 riam
565 5010 858 5081 diligenter
891 5011 1272 5072 Theodoretus
1311 5024 1520 5083 narrat,
1557 5018 1831 5088 simulque
1865 5019 1963 5073 ad-

389 5105 575 5174 juncta
611 5102 772 5173 327
803 5102 1095 5172 diligenter
1127 5106 1466 5163 observanda
1496 5127 1509 5162 :
1552 5109 1791 5165 diximus
1837 5110 1964 5166 inde

391 5196 448 5250 in
473 5195 594 5249 Vita
630 5209 752 5263 quae
780 5193 1151 5264 pertinebant.

389 5319 627 5391 Iz'pistola
656 5319 723 5374 80
741 5361 755 5384 ,
785 5319 1145 5389 deprecatoria
1173 5325 1243 5377 ad
1266 5324 1599 5383 Eutrecliium
1635 5332 1958 5402 prwfectum.

456 5430 714 5499 Ejusdem
743 5431 1050 5502 argumenti
1080 5442 1134 5487 et
1160 5437 1422 5505 temporis
1446 5454 1568 5493 cum
1594 5443 1952 5509 praecedente.

386 5521 459 5575 ile
485 5521 782 5578 Eutrcchio
816 5520 1021 5576 dictum
1049 5534 1133 5578 est
1166 5525 1232 5579 ad
1260 5527 1546 5595 epistolam
1574 5530 1659 5585 57.

2085 1876 2318 1939 litteras,
2354 1882 2411 1929 et
2441 1875 2650 1930 Nemus
2677 1877 2872 1931 consul
2897 1884 3064 1941 esset,
3098 1886 3155 1931 et
3178 1878 3291 1948 jam
3319 1877 3432 1948 ipse
3457 1879 3653 1949 exegis-

2087 1975 2171 2021 set
2203 1966 2397 2036 viginti
2423 1966 2666 2036 quinque
2692 1984 2869 2022 annos
2900 1968 2953 2021 in
2984 1969 3325 2038 episcopatu.

2157 2056 2244 2111 IV.
2270 2057 2472 2111 Verum
2491 2067 2685 2112 contra
2702 2057 2996 2112 Barenium
3020 2058 3229 2113 faciunt
3245 2058 3658 2114 demonstratio-

2087 2164 2185 2204 nes
2215 2150 2443 2204 omnino
2466 2166 2580 2205 sex.
2615 2149 2797 2204 Prima
2820 2150 2888 2204 ad
2913 2151 3216 2216 hominem,
3246 2152 3651 2222 utloquuntur:

2087 2255 2213 2293 nam
2232 2239 2501 2294 Baronius
2531 2254 2717 2293 secum
2739 2247 2965 2309 pugnat.
3000 2238 3136 2294 Cum
3163 2239 3315 2293 enim
3339 2247 3520 2309 aperte
3538 2254 3657 2293 con-

2088 2336 2213 2394 stet,
2236 2329 2643 2384 Theoderetum
2661 2330 2805 2384 hanc
2820 2330 3109 2400 epistolam
3127 2329 3370 2397 dedisse,
3388 2346 3508 2385 cum
3526 2329 3657 2401 Cyro

2086 2418 2273 2488 egredi
2303 2419 2508 2474 vetitus
2533 2428 2618 2474 est
2643 2424 2920 2489 :‘cumque
2944 2419 3214 2474 Baronius
3239 2420 3655 2490 prohibitionem

2087 2509 2286 2564 factam
2311 2526 2430 2566 esse
2457 2519 2669 2567 asserat
2693 2527 2838 2566 anno
2858 2513 2984 2579 445,
3017 2528 3126 2583 quo
3151 2521 3400 2583 tempore
3426 2511 3654 2567 nondum

2086 2603 2432 2657 consulatum
2448 2614 2692 2674 gesserat
2708 2604 2937 2671 Nemus,
2951 2604 3182 2675 epistola
3202 2617 3356 2661 certe
3372 2622 3480 2660 non
3494 2601 3657 2675 potuit

2087 2694 2365 2749 consulari
2414 2695 2670 2760 inscribi,
2729 2695 2785 2750 id
2814 2704 2919 2761 est,
2968 2696 3204 2762 homini,
3254 2699 3355 2768 qui
3385 2697 3655 2752 consulatu

2088 2785 2382 2841 defunctus
2400 2786 2490 2840 sit.

2163 2877 2221 2932 ν.
2258 2876 2532 2944 Secunda,
2587 2879 2791 2933 iterum
2820 2879 2888 2934 ad
2919 2877 3225 2935 hominem.
3279 2879 3339 2933 Si
3361 2877 3536 2950 jussio
3560 2876 3657 2930 im-

2088 2970 2361 3039 peratoris
2389 2970 2530 3025 facta
2554 2981 2639 3026 est
2664 2988 2808 3027 anno
2829 2972 2954 3037 445,
2988 2972 3265 3043 quomodo
3295 2971 3659 3027 Theodoretus

2088 3079 2232 3117 anno
2258 3064 2364 3118 444
2392 3073 2518 3134 post
2543 3065 2754 3120 obitum
2784 3064 2975 3136 Cyrilli
3008 3066 3318 3122 Antiochia:
3350 3066 3658 3121 concionem

2011 3131 2054 3189 (ἶ
2087 3155 2301 3220 habuit,
2343 3131 2508 3225 quam
2536 3156 2739 3212 Marius
2769 3131 3038 3212 Mercator
3069 3166 3180 3213 etv
3205 3158 3453 3229 synodus
3475 3156 3660 3211 refert?

2085 3247 2274 3302 Paruit
2294 3247 2440 3302 enim
2473 3248 2727 3319 religiose
2750 3249 3005 3320 jussioni,
3029 3264 3133 3304 nec
3155 3257 3282 3320 post
3303 3258 3577 3318 acceptam
3597 3245 3659 3300 ad

2083 3337 2481 3393 Antiochenam
2505 3339 2782 3395 civitatem
2810 3342 3060 3406 accessit,
3097 3351 3158 3396 ut
3193 3343 3312 3411 ipse
3345 3348 3594 3396 testatur.
3683 3387 3690 3396 .

2152 3431 2238 3486 Vl.
2297 3432 2503 3486 Tertia.
2558 3432 2765 3487 Eodem
2810 3440 3055 3505 tempore
3103 3442 3160 3488 et
3199 3435 3256 3487 in
3288 3433 3482 3489 eadem
3505 3444 3658 3486 causa

2085 3520 2472 3579 Theodoretus
2501 3522 2738 3578 Nomum
2765 3524 3049 3580 consulem
3072 3534 3128 3579 et
3149 3524 3513 3580 Eutreehium
3533 3537 3663 3594 prie.

2081 3612 2286 3669 fcetum
2316 3615 2624 3687 compellat
2660 3633 2699 3669 ει
2727 3616 2880 3686 atqui
2915 3617 2971 3671 in
3000 3616 3258 3672 eumdem
3290 3632 3496 3671 annum
3524 3629 3659 3685 prm-

2080 3705 2294 3761 fcctura
2324 3707 2635 3773 Eutrcchii,
2670 3718 2728 3763 et
2750 3708 2911 3763 Nemi
2940 3709 3262 3764 consulatus
3290 3707 3656 3764 conveniunt:

2081 3798 2250 3867 igitur
2279 3806 2374 3853 aut
2402 3807 2596 3853 neutra
2622 3800 2949 3872 corrigenda
2968 3809 3056 3855 est
3079 3800 3265 3863 lectio,
3292 3809 3391 3855 aut
3411 3807 3657 3868 utraque.

2079 3891 2359 3946 Posterior
2381 3906 2512 3948 vero
2540 3892 2744 3963 corrigi
2773 3907 2885 3947 non
2916 3900 3128 3963 potest,
3176 3891 3475 3948 retinenda
3502 3889 3659 3962 igitur

2078 3982 2248 4052 prior.

2147 4074 2259 4129 VII.
2318 4073 2544 4141 Quarta.
2599 4075 2984 4130 Theodoretus
3039 4075 3307 4146 epistolas
3356 4084 3470 4130 tres
3513 4071 3664 4128 dedit

2079 4166 2144 4219 ad
2177 4167 2412 4221 Nonium
2445 4166 2682 4223 diversis
2714 4168 3053 4237 temporibus
3090 4187 3103 4221 :
3137 4168 3376 4239 primam
3414 4164 3660 4221 inscribit

2078 4259 2330 4329 magistro
2377 4259 2663 4330 ofﬁciorum
2691 4301 2705 4324 ,
2766 4267 3098 4329 postremam
3138 4260 3387 4331 patricio,
3426 4256 3657 4312 mediam

2076 4351 2313 4417 consuli;
2346 4360 2480 4406 tunc
2509 4367 2640 4423 ergo
2663 4351 2870 4406 Nemus
2895 4350 3241 4406 consulatum
3263 4351 3518 4422 gerebat,
3538 4362 3656 4403 cum

2004 4476 2046 4530 υ
2077 4446 2289 4514 accepit
2312 4445 2569 4509 mediam,
2602 4444 2875 4515 siquidem
2897 4444 3163 4514 inscripto
3190 4445 3427 4516 singulis
3449 4441 3659 4498 duabus

2074 4539 2196 4592 aliis
2230 4538 2549 4607 magistratu
2582 4537 2934 4607 fungebatur,
2975 4550 3101 4592 eum
3137 4536 3286 4607 ipsas
3318 4536 3551 4606 recepit.

2144 4628 2280 4683 Vlll.
2316 4627 2536 4693 Quinta.
2567 4628 2948 4683 Theodoretus
2966 4628 3262 4692 neminem,
3288 4628 3387 4697 qui
3408 4625 3655 4681 consula-

2073 4727 2191 4773 tum
2216 4718 2494 4787 gessisset,
2525 4719 2873 4773 consularem
2899 4718 3222 4783 nominavit,
3253 4735 3382 4773 cum
3407 4716 3655 4788 pluribus

2070 4809 2237 4880 328
2290 4809 2500 4865 litteras
2551 4810 2708 4865 daret
2762 4818 2887 4880 post
2942 4825 3218 4865 summum
3272 4809 3652 4879 magistratum

2070 4906 2315 4970 gestum;
2372 4899 2472 4953 sed
2505 4916 2616 4954 suae
2644 4915 2919 4970 quemque
2948 4900 3229 4970 dignitatis
3257 4900 3511 4963 nomine,
3551 4912 3653 4966 qua

2073 4999 2203 5044 tunc
2256 4989 2612 5061 insigniretur
2663 5008 2676 5042 :
2727 5007 2906 5061 neque
2949 4992 3094 5045 enim
3145 4992 3493 5055 Anatolium,
3542 4991 3651 5045 Au-

2070 5081 2336 5145 tiochum,
2370 5081 2751 5146 Ariobindam,
2785 5082 3126 5147 Senatorem,
3157 5082 3427 5146 Taurum,
3456 5083 3653 5139 Vinco-

2072 5174 2296 5234 malum,
2331 5175 2619 5228 consulatu
2651 5173 2891 5240 functos,
2934 5182 3028 5228 aut
3059 5175 3317 5229 consules
3350 5173 3650 5243 inscripsit,

2072 5273 2167 5319 aut
2197 5264 2545 5328 consulares;
2609 5264 2704 5318 sed
2757 5264 2842 5317 vel
2886 5264 3175 5334 patricios,
3212 5263 3369 5317 velut
3402 5268 3416 5285 ‘
3446 5264 3650 5318 Anato-

2068 5355 2235 5419 lium,
2289 5354 2674 5420 Ariobiudam,
2725 5355 3079 5421 Senatorem,
3133 5364 3188 5410 et
3229 5355 3515 5422 Taurum;
3570 5353 3649 5408 vel

2068 5443 2373 5513 prmfectos,
2410 5453 2471 5498 ut
2496 5445 2858 5514 Antiochum;
2891 5448 2977 5503 vel
3001 5449 3291 5520 magistros
3318 5446 3649 5512 ciliciorum,

2063 5543 2123 5587 ut
2149 5534 2542 5590 Vincomalum.

1717 5669 2033 5726 SCIIULZ"
2081 5669 2318 5727 NOT/E.

456 5725 499 5758 ⁸⁸
524 5726 644 5785 γω.
678 5744 862 5800 supra,
899 5744 954 5798 [ι.
988 5730 1113 5788 249.

3673 1086 3686 1125 ἰ
