3926 6216
282 369 370 429 277

1423 377 1523 436 DE
1561 378 1813 438 LIBﬂlS
1848 378 2356 440 THEUDORETI.

3410 389 3515 449 2'78

344 477 427 530 1X.
466 475 644 531 Sexta.
679 478 1128 538 Eruditissimum
1152 482 1498 540 Cardinalem
1524 486 1835 541 fefellerunt
1865 495 1908 549 Α
1936 488 2172 543 militum
2212 489 2456 544 Orientis
2505 497 2561 543 et
2590 489 2826 544 consuli.
2890 490 3029 546 llinc
3056 493 3305 564 arguitur
3325 496 3514 565 opinio

284 568 435 623 verba
478 568 724 638 epistolae
754 574 1147 641 consequentis
1181 574 1249 628 ad
1272 576 1572 630 Eusebium
1603 595 1615 630 :
1650 597 1667 627 ε
1694 578 1837 633 Inte-

285 658 422 728 grum
443 671 545 723 est,
566 660 657 713 cui
677 661 897 717 animus
916 662 1102 729 fuerit,
1127 665 1350 735 antiqua
1369 682 1535 737 opera
1553 684 1674 723 mea
1690 670 1840 724 evol-

1938 580 2132 650 nuperi
2178 580 2500 652 cujusdam,
2560 580 2795 637 volentis
2846 581 3114 652 Lupicino
3158 587 3516 642 commonito-

1938 672 2080 725 rium
2124 686 2245 727 esse
2297 671 2606 737 directum,
2663 689 2771 743 qua
2804 673 2871 728 de
2900 673 3158 744 opinione
3195 674 3412 732 dicetur
3446 679 3531 731 ad"

286 766 426 814 vere,
475 763 589 804 tum
629 766 695 806 ea
742 769 865 823 qua:
884 764 1013 809 ante
1039 758 1305 826 synodum
1334 757 1685 828 Ephesinam,
1722 770 1835 813 tum
1933 764 2219 831 epistoiam
2261 778 2342 817 xc.
2380 764 2564 828 Addit,
2618 764 3041 820 eommonitorio
3066 782 3177 821 non
3219 768 3495 823 contineri

286 856 391 911 qua
408 850 526 910 post
550 843 696 897 illam
719 860 930 910 rursus,
955 855 1083 902 ante
1101 848 1387 905 duodecim
1403 867 1576 907 annos
1586 853 1799 922 scripsi.
1815 875 1830 903 ι

287 930 392 987 llam
413 933 558 987 enim
582 934 978 1005 interpretatus
999 947 1101 1004 est,
1128 941 1356 1010 perinde
1380 958 1445 997 ac
1464 944 1509 997 si
1528 944 1839 999 Theodore-

289 1032 363 1077 tus
384 1023 737 1093 signiﬁcaret,
767 1042 973 1082 annum
1002 1046 1112 1099 quo
1136 1032 1432 1099 scribebat,
1453 1034 1839 1089 duodecimum

286 1130 388 1168 esse
414 1115 481 1168 ab
506 1115 787 1185 Ephesina
815 1121 1024 1189 synodo
1066 1138 1081 1175 :
1118 1129 1174 1175 at
1200 1123 1325 1192 quis
1355 1140 1467 1179 non
1489 1125 1692 1192 videat,
1726 1141 1840 1180 scr-

288 1222 483 1260 xnonem
524 1224 649 1264 esse
698 1211 768 1265 de
800 1212 961 1268 libris
993 1228 1133 1283 quos
1160 1214 1451 1272 duodecim
1474 1219 1651 1283 annis,
1689 1229 1841 1273 ante-

287 1315 428 1369 quam
462 1300 678 1356 litteras
702 1304 881 1369 daret,
910 1306 1193 1362 ediderat?

352 1388 538 1442 Verum
569 1389 676 1445 hac
696 1390 766 1445 de
789 1393 1094 1461 quaestione
1123 1395 1459 1465 disputatum
1483 1407 1568 1452 est
1587 1399 1764 1468 capite
1783 1400 1837 1463 ‘2,

295 1495 399 1534 cum
445 1491 660 1551 tempus
708 1483 836 1539 initi
887 1500 920 1539 a
975 1486 1327 1542 Theodoreto
1370 1489 1717 1559 episcopatus
1761 1490 1841 1543 in-

294 1582 601 1641 quireretur.

297 1722 509 1792 Epistola
559 1723 647 1791 82,
704 1725 991 1794 fantiliaris
1040 1728 1111 1781 ad
1155 1728 1435 1783 Eusebium
1484 1730 1703 1800 Ancyra:
1730 1732 1832 1801 epi-

936 1813 1169 1867 scopum.

351 1927 386 1980 l.
412 1926 610 1981 Eodem
630 1927 747 1982 fere
767 1943 915 1983 anno
934 1929 1059 1982 data
1075 1938 1180 1995 est,
1203 1945 1313 1998 quo
1328 1930 1542 1999 priores
1560 1930 1680 1985 alia:
1698 1938 1836 1995 tres;

295 2017 585 2086 exponenda
610 2032 743 2072 vero
765 2019 907 2071 κατὰ
933 2021 1116 2088 μέρος,
1143 2019 1402 2088 quoniam
1430 2019 1577 2073 nulla
1596 2028 1701 2083 est,
1723 2036 1843 2088 quae

298 2109 428 2176 plura
452 2107 517 2162 ad
558 2108 847 2162 historiam
869 2108 1204 2178 pertinentia
1228 2109 1507 2165 contineat
1535 2127 1548 2163 :
1575 2110 1669 2165 sed
1692 2112 1845 2180 prius

298 2202 354 2255 de
374 2202 602 2256 Eusebio
624 2218 823 2272 pauca.

337 2292 696 2358 ll.Theodoto,
707 2293 865 2364 cujus
874 2293 1087 2348 celebre
1098 2308 1295 2349 nomen
1308 2304 1391 2349 est
1402 2294 1456 2348 in
1469 2294 1619 2349 Actis
1631 2294 1846 2348 concilii

299 2382 555 2453 Ephesini,
590 2381 891 2446 successit;
932 2397 1042 2452 quo
1074 2397 1239 2446 anno,
1271 2383 1560 2436 incertum.
1594 2381 1849 2437 Interfuit

295 2473 505 2527 concilio
523 2472 769 2526 Flaviani
796 2472 1059 2529 adversus
1079 2473 1362 2545 Eutychen
1383 2489 1526 2528 anno
1541 2473 1666 2536 448,
1685 2473 1851 2527 latro-

296 2562 441 2617 cinali
456 2562 819 2635 proEutyche
834 2578 979 2618 anno
989 2564 1114 2629 H9,
1126 2562 1557 2619 Chalcedonensi
1571 2579 1712 2619 anno
1724 2565 1817 2617 451
1834 2604 1845 2615 .

297 2653 399 2708 Non
424 2653 512 2708 diu
548 2653 655 2708 fuit
683 2663 967 2724 superstes
1000 2673 1013 2708 :
1047 2670 1171 2710 nam
1206 2654 1260 2709 in
1288 2656 1482 2727 synodi
1508 2655 1734 2711 Galatiae
1762 2656 1849 2709 lit—

299 2745 413 2799 teris
464 2745 531 2799 ad
575 2745 821 2800 Leonem
868 2746 1256 2815 imperatorem
1307 2746 1607 2802 subscribit
1642 2746 1850 2817 primus

298 2836 589 2890 Anastasius
620 2835 848 2907 Ancyra:
870 2838 1154 2907 episcopus.

356 2927 639 2982 Eusebium
660 2928 907 2999 Oportuit
940 2929 1077 2983 levis
1116 2928 1409 2983 admodum
1446 2937 1502 2982 et
1540 2930 1853 2983 inconstan-

300 3015 359 3069 tis
382 3016 540 3069 animi
568 3015 766 3079 fuisse,
821 3024 882 3070 ut
927 3016 1020 3085 qui
1050 3016 1337 3087 Eutychen
1379 3013 1851 3083 Constantinopoli

299 3104 653 3173 damnaverit,
708 3116 771 3160 ut
818 3121 918 3175 par
960 3114 1107 3171 erat;
1173 3115 1228 3160 et
1255 3104 1452 3175 Ephesi
1489 3104 1541 3156 in
1566 3102 1854 3158 latrocinio

301 3196 597 3262 absolverit,
648 3197 908 3253 damnato
940 3197 1232 3262 Flaviano;
1282 3203 1338 3249 et
1361 3195 1705 3250 Chalcedone
1739 3206 1855 3250 tan-

301 3285 408 3340 dem
435 3287 573 3343 diris
599 3286 908 3343 devoverit.
965 3285 1069 3342 Sed
1094 3288 1203 3358 jam
1232 3287 1443 3358 singula
1464 3286 1708 3356 epistolae
1735 3301 1856 3356 per-

300 3391 596 3447 sequamur.

359 3468 442 3525 lll.
470 3471 857 3527 Theodoretus
878 3471 1053 3526 amice
1075 3471 1309 3540 primum
1335 3466 1858 3539 queritur,defuisse

302 3560 459 3616 oﬂicio
482 3562 806 3626 Eusebium,
830 3562 924 3632 qui
946 3561 1204 3615 amictum
1225 3569 1281 3615 et
1298 3558 1623 3615 calumniam
1642 3573 1859 3627 passum

306 3653 406 3708 suis
429 3654 631 3709 litteris
660 3670 768 3708 non
796 3654 868 3709 sit
893 3654 1116 3708 solatus.
1155 3651 1357 3707 Scribit
1385 3651 1552 3722 igitur
1583 3665 1650 3704 ex
1677 3649 1863 3704 dome-

308 3745 429 3798 stico
455 3762 554 3800 suo
587 3745 803 3800 exsilio.

371 3835 447 3889 IV.
486 3836 677 3891 Refert
716 3835 951 3899 deinde,
1009 3849 1104 3889 eos
1144 3834 1249 3889 sibi
1286 3832 1614 3888 calumniam
1648 3832 1861 3893 fecisse,

310 3927 391 3994 qui
419 3943 479 3981 ea
514 3935 836 3997 tempestate
871 3926 1181 3989 Marcionis,
1218 3924 1514 3988 Valentini,
1551 3924 1779 3978 Manetis
1810 3931 1866 3975 et

314 4019 613 4076 Docetarum
644 4020 879 4074 hteresin
905 4025 1235 4074 renovarent
1266 4036 1278 4070 :
1314 4017 1366 4070 id
1391 4017 1520 4070 olim
1546 4016 1747 4087 objccit
1766 4016 1869 4087 Cy-

316 4109 455 4175 rillo,
503 4126 629 4165 cum
666 4119 923 4180 argueret
958 4111 1193 4180 capitula
1228 4109 1540 4173 duodecim,
1588 4109 1733 4177 quod
1768 4110 1868 4163 ob-

319 4202 625 4256 servandum
676 4209 778 4256 est.
834 4201 892 4255 ld
927 4202 1103 4272 ipsum
1133 4210 1322 4273 postea
1357 4199 1410 4253 in
1448 4200 1762 4270 prmfatione
1802 4199 1899 4266 ad,

322 4292 588 4349 Eranisten
642 4294 946 4364 exprobrat
997 4292 1352 4357 adversariis,
1390 4307 1635 4362 quorum,
1674 4289 1869 4359 inquit,

323 4383 509 4455 αἵρεσιν
539 4384 798 4457 ἄντικρυς
830 4384 1209 4454 στηλιτεύομεν
1230 4384 1297 4436 ⁸⁵.
1330 4382 1462 4437 Mira
1483 4381 1757 4451 emphasis
1782 4397 1874 4435 vo-

325 4489 450 4540 cum,
482 4476 682 4546 quibus
718 4475 961 4545 dialogos
991 4474 1194 4529 indicat
1226 4491 1239 4527 :
1274 4474 1342 4528 iis
1370 4472 1515 4527 enim
1537 4472 1876 4526 adversario-
1914 4504 1952 4554 υ

328 4583 431 4621 rum
450 4568 676 4623 haeresin
697 4584 763 4622 ex
786 4568 1037 4630 adverso,
1068 4575 1123 4620 et
1143 4574 1329 4636 aperte
1352 4566 1502 4619 velut
1522 4565 1575 4618 in
1597 4564 1756 4633 cippo
1791 4564 1875 4617 iu-

331 4659 497 4714 scribit
528 4668 584 4714 et
613 4658 871 4716 traducit.

388 4750 539 4821 329
571 4752 632 4806 V.
659 4750 801 4805 Tum
822 4751 1149 4804 calumniam
1169 4750 1469 4818 exponit“,
1498 4748 1642 4818 quod
1668 4747 1722 4801 in
1744 4748 1881 4801 duos

335 4839 455 4895 ﬁlios
483 4841 763 4896 Christum
787 4841 1035 4896 dividere
1060 4840 1419 4906 diceretur",
1448 4841 1629 4895 dictus
1648 4849 1730 4893 est
1752 4858 1882 4894 vero

338 4942 601 5004 propterea
632 4933 782 5004 quod
823 4933 1029 4988 acriter
1077 4932 1340 4987 adversus
1373 4931 1689 4987 defensores
1724 4932 1885 4985 unius

341 5034 524 5079 natura:
549 5025 713 5080 Verbi
745 5024 1045 5079 incarnatze
1078 5032 1133 5077 et
1162 5022 1389 5091 dialogis
1419 5022 1692 5083 invectus,
1747 5028 1801 5074 et
1829 5021 1882 5072 in

340 5112 571 5183 Cyrillum
604 5124 883 5171 mortuum
922 5130 1021 5184 pro
1051 5114 1313 5168 concione
1341 5113 1589 5166 invectus
1609 5111 1768 5163 foret.

402 5204 478 5259 Vl.
514 5207 628 5260 Mox
659 5213 849 5261 narrat
882 5205 1105 5259 missum
1135 5220 1254 5259 esse
1289 5205 1356 5257 ab
1390 5204 1719 5272 imperatore
1741 5218 1885 5254 com—

348 5296 667 5352 monitorium
704 5294 995 5367 στρατηγῷ
1024 5296 1115 5349 καὶ
1139 5292 1406 5363 {mi-np“,
1436 5294 1607 5346 Nemo
1628 5290 1886 5362 magistro

1882 3166 1923 3219 C.

1938 854 2343 908 accusationem
2373 853 2600 910 haeresis
2624 896 2639 921 ,
2702 855 2799 911 sed
2831 857 3261 926 prohibitionem
3290 858 3416 930 Cyri
3451 860 3513 912 ﬁ—

1940 944 2103 998 nibus
2156 942 2473 1014 egrediendi
2501 983 2516 1008 ,
2578 944 3046 1014 propterea,quod
3096 946 3334 1017 synodos
3367 947 3511 1018 apud

1939 1034 2284 1089 Antiochiam
2323 1043 2675 1100 convocaret,
2730 1035 2931 1105 quibus
2951 1052 3150 1106 nempe
3183 1038 3511 1094 sollicitabat

1938 1126 2323 1196 episcoporum
2345 1125 2578 1191 animos,
2602 1141 2673 1182 ne
2693 1124 2879 1197 Cyrilli
2897 1127 3232 1199 Joannisque
3252 1131 3307 1183 in
3328 1140 3510 1200 partes

1942 1217 2259 1283 transirent,
2294 1217 2555 1288 pacisque
2582 1218 2802 1273 sancita:
2820 1219 2967 1289 leges
2993 1220 3368 1276 observarent.

2010 1306 2120 1362 νη.
2174 1306 2341 1361 Addit
2365 1308 2562 1370 etiam,
2614 1322 2671 1360 se
2698 1307 2942 1375 paruisse
2970 1307 3232 1362 continuo
3251 1308 3510 1373 libenter,

1940 1410 1995 1455 et
2017 1399 2306 1455 calumniae
2324 1407 2598 1462 auctores,
2635 1398 2747 1451 Deo
2772 1397 3094 1461 ulciscente,
3124 1405 3347 1467 argutos
3367 1412 3509 1459 esse.

1939 1506 2245 1561 eorumque
2273 1489 2600 1561 patefactam
2626 1489 2862 1544 haeresin
2893 1507 2907 1543 :
2940 1490 3200 1544 nimirum
3226 1498 3355 1545 tunc
3377 1498 3514 1544 tem-

1942 1584 2092 1654 poris
2132 1582 2359 1637 Armeni
2400 1580 2676 1643 monachi,
2719 1580 2813 1649 qui
2842 1580 3003 1650 primi
3034 1581 3184 1634 litem
3206 1589 3511 1646 moverant,

1944 1672 2272 1742 deprehensi
2301 1679 2432 1726 sunt
2454 1671 2887 1742 Apollinaristaa;
2940 1681 3070 1728 tunc
3096 1673 3260 1728 simul
3291 1682 3516 1728 vocatus

1947 1764 2004 1818 in
2055 1762 2424 1833 suspicionem
2477 1762 2786 1834 Eutyches,
2843 1762 3237 1817 monachorum
3285 1763 3515 1817 istorum

1876 1826 1915 1880 Β
1942 1854 2143 1909 fautor.

2014 1945 2150 1999 Vill.
2187 1944 2394 1999 Scribit
2419 1954 2621 2010 tamen,
2644 1945 2700 1999 in
2721 1959 2779 1999 se
2802 1944 3186 1999 Alexandriam
3205 1943 3273 1997 ab
3298 1944 3365 2001 iis
3386 1959 3513 1997 con-

1945 2037 2164 2090 citatam
2217 2051 2315 2105 per
2359 2036 2661 2100 ministros,
2722 2036 2818 2105 qui
2861 2043 3183 2105 spargerent
3212 2034 3267 2088 in
3296 2035 3512 2104 vulgus,

1947 2129 2084 2183 duos
2114 2144 2143 2183 a
2167 2127 2516 2183 Theodoreto
2547 2128 2689 2182 filios
2710 2126 2952 2193 defendi,
3006 2142 3132 2181 cum
3164 2134 3343 2180 tamen
3375 2127 3518 2180 hanc

1948 2222 2284 2290 impietatem
2323 2228 2642 2275 exsecretur
2676 2238 2689 2272 :
2722 2218 3050 2274 sollicitatus
3077 2232 3274 2286 nempe
3297 2223 3381 2270 est
3403 2216 3514 2286 jam

1948 2310 2075 2363 inde
2123 2309 2193 2363 ab
2236 2309 2479 2379 Eutyche
2525 2308 2848 2371 Dioscorus,
2902 2312 2965 2359 ut
3010 2304 3067 2359 in
3110 2303 3517 2358 Theodoretum

1949 2400 2182 2455 saeviret.
2220 2398 2352 2453 Vide
2383 2405 2703 2467 sequentem
2725 2396 3040 2465 epistolam.

2019 2491 2112 2545 lX.
2151 2492 2239 2546 Ait
2261 2506 2319 2545 se
2349 2489 2617 2544 imitatum
2642 2486 2891 2541 Nicmnos
2910 2487 3119 2547 Patres,
3145 2484 3237 2553 qui
3258 2483 3526 2537 adversus

1951 2582 2143 2638 Arium
2177 2581 2553 2650 disputantes,
2592 2579 2749 2633 multi
2777 2578 3004 2632 fuerunt
3038 2577 3093 2630 in
3122 2574 3431 2633 dividendis
3464 2573 3523 2626 in

1950 2675 2173 2731 Christo
2213 2672 2445 2727 naturis.
2506 2671 2655 2726 Idem
2695 2670 2862 2725 habet
2892 2676 2950 2724 et
2980 2666 3172 2723 iisdem
3204 2666 3317 2720 fere
3341 2663 3525 2719 verbis

1952 2768 2008 2822 in
2036 2762 2532 2833 secundadialogo,
2567 2762 2667 2831 qui
2702 2760 3015 2830 Inconfusus
3048 2757 3275 2812 dicitur.

2024 2857 2090 2911 Χ.
2127 2856 2479 2912 Contestatur
2515 2860 2739 2923 postea,
2797 2853 2941 2905 hanc
2962 2849 3362 2906 confessionem
3408 2863 3437 2902 a
3465 2861 3526 2902 se

1956 2962 2064 2999 non
2103 2945 2343 3014 primum
2382 2942 2494 3005 edi,
2550 2939 2706 3010 quasi
2733 2955 2832 3009 per
2855 2938 2966 2993 vim
2992 2947 3049 2993 et
3071 2944 3277 2991 metum
3312 2942 3526 2991 extorta

1955 3046 2129 3101 esset;
2182 3036 2277 3091 sed
2305 3050 2459 3091 suam
2495 3048 2708 3102 semper
2727 3031 2896 3085 fuisse
2932 3037 3272 3085 constantem
3301 3034 3526 3081 sentcn—

1961 3128 2113 3190 tiam,
2143 3140 2308 3195 quam
2339 3124 2571 3193 quisque
2602 3121 2718 3176 suis
2746 3136 2814 3173 ex
2840 3119 3018 3183 libris,
3053 3132 3191 3187 quos
3220 3117 3379 3185 longe
3403 3123 3529 3170 ante

1958 3217 2137 3271 editos
2158 3222 2430 3277 recenset,
2464 3212 2773 3282 intelligere
2793 3210 2985 3279 possit.
3034 3210 3111 3263 De
3135 3207 3296 3261 libris
3321 3207 3529 3261 dictum

1958 3315 2042 3360 est
2073 3322 2192 3374 cap.
2217 3305 2271 3368 5,
2321 3303 2416 3359 sed
2473 3302 2617 3356 inter
2653 3300 3017 3354 recensendos
3053 3298 3225 3353 libros
3257 3298 3323 3352 de
3350 3313 3535 3367 repre—

1962 3398 2224 3451 hensione
2252 3394 2618 3464 capitulorum
2650 3393 2794 3455 silet,
2829 3400 2885 3446 et
2916 3391 2983 3445 de
3008 3390 3229 3445 Diodori
3263 3408 3325 3443 ac
3352 3388 3532 3443 Theo-

1961 3489 2078 3543 dori
2098 3487 2464 3558 Mopsuesteni
2485 3485 2820 3539 defensione.

2031 3582 2097 3634 X.
2134 3580 2382 3649 Denique
2407 3579 2648 3649 postulat
2677 3578 2745 3632 ab
2767 3577 3006 3632 Eusebio
3026 3616 3039 3637 ,
3091 3584 3151 3630 ut
3171 3574 3526 3627 caiunmiato-

1966 3674 2119 3727 ribus
2150 3671 2403 3735 obsistat,
2439 3670 2726 3725 calumnia:
2753 3668 3051 3722 vanitatem
3078 3666 3350 3730 ostendat,
3382 3672 3537 3734 opta-

1967 3775 2076 3819 tam
2099 3762 2467 3818 Ecclesiarum
2490 3776 2680 3831 pacem
2700 3776 2731 3814 a
2754 3761 2865 3814 Deo
2887 3758 3163 3828 elliagitet,
3190 3774 3347 3811 suum
3371 3756 3438 3810 de
3457 3756 3541 3809 in—

1969 3857 2164 3911 eundis
2208 3870 2309 3925 pro
2349 3854 2454 3909 fide
2495 3852 2887 3907 certaminibus
2914 3850 3254 3921 propositum
3286 3847 3542 3918 precibus

1969 3946 2275 4000 confirmet.

2042 4040 2057 4058 '
2085 4036 2199 4090 ΧΠ.
2231 4036 2310 4090 Ex
2333 4034 2419 4089 his
2448 4034 2832 4105 intelliguntur
2856 4034 3028 4088 multa
3051 4034 3232 4102 magni
3257 4030 3539 4093 momenti,

1973 4131 2066 4185 sed
2096 4130 2212 4185 haec
2238 4129 2461 4199 majoris
2487 4128 2598 4181 duo
2631 4145 2642 4179 :
2678 4127 2932 4191 alterum,
2975 4121 3545 4195 imperatorisjussio-

1974 4238 2096 4275 nem
2127 4222 2194 4275 de
2225 4236 2333 4275 non
2355 4218 2702 4289 egrediendis
2727 4217 2929 4272 finibus
2949 4216 3075 4287 Cyri
3096 4215 3298 4270 editam
3317 4231 3436 4270 esse
3451 4229 3548 4267 an-

1976 4330 2047 4367 no
2071 4313 2204 4377 .145;
2261 4312 2516 4375 alterum,
2574 4309 2818 4378 dialogos
2862 4307 3096 4377 scriptos
3124 4322 3244 4360 esse
3295 4315 3419 4360 ante
3445 4320 3545 4358 an—

1978 4424 2107 4462 num
2131 4408 2235 4460 “5
2252 4407 2316 4457 ‘9.

1980 4540 2141 4610 330
2174 4537 2409 4608 Epistola
2434 4536 2519 4599 85,
2551 4535 2870 4610 apologelica
2902 4535 2970 4586 ad
2996 4535 3300 4589 Dioscorum
3322 4529 3555 4585 Alexan—

2531 4606 2660 4661 driw
2691 4608 3007 4676 episcopum.

2053 4743 2093 4795 l.
2123 4743 2264 4804 llaec,
2293 4741 2497 4810 pariter
2522 4758 2583 4795 ac
2605 4739 2940 4810 praecedens.
2965 4737 3144 4806 magni
3168 4736 3430 4790 momenti
3446 4742 3549 4797 est,

1986 4835 2244 4903 quoniam
2278 4832 2568 4886 historicas
2596 4831 2782 4900 plures
2809 4836 2965 4881 notas
2994 4826 3180 4880 habet.

2060 4926 2120 4978 ll.
2160 4925 2293 4990 Quis
2323 4925 2619 4978 Dioscorus
2640 4920 2826 4981 fuerit,
2858 4934 3019 4972 nemo
3045 4918 3218 4972 nescit
3243 4935 3255 4969 :
3279 4932 3387 4985 quo
3411 4932 3555 4969 anno

1994 5015 2373 5066 'l'twnioretus
2401 5011 2467 5065 ad
2496 5012 2671 5079 ipsum
2703 4995 3004 5077 scripﬁcrit,
3040 5005 3166 5059 inde
3190 5003 3400 5073 liquido
3429 5018 3558 5054 con—

1993 5115 2118 5158 stat.
2147 5125 2161 5155 ι
2191 5106 2315 5165 Sex,
2346 5102 2545 5172 inquit,
2571 5099 2846 5154 continuis
2868 5099 3026 5152 annis
3057 5098 3217 5151 docui
3253 5096 3355 5149 sub
3385 5096 3558 5149 beata)

1994 5207 2301 5264 sanctasque
2335 5193 2609 5247 memoria:
2642 5191 2925 5245 Theodoto
2960 5189 3408 5243 Antiochensium
3441 5187 3557 5254 cpi-

1993 5304 2185 5356 scupo;
2224 5285 2486 5340 tredecim
2518 5300 2708 5338 rursus
2735 5283 2855 5337 aliis
2892 5281 2992 5337 sui)
3022 5282 3180 5335 bcato
3208 5281 3440 5342 Joanne;
3494 5276 3558 5329 ad

1663 5442 1976 5498 SCllULle
2018 5441 2106 5493 ΝΟ
2127 5440 2245 5494 LE.

415 5662 451 5691 "
472 5662 573 5718 Non
603 5670 824 5719 exstant
870 5660 969 5712 ista
998 5661 1049 5713 in
1090 5659 1294 5728 praefat.
1331 5658 1394 5711 ad
1419 5657 1724 5728 Ernnistcn.

1830 5654 1871 5683 ⁶⁶
1902 5651 2145 5706 Calumn.
2186 5653 2253 5703 Dc
2284 5652 2382 5703 hac
2407 5650 2567 5702 etiam
2598 5646 2844 5720 queritur
2872 5644 2922 5694 in
2952 5643 3108 5720 epist.
3143 5636 3566 5720 ollimmrum.

363 5706 979 5805 Yid-‘é66r5;‘i'3'ii7'.”'%%
993 5706 1519 5805 ςῤιςδάζῑίξερῐιέιῑίέῑ
1532 5706 1655 5777 mg

1996 5724 2108 5773 Πῗ),
2188 5723 2229 5749 ⁶⁸
2260 5720 2367 5771 καί.
2400 5720 2589 5771 ΛΜΗ-ιιι
2618 5706 2705 5769 ἰὼ
2746 5714 2875 5765 odit.
2907 5706 3095 5778 priori.
3177 5709 3218 5731 “'
3253 5706 3355 5756 llos
3388 5712 3582 5753 θυμω.

367 5798 502 5857 libros
528 5789 792 5862 tion'a'ntc
828 5789 1081 5855 ann.4iti
1111 5800 1340 5868 scriptos
1383 5813 1523 5861 esse,
1574 5789 1835 5846 minuitur
1884 5789 2040 5849 infra.
2093 5808 2139 5841 Γ.
2175 5791 2224 5849 6,
2270 5789 2294 5857 ξ
2336 5789 2421 5842 2-2.
