3926 6216
421 310 490 371 79
1516 318 1893 379 GARNERII
1934 320 2428 387 DISSERTATIO
2466 327 2549 386 ΙΙ.

3551 332 3649 396 280

385 420 502 473 haec
528 419 796 488 septimus
816 421 906 474 hic
923 438 1100 476 annus
1125 433 1208 477 est
1237 423 1349 478 Deo
1371 425 1680 481 charissimi
1701 429 1975 499 archiepi-
2004 436 2046 491 Α
2080 433 2166 486 sui
2207 436 2418 491 erroris
2460 435 2713 506 protulit,
2770 436 3044 506 simulque
3093 451 3152 491 se
3193 437 3516 493 calumniam
3541 438 3643 511 pati

381 509 531 580 sc0pi
553 509 759 565 domini
785 510 1032 581 Domni.»
1069 513 1205 567 Nam
1236 529 1361 569 cum
1390 515 1683 574 defunctus
1702 521 1774 574 sit
1796 520 1974 576 Theo-

383 600 546 654 dotus
562 616 707 657 anno
721 601 845 668 427,
863 611 923 657 ut
942 603 1105 658 tradit
1121 604 1500 663 Theodoretus
1518 608 1575 662 in
1593 609 1829 666 Historia
1845 653 1859 677 ,
1882 630 1977 669 ne-

382 707 536 747 cesse
558 702 644 748 est
670 693 937 749 Joannem
966 695 1270 751 decessisse
1296 698 1408 752 vita
1442 700 1592 756 circa
1615 702 1721 757 ΗΟ
1739 720 1970 767 annum.

385 789 480 835 aut
520 782 678 837 initio
727 785 1043 855 sequentis,
1101 802 1227 841 cum
1278 789 1544 845 tredecim
1566 808 1737 849 annos
1785 796 1973 852 sedem

386 872 657 939 tenuerit;
700 881 864 943 atque
885 875 959 929 ita
981 885 1197 945 oportet
1218 894 1422 935 annum
1445 884 1737 952 septimum
1753 886 1971 955 Domni,

385 957 481 1027 qui
509 958 708 1015 Joanni
733 964 1023 1028 successit,
1048 965 1296 1022 incidere
1317 967 1375 1022 in
1394 986 1599 1027 annum
1616 973 1823 1031 Christi
1846 978 1969 1045 447,

382 1065 497 1119 quo
544 1060 792 1123 tempore
822 1054 1004 1110 datam
1042 1058 1334 1127 epistolam
1378 1064 1661 1121 fatendum
1685 1071 1849 1125 est".
1892 1072 1973 1127 Ex

387 1141 492 1197 hac
544 1143 787 1200 evidenti
836 1147 1312 1208 demonstratione
1354 1166 1590 1221 constat,
1626 1159 1970 1219 Albertinum

388 1235 626 1304 turpiter
652 1236 894 1307 lapsum,
930 1240 1181 1312 aliosque
1214 1242 1268 1296 in
1296 1260 1543 1300 errorem
1572 1252 1822 1317 traxisse,
1846 1270 1971 1309 cum

382 1324 626 1397 dialogos
656 1344 688 1383 a
718 1329 1067 1387 Theodoreto
1087 1334 1403 1391 elaboratus
1430 1339 1624 1395 scribit
1644 1354 1767 1412 post
1786 1349 1971 1403 conci-

383 1414 517 1469 lium
538 1415 1005 1489 Chalcedonense,
1039 1439 1184 1479 anno
1203 1426 1300 1481 451
1324 1444 1338 1494 ;
1376 1443 1571 1483 eorum
1592 1433 1740 1488 enim
1767 1435 1826 1490 ﬁt
1852 1453 1967 1494 mc-

383 1507 559 1562 moria
591 1510 647 1564 in
676 1511 781 1567 hac
808 1514 1062 1583 epistola.

455 1596 547 1651 ΙΙΙ.
604 1598 712 1654 Sed
741 1602 855 1673 jam
887 1604 1102 1677 singula
1129 1608 1305 1679 ipsius
1351 1613 1420 1667 ad
1449 1630 1679 1672 examen
1699 1622 1963 1677 vocanda.

385 1688 632 1745 Primum
681 1696 1000 1752 consolatur
1037 1715 1098 1755 se
1140 1701 1525 1763 Theodoretus
1560 1713 1815 1781 exemplo
1849 1721 1965 1769 tum

383 1777 631 1850 Josephi,
669 1785 765 1853 qui
799 1787 931 1842 olim
959 1789 1016 1844 in
1035 1789 1270 1864 rEgypto
1293 1805 1521 1867 propter
1539 1777 1761 1871 nuptias
1780 1812 1966 1861 sancte
1999 1782 2041 1837 Β

384 1875 561 1931 cultas
584 1877 807 1950 indigna
825 1897 1023 1951 passus
1047 1886 1139 1952 sit,
1163 1903 1231 1943 ac
1246 1904 1470 1946 carcere
1490 1894 1814 1963 conclusus;
1850 1905 1966 1953 tum

382 1966 643 2037 Davidis,
698 1973 793 2042 qui
844 1976 995 2032 velut
1028 1978 1305 2049 impotens
1338 1991 1606 2054 tyrannus
1655 1989 1864 2060 eiectus
1894 1992 1968 2047 sit

383 2060 440 2115 in
463 2062 750 2132 exsilium;
783 2074 896 2122 tum
916 2071 1085 2127 etiam
1106 2071 1338 2141 Christi,
1370 2078 1465 2146 qui
1491 2079 1751 2137 seductor
1768 2084 1960 2139 audiit.

379 2153 676 2211 Alludehat
706 2159 917 2216 scilicet
951 2161 1020 2217 ad
1054 2180 1249 2220 causas
1275 2175 1407 2233 tres,
1446 2179 1676 2240 propter
1698 2189 1834 2243 quas
1867 2192 1963 2231 ve-

349 2242 353 2245 ’
380 2245 615 2302 xabatur
647 2266 660 2303 :
692 2253 838 2321 quod
868 2254 1180 2313 ordinasset
1204 2259 1474 2315 [remeam
1494 2242 1791 2334 digamum,
1815 2269 1963 2338 quod

380 2337 439 2392 in
474 2341 697 2411 synodis
748 2344 1160 2416 dominaretur,
1213 2360 1271 2407 et
1300 2354 1451 2423 quod
1479 2337 1848 2416 concionibusﬁ
1867 2379 1964 2433 po-

380 2431 542 2501 pulos
572 2433 837 2491 seducere
868 2437 1170 2496 diceretur.
1769 2442 1775 2448 ’

454 2522 545 2577 IV.
596 2524 803 2581 Deinde
830 2530 1170 2599 queritur“,
1208 2550 1267 2590 se
1302 2538 1612 2596 inauditum
1640 2558 1671 2597 a
1699 2544 1962 2600 Dioscoro

380 2614 724 2681 damnatum,
743 2634 868 2674 cum
888 2619 943 2675 id
961 2622 1181 2679 crimini
1198 2626 1446 2696 daretur,
1464 2634 1610 2701 quod
1629 2650 1728 2703 pro
1744 2637 1962 2692 concio-

378 2718 451 2758 ne
466 2704 773 2763 Antiochim
798 2708 1081 2767 Christum
1109 2715 1165 2769 in
1189 2715 1327 2771 duos
1350 2718 1494 2775 ﬁlios
1513 2722 1811 2779 divisisset.
1836 2725 1961 2782 Haec

378 2793 473 2849 illa
499 2796 695 2852 concio
718 2807 831 2863 est,
885 2817 994 2872 qua
1042 2804 1099 2860 in
1127 2818 1378 2864 sanctum
1405 2810 1667 2882 Cyrillum
1692 2815 1806 2870 vita
1829 2815 1957 2872 fun-

377 2895 530 2941 ctum
554 2889 754 2946 acerbe
774 2892 932 2959 dixit,
964 2896 1068 2952 sub
1090 2897 1257 2955 ﬁnem
1277 2902 1407 2957 anni
1428 2903 1554 2958 444.
1583 2904 1725 2962 Hinc
1739 2908 1962 2965 concio-

373 2980 464 3036 nis
495 2982 787 3055 γνησιότης
812 2986 1101 3056 probatur.

453 3072 517 3128 V.
570 3072 767 3130 Postea
813 3076 882 3133 de
922 3084 1339 3142 accusatoribus
1371 3087 1450 3144 ait
1495 3106 1508 3142 :
1555 3109 1574 3142 ‹
1601 3091 1685 3146 llli
1727 3093 2023 3177 quidemc

369 3171 486 3218 tres
509 3171 667 3230 sunt,
721 3173 817 3220 aut
846 3176 1082 3237 quatuor
1104 3210 1119 3236 ,
1156 3180 1250 3227 aut
1278 3175 1592 3244 quindecim
1619 3195 1634 3245 ;
1696 3194 1798 3250 ego
1820 3195 1960 3236 vero

371 3256 573 3311 multas
617 3256 905 3314 hominum
952 3263 1223 3332 myriades
1275 3275 1439 3324 rectae
1475 3269 1741 3327 doctrinae
1786 3280 1954 3330 testes

369 3345 629 3402 habeo".
654 3367 673 3399 ο
713 3348 900 3416 Addit,
934 3367 1044 3422 quo
1062 3353 1278 3423 plausu,
1313 3374 1530 3430 quaque
1559 3364 1953 3434 approbatione

369 3454 683 3496 sermonem
706 3441 775 3496 ad
797 3444 1063 3513 populum
1088 3445 1393 3506 Antiochiae
1422 3451 1600 3508 facere
1621 3455 1843 3513 soleret.

440 3533 532 3589 Vl.
583 3533 724 3589 Tum
769 3534 933 3589 ﬁdem
971 3553 1130 3592 suam
1177 3538 1246 3595 de
1286 3557 1398 3597 uno
1433 3543 1606 3610 Filio,
1644 3555 1702 3602 et
1728 3548 1952 3619 Virgine

368 3624 604 3696 Deipara
634 3627 880 3696 exponit,
920 3630 1380 3701 testimoniisque,
1407 3636 1604 3702 partim
1629 3636 1949 3707 Scripturae,

367 3716 567 3787 partim
585 3717 809 3773 Patrum
829 3723 1117 3775 conﬁrmat
1136 3724 1418 3778 :rneminit
1437 3741 1568 3781 vero
1592 3728 1737 3784 inter
1761 3731 1954 3786 Patres

365 3808 687 3865 aﬂ‘erendos
727 3809 1024 3866 Alexandri
1050 3821 1107 3868 et
1126 3812 1409 3872 Athanasii
1454 3818 1949 3878 Alexandrinorum
1984 3868 1989 3872 .

368 3901 686 3969 praesulum,
726 3904 978 3972 quamvis
1001 3905 1163 3962 ambo
1191 3906 1509 3966 defensores
1529 3911 1641 3967 sint
1675 3913 1838 3970 unius
1860 3915 1947 3970 in-

368 4000 607 4047 carnata
631 3993 795 4047 Verbi
821 4004 1032 4051 naturae
1078 4015 1091 4051 :
1132 4000 1383 4069 meminit
1404 4017 1625 4072 quoque
1660 4005 1949 4078 TheOphili

366 4091 425 4137 et
450 4082 664 4155 Cyrilli,
695 4100 809 4154 pra;
827 4086 997 4141 animi
1018 4089 1370 4157 conﬁdentia,
1399 4096 1555 4164 quasi
1578 4096 1705 4152 inde
1726 4113 1947 4155 causam

368 4174 722 4243 potissimum
756 4191 911 4231 suam
951 4178 1257 4251 adjuvaret,
1305 4184 1450 4239 unde
1477 4185 1793 4244 labefactari
1821 4206 1945 4247 cre-

369 4264 623 4321 debatur.

434 4354 592 4426 33],
631 4357 745 4414 νη.
769 4359 1020 4416 Ostentat
1047 4378 1267 4433 quoque
1295 4380 1456 4421 suum
1481 4382 1606 4421 cum
1626 4368 1830 4441 Cyrillo
1852 4372 1945 4426 lit-

2077 533 2305 592 questus
2326 534 2431 592 est,
2468 529 2627 597 quasi
2656 529 2997 583 contrarium
3020 530 3272 585 sentiret.

2151 617 2241 671 IX.
2279 617 2385 685 Qui
2424 621 2591 690 paulo
2625 622 2894 676 attentius
2943 630 3195 676 versatus
3221 621 3384 676 fuerit
3414 623 3467 677 in
3490 625 3642 682 rebus

2075 717 2130 762 et
2157 709 2313 766 libris
2337 712 2692 779 Theodoreti,
2719 714 2914 784 ipsius,
2933 714 3152 783 opinor,
3174 713 3508 770 desiderabit
3527 733 3642 786 pru-

2075 802 2349 870 dentiam;
2393 805 2598 875 quippe
2651 807 2746 876 qui
2791 805 2862 860 ad
2903 805 3227 860 Dioscorum
3259 806 3503 863 scribens
3524 809 3642 864 Ale-

2074 895 2407 951 xandrinum
2429 897 2775 967 episcopum,
2825 897 3130 969 Cyrillique
3155 901 3502 967 praecessoris
3531 909 3641 956 stu-
3694 935 3703 963 ς

2073 985 2292 1041 diosum
2323 1000 2385 1043 ut
2412 990 2506 1059 qui
2537 989 2796 1055 maxime,
2844 990 3024 1045 libros
3045 989 3252 1055 laudet,
3282 991 3517 1060 velitque
3540 1009 3643 1049 sua:
3693 986 3703 1059 ί

2073 1078 2128 1133 iu
2167 1080 2570 1136 Alexandrinos
2599 1081 2965 1137 observantia:
2993 1091 3181 1146 testes,
3229 1082 3284 1137 in
3311 1083 3511 1152 quibus
3538 1101 3640 1141 non
3692 1141 3694 1143 ,

2072 1175 2248 1230 solum
2274 1176 2564 1231 Eranisten
2611 1192 2722 1231 non
2746 1178 2982 1231 obscure
3010 1177 3176 1231 faciat
3198 1176 3637 1244 Alexandrinum,

2071 1266 2166 1321 sed
2196 1267 2361 1321 etiam
2398 1267 2506 1321 licti
2537 1267 2781 1323 nominis
2804 1267 2951 1322 illius
2998 1269 3147 1322 larva
3173 1267 3261 1321 vel
3282 1267 3536 1338 Cyrillum
3559 1269 3637 1324 in-

2070 1359 2223 1424 duat,
2276 1359 2505 1430 perinde
2546 1376 2612 1415 ac
2664 1362 2709 1416 si
2751 1378 2861 1415 una
2911 1361 3214 1431 eademque
3247 1360 3434 1432 Cyrilli
3463 1363 3638 1433 opinio

2070 1452 2304 1507 diversis
2351 1452 2695 1522 temporibus
2747 1452 3021 1508 diversam
3070 1453 3303 1507 formam
3349 1453 3580 1509 induerit
3621 1474 3638 1509 .-

2069 1544 2230 1598 aliam
2256 1559 2455 1616 nempe
2479 1586 2493 1611 ,
2548 1554 2842 1615 antequam
2871 1546 3315 1601 anatheinatismi
3350 1548 3636 1617 reprehen-

2068 1634 2367 1702 derentur;
2407 1636 2590 1701 aliam,
2624 1651 2749 1691 cum
2779 1638 3090 1692 sanciretur
3120 1653 3225 1707 pax
3251 1638 3631 1704 Ecclesiarum;

2068 1726 2228 1781 aliam
2284 1727 2622 1784 reviviscens
2655 1730 2711 1783 in
2737 1730 3042 1785 monachis.
3089 1739 3203 1784 tum
3225 1729 3494 1798 Armenis,
3527 1741 3635 1787 tum

2066 1821 2708 1893 Constantinopolitanis.

2208 1933 2452 2005 Epistola
2474 1934 2563 2002 84,
2596 1936 2860 2007 encyclica
2898 1938 2970 1991 ad
2994 1940 3262 2011 episcopos
3290 1940 3500 1996 Ciliciw.

2136 2048 2179 2102 Ι.
2213 2046 2421 2102 Eodem
2452 2056 2722 2119 tempore,
2758 2065 2869 2119 quo
2889 2051 3232 2121 praecedens,
3259 2061 3315 2107 et
3337 2053 3525 2109 eodem
3547 2072 3630 2109 ar-

2064 2149 2328 2211 gumento
2375 2140 2580 2211 scripta
2619 2151 2705 2197 est
2752 2160 2765 2195 :
2808 2143 3061 2213 pluribus
3085 2145 3235 2199 enim
3266 2146 3632 2201 Theodoretus

2064 2232 2261 2301 probat
2291 2230 2560 2287 unitatem
2587 2232 2732 2297 Filii,
2770 2245 3067 2305 monetque
3098 2238 3437 2293 coercendos
3463 2239 3629 2308 pennis

2063 2322 2452 2378 ecclesiasticis
2476 2338 2593 2389 eos,
2644 2323 2738 2394 qui
2772 2324 3052 2380 Christum
3085 2327 3137 2381 in
3167 2328 3307 2383 duos
3330 2328 3471 2382 ﬁlios
3497 2330 3628 2384 divi-

2063 2413 2288 2480 derent;
2335 2414 2538 2486 quippe
2573 2430 2697 2470 cum
2726 2415 2855 2471 inde
2886 2427 3007 2472 orla
3038 2418 3321 2474 diceretur
3366 2436 3523 2475 causa
3543 2436 3628 2476 ca-

2061 2505 2286 2561 lumniae
2311 2504 2367 2560 in
2387 2505 2698 2562 Orientales
2713 2507 2951 2579 jactatm,
2975 2510 3121 2579 quod
3143 2511 3198 2564 in
3219 2510 3414 2565 Cilicia
3435 2512 3631 2566 ferren-

2065 2605 2154 2651 tur
2179 2610 2321 2661 esse,
2353 2595 2447 2667 qui
2477 2596 2626 2653 hunc
2648 2613 2894 2653 errorem
2918 2609 3190 2655 errarent.

2132 2690 2147 2707 '
2168 2686 2234 2741 Il.
2255 2686 2602 2761 Encyclicam
2623 2688 2895 2758 inscripsi,
2915 2690 3209 2760 siquidem,
3231 2701 3292 2746 ut
3309 2709 3373 2746 ex
3390 2691 3625 2762 sequenti

2059 2775 2290 2846 epistola
2321 2784 2556 2843 constat,
2590 2777 2755 2832 missa
2781 2777 2852 2833 sit
2881 2778 2950 2832 ad
2978 2780 3268 2851 utriusque
3291 2781 3493 2835 Cilicia:
3516 2780 3625 2850 epi-

2058 2883 2276 2938 scopos,
2329 2867 2382 2923 id
2426 2876 2528 2934 est,
2576 2869 2645 2923 ad
2691 2869 2981 2939 utriusque
3008 2873 3309 2941 provinciae
3357 2873 3622 2943 primates,
3720 2864 3723 2865 ⁷

2059 2959 2384 3014 Tarsensem
2419 2960 2629 3030 primae,
2663 2961 3109 3018 Anazarbensem
3140 2965 3419 3029 secundae,
3449 2964 3541 3035 qui
3562 2962 3625 3035 de

2058 3066 2211 3105 more
2258 3051 2329 3106 ad
2374 3052 2668 3108 inferiores
2695 3056 2940 3125 reliquos
2984 3056 3448 3110 transmitterem.
3480 3054 3625 3109 Unde

2057 3143 2276 3212 opinor,
2306 3142 2716 3199 Theodoretqu
2749 3162 2861 3200 non
2883 3162 3006 3209 suo,
3040 3146 3135 3201 sed
3168 3148 3257 3201 vel
3282 3146 3626 3202 Antiocheam

2055 3235 2143 3289 vel
2171 3235 2550 3304 Euphratesia:
2577 3237 2767 3308 synodi
2794 3240 3017 3294 nomine
3044 3238 3355 3308 scripsisse.

2126 3326 2216 3381 Ill.
2256 3327 2331 3381 Ea
2358 3335 2686 3398 tempestate
2720 3329 3047 3385 Theodorus
3071 3330 3248 3395 Tarsi,
3290 3330 3463 3402 Cyrus
3488 3327 3616 3382 Aua-

1964 3435 1971 3443 '
2055 3417 2204 3473 zarbi
2239 3418 2427 3473 sedem
2456 3419 2676 3474 tenebat
2699 3459 2715 3484 ,
2773 3429 2836 3476 ut
2869 3421 3150 3493 colligitur
3178 3438 3249 3477 ex
3278 3419 3623 3493 sequentibus

2059 3511 2285 3583 synodis
2308 3511 2484 3566 tribus
2515 3527 2641 3566 mox
2663 3511 2885 3568 habitis.

2126 3601 2215 3655 1V.
2250 3602 2423 3656 Porro
2451 3611 2632 3657 autem
2667 3603 2723 3657 in
2749 3603 2855 3659 hac
2878 3603 3136 3674 pericope
3168 3622 3181 3658 :
3221 3624 3238 3656 ε
3259 3604 3401 3660 Sunt
3425 3612 3623 3667 autem.

2052 3693 2146 3763 qui
2170 3695 2374 3761 dicant,
2404 3696 2694 3751 calumniae
2716 3712 2937 3751 causam
2964 3712 3062 3751 eos
3083 3696 3334 3767 arripere
3356 3713 3423 3752 ex
3442 3695 3622 3767 paucis

2050 3784 2418 3852 quibusdam,
2476 3782 2571 3853 qui
2623 3786 2767 3854 apud
2820 3801 2921 3840 nos
2974 3785 3048 3840 ita
3093 3787 3375 3853 sentiunt;
3406 3805 3424 3839 ι
3476 3800 3620 3839 com-

2050 3873 2311 3927 mutanda
2339 3873 2556 3927 videtur
2584 3890 2688 3929 vox
2717 3875 2907 3944 prima:
2941 3890 3213 3944 personae,
3237 3875 3295 3930 in
3315 3890 3505 3931 vocem
3543 3888 3621 3928 se-

2050 3965 2263 4031 cundm,
2302 3966 2764 4036 scribendumque
2794 3967 2850 4021 in
2872 3975 3023 4022 textu
3045 3966 3235 4023 Gricco
3248 3969 3296 4000 ⁷³
3328 3972 3457 4040 παρ’
3478 3968 3619 4037 ὑμῖν,

2049 4071 2159 4110 non
2186 4055 2315 4127 παρ’
2346 4057 2505 4126 ἡμῖν,
2542 4058 2596 4111 in
2629 4058 2827 4113 Latino
2852 4059 2994 4131 apud
3021 4076 3131 4123 vos,
3184 4075 3298 4114 non
3325 4059 3469 4131 apud
3492 4075 3578 4112 nos
3599 4072 3618 4110 :

2049 4156 2200 4202 totus
2223 4147 2369 4201 enim
2396 4156 2688 4204 contextus
2718 4150 2859 4206 hanc
2881 4151 3323 4206 emendationem
3346 4153 3529 4223 exigit.

2047 4259 2206 4331 332
2224 4259 2465 4331 Epistola
2483 4260 2571 4326 85,
2599 4262 2922 4333 apologetica
2945 4264 3014 4317 ad
3028 4262 3290 4318 Basiliam
3306 4266 3613 4335 episcopum.

2118 4374 2158 4428 l.
2193 4373 2543 4430 Manifestum
2575 4376 2745 4431 habet
2792 4358 3056 4447 temporis
3083 4377 3347 4433 indicium
3381 4396 3395 4431 :
3424 4377 3615 4446 scripta

364 4454 611 4501 terarum
638 4453 1032 4507 commercium
1059 4495 1072 4518 ,
1132 4463 1191 4509 ut
1220 4456 1382 4511 tacite
1406 4456 1644 4515 dilueret
1674 4461 1945 4533 obiectam
1974 4455 2019 4513 D
2045 4468 2190 4522 enim
2236 4477 2321 4522 est
2345 4469 2524 4538 primo
2564 4476 2688 4537 post
2727 4468 2884 4523 datas
2924 4484 2954 4523 a
2996 4468 3347 4525 Theodoreto
3374 4468 3441 4523 ad
3466 4467 3613 4521 Dios-

363 4539 528 4592 animi
554 4539 606 4594 in
629 4539 893 4613 Cyrillum
914 4544 1310 4615 impotentiam.
1333 4548 1535 4605 Verum
1555 4551 1680 4608 silet
1705 4569 1945 4624 conque-

363 4638 507 4683 stum
534 4647 655 4687 esse
696 4634 893 4689 Joanni
922 4635 1267 4693 Antiocheno
1306 4638 1565 4710 Cyrillum
1592 4683 1606 4709 ,
1658 4645 1805 4713 quod
1829 4646 1942 4703 suis

365 4720 562 4777 litteris
590 4724 933 4781 abuteretur.

436 4810 572 4865 Vlll.
629 4814 875 4885 Denique
924 4819 1384 4877 anathematismo
1419 4822 1580 4877 ﬁdem
1612 4839 1767 4878 suam
1803 4841 1939 4881 con-

362 4898 536 4951 cludit
580 4918 592 4952 :
648 4920 664 4951 α
691 4901 745 4956 Si
772 4905 899 4974 quis
924 4917 1167 4983 sanctam
1194 4910 1469 4981 Virginem
1506 4913 1791 4991 Deiparam
1825 4933 1934 4972 non

362 4988 516 5053 dicit,
542 5000 638 5045 aut
660 5008 859 5061 purum
881 4995 1159 5052 hominem
1182 5012 1340 5056 vocat
1372 4988 1667 5058 Dominum
1685 5016 1934 5061 nostrum

365 5081 545 5136 Iesum
590 5081 904 5150 Christum,
955 5088 1042 5141 vel
1092 5093 1148 5143 in
1190 5092 1329 5148 duos
1356 5094 1499 5151 ﬁlios
1536 5096 1734 5153 dividit
1764 5114 1933 5154 unum

362 5171 713 5243 Unigenitum
750 5190 815 5230 ac
831 5176 1257 5248 primogenitum
1273 5184 1452 5240 omnis
1469 5195 1765 5243 creaturas:
1791 5205 1822 5244 a
1838 5205 1934 5259 spe

364 5262 416 5317 in
441 5263 719 5321 Christum
747 5266 1001 5334 excidat,
1036 5277 1093 5324 et
1119 5269 1264 5326 dicet
1288 5276 1469 5330 omnis
1493 5280 1727 5348 populus
1753 5299 1766 5334 :
1790 5282 1930 5347 Fiat,

362 5354 470 5409 liat.
486 5374 502 5407 ι
543 5357 741 5414 Verum
764 5358 956 5414 eadem
982 5361 1149 5417 verba
1173 5362 1458 5421 Nestorius
1479 5367 1595 5423 sine
1611 5372 1931 5442 praeiudicio

2043 4575 2232 4614 eorum
2286 4561 2653 4632 apologeticas
2682 4561 2926 4627 litteras;
2959 4562 3222 4627 secundo,
3252 4572 3377 4633 post
3395 4563 3612 4616 missum

2041 4664 2072 4703 a
2097 4649 2358 4705 Dioscoro
2385 4650 2902 4722 Constantinopolin
2929 4652 3245 4722 episcopum
3266 4695 3280 4719 ,
3317 4654 3412 4723 qui
3439 4652 3610 4707 Theo-

2040 4741 2289 4794 doretum
2321 4741 2567 4810 aliosque
2595 4741 2903 4797 Orientales
2936 4743 3081 4812 apud
3113 4745 3500 4813 imperatorem
3529 4757 3613 4797 ac-

2040 4842 2289 4899 cusaret;
2345 4833 2544 4899 tertio,
2597 4833 2760 4888 simul
2809 4850 2932 4889 cum
2968 4836 3199 4905 epistola
3222 4841 3608 4906 consequente,

2044 4925 2300 4981 Flaviano
2347 4926 2641 4996 inscripta;
2703 4935 2760 4982 et
2809 4938 2932 4998 post
2969 4930 3302 5001 encyclicam
3331 4929 3609 5001 epistolam

2041 5017 2107 5071 ad
2138 5018 2423 5088 utriusque
2450 5018 2657 5073 Ciliciae
2682 5020 2967 5088 primates.

2114 5110 2177 5164 ll.
2231 5110 2356 5165 [iam
2393 5111 2500 5164 tria
2556 5118 2684 5166 sunt
2707 5110 2836 5165 anni
2864 5112 2970 5165 448
3022 5111 3340 5182 incipientis
3363 5111 3604 5167 indicia:

2042 5214 2166 5253 nam
2203 5200 2494 5255 Flavianus
2517 5201 2783 5256 successit
2808 5202 3002 5256 Proclo
3032 5203 3135 5257 sub
3157 5202 3322 5257 ﬁnem
3343 5204 3469 5256 anni
3487 5201 3603 5255 447.

2042 5290 2423 5347 Theodoretus
2451 5293 2820 5363 apologeticas
2846 5293 3067 5362 scripsit
3090 5293 3157 5348 ad
3181 5294 3501 5348 Dioscorum
3523 5291 3607 5346 ΐίιρ

2039 5384 2185 5430 teras
2207 5393 2349 5433 anno
2374 5380 2476 5433 447
2496 5382 2607 5449 jam
2634 5380 2853 5446 aﬁ‘ccto,
2881 5389 2936 5436 et
2960 5398 3026 5437 eo
3052 5389 3295 5452 tempore
3317 5383 3605 5438 Dioscorus

1722 5546 2040 5606 SCHULZH
2077 5553 2306 5610 ὒΟΤΛΕ.

429 5660 593 5751 fit“!
610 5679 817 5751 amur!
843 5668 1043 5751 (iuvisti
1070 5672 1197 5751 448,
1226 5672 1459 5751 rerum;
1489 5677 1647 5751 infra,
1672 5695 1721 5733 (ε.
1747 5681 1798 5745 6,
1824 5683 1849 5751 §
1882 5683 1924 5735 ι.

2003 5687 2043 5717 ⁷¹
2076 5688 2396 5764 Vid._s_up_ra,
2430 5708 2482 5764 p.
2518 5692 2616 5746 175
2640 5702 2694 5748 et
2733 5694 2854 5748 5:29.
2935 5696 2976 5725 ⁷³
3001 5696 3153 5750 llom.
3191 5695 3508 5764 ἀνθρώπιον,
3541 5703 3600 5745 ut

1188 5728 1195 5735 ,
1418 5728 1445 5729 η
1489 5728 1647 5741 ν-----,
1677 5728 1699 5733 --
1752 5728 1798 5745 ν,
1882 5728 1924 5735 --
2089 5728 2273 5742 ..υ-..πυ
2302 5728 2374 5744 ,ια
2471 5733 2482 5744 .
2522 5728 2616 5746 tau
2677 5728 2694 5745 ι
2733 5728 2766 5746 οι
2844 5735 2854 5747 .
3144 5739 3153 5748 .
3191 5728 3197 5732 ·
3232 5728 3285 5746 νυ
3329 5728 3508 5752 unt-wh
3546 5728 3595 5745 υ*

359 5728 833 5801 leguntnonnulli.
860 5738 1083 5795 Praestat
1114 5751 1293 5799 autem
1323 5745 1486 5801 lectio
1522 5728 2168 5819 dxpoatdwfauditorum.
2206 5760 2247 5789 ⁷³
2280 5728 2397 5813 ίτὶάῖ
2430 5728 2588 5816 istam
2627 5728 2912 5819 lcetiJr‘i’em
2946 5728 3133 5827 supra]:
3161 5728 3325 5833 ιῗινῗ
3357 5781 3411 5836 p.
3450 5764 3595 5818 “5:3.
