3926 6216
119 388 191 453 281
319 444 325 447 .
1244 391 1340 449 DE
1380 389 1636 449 LIBRIS

1760 389 2126 449 [EODORET
2133 389 2180 448 Ι.

3224 386 3331 448 282

115 505 196 573 jam
233 500 449 555 miserat
493 499 549 554 in
592 497 786 554 urbem
844 499 1048 570 regiam
1106 507 1480 553 accusatorem
1528 497 1648 568 epi—
1678 504 1723 561 Α
1752 498 1942 567 bytero
1972 498 2238 561 habitam,
2270 495 2703 567 expositamque,
2736 506 2798 552 ut
2833 499 3051 569 Opinor,
3093 499 3334 555 Athana—

116 607 521 747 gc‘ifrllliasilius,
558 681 649 738 cui
679 680 912 752 epistola
940 679 1289 746 inscribitur,
1319 679 1456 750 quin
1482 680 1651 734 fuerit

118 775 334 830 Seleucire
355 776 670 845 episcopus,
704 789 769 828 ac
798 772 1020 829 Isauriae
1043 772 1269 842 primas,
1313 772 1504 826 nullus
1528 770 1647 826 fere

118 868 268 923 dubito
292 886 305 920 :
326 884 450 921 nam
469 876 527 922 et
543 868 731 937 prima:
749 865 958 921 Cilicia:
974 865 1194 920 vicinus
1211 873 1352 928 erat,
1369 872 1426 918 et
1442 879 1652 933 magna:

119 969 218 1012 tunc
250 960 609 1023 auctoritatis,
647 958 817 1013 etiam
852 959 907 1009 in
937 957 1062 1011 aula
1083 996 1099 1023 ,
1160 964 1218 1011 et
1249 955 1492 1011 amicitia
1523 970 1650 1011 cum

119 1051 418 1106 Theodoreto
445 1050 801 1119 conjunctus.
856 1029 942 1112 Ο

167 1144 239 1198 ιγ.
271 1142 541 1197 Successit
562 1140 829 1205 Desiano,
869 1138 962 1208 qui
989 1139 1224 1193 concilio
1254 1138 1534 1210 Ephesino
1567 1137 1652 1193 in-

121 1234 290 1300 teriuit;
309 1233 482 1288 adfuit
508 1247 640 1288 vero
670 1232 787 1302 ipse
818 1237 1055 1301 quatuor
1078 1230 1329 1286 conciliis
1357 1247 1372 1283 :
1406 1229 1649 1287 Flaviani

119 1324 679 1394 Constantinopolitano
733 1323 1000 1378 adversus
1022 1322 1308 1393 Eutychen
1356 1337 1502 1376 anno
1522 1322 1647 1386 448,

118 1418 344 1487 Ephesino
374 1414 621 1470 Dioscori
676 1429 821 1468 anno
858 1414 983 1478 H9,
1034 1412 1468 1469 Clialcedouensi
1493 1429 1648 1468 (ecu-

119 1509 286 1565 menito
313 1524 455 1563 anno
476 1507 602 1573 451,
655 1516 712 1561 et
758 1522 790 1560 e
826 1521 924 1561 sua
952 1505 1176 1559 Isauria:
1203 1504 1414 1576 synodo
1447 1504 1515 1558 ad
1542 1505 1647 1559 im-

120 1612 375 1672 peratorem
406 1602 650 1657 Leonem
684 1599 969 1674 rescripsit
998 1614 1144 1653 anno
1167 1597 1291 1652 458.

168 1697 216 1749 ν.
247 1695 362 1749 Fuit
388 1694 557 1748 homo
588 1689 1018 1755 commutabilis,
1054 1690 1170 1745 sive
1197 1688 1345 1753 ﬁdei,
1381 1688 1496 1744 sive
1527 1704 1647 1743 ser-

120 1788 253 1841 uouis
298 1804 311 1839 :
363 1802 486 1840 nam
526 1785 815 1856 Eutychen
836 1782 1117 1839 damnavit
1143 1797 1270 1837 cum
1294 1782 1552 1836 Flaviano
1587 1781 1645 1836 in

1752 586 1822 640 sii
1880 585 2183 658 Cyrillique
2249 586 2317 642 de
2392 602 2500 641 una
2564 587 2733 643 Verbi
2800 589 3068 646 iucaruati
3138 602 3336 653 natura

1751 678 2101 743 sententiam,
2133 679 2423 733 anathema
2450 679 2699 737 dicerent
2727 680 2814 742 iis.
2843 682 2938 752 qui
2961 681 3244 737 Christum
3279 683 3334 738 in

1750 766 1890 821 duos
1922 766 2061 821 filios
2092 766 2425 834 dividerent,
2460 769 2892 841 nominatimque
2916 773 2933 793 ⁶
2966 772 3332 839 Theodoreto,

1751 860 1901 913 velut
1936 858 2184 913 omnium
2227 858 2590 915 nobilissimo.
2618 861 2938 917 Tumultqu
2985 863 3172 933 populi
3200 880 3332 917 aua-

1752 949 1934 1003 thema
1980 949 2367 1019 ingeminantis
2395 965 2503 1003 non
2557 951 2818 1020 repressit
2862 953 3174 1017 Dioscorus,
3234 954 3331 1008 sed

1750 1039 2030 1109 excipiens
2070 1039 2139 1094 de
2180 1055 2331 1094 more
2366 1039 2614 1096 docentis
2646 1057 2993 1107 sermonem,
3039 1054 3190 1099 stans
3229 1062 3331 1100 suo

1750 1128 1913 1184 etiam
1948 1130 2387 1201 suﬂ‘ragiojuvit.
2427 1132 2603 1189 «Tulit
2627 1135 2882 1206 illos,qui
2908 1136 3069 1190 nobis
3099 1138 3330 1193 anathe-

1750 1236 1837 1274 ma
1865 1220 2130 1287 dicerent,
2160 1238 2497 1294 surgensque
2522 1234 2577 1279 et
2604 1227 2913 1282 acclamans
2953 1228 3171 1282 illorum
3228 1244 3327 1282 vo-

1750 1325 1843 1365 ces
1881 1311 2246 1367 conﬁrmavit.
2283 1334 2303 1365 υ

1809 1403 1863 1456 3.
1893 1401 2007 1457 Sub
2032 1403 2227 1458 Proclo
2252 1406 2548 1477 contigisse
2594 1416 2654 1462 ut
2681 1408 3013 1464 Autiocbeui
3048 1413 3329 1467 consenti-

1751 1500 1873 1547 rent
1901 1493 1955 1547 in
1985 1493 2574 1567 Coustantinopolitaui
2614 1501 2877 1557 antistitis
2924 1504 3330 1572 prasidentiam

1746 1598 1778 1637 a
1804 1584 2047 1640 secundo
2077 1587 2313 1643 concilio
2346 1591 2588 1659 generali
2619 1600 2903 1648 statutam.

1814 1677 1866 1732 4.
1880 1677 2035 1734 Unde
2049 1688 2237 1734 uatum
2256 1680 2325 1735 sit
2340 1682 2584 1737 Dioscuri
2612 1683 2668 1738 in
2682 1683 3089 1741 Theodoretum
3108 1686 3293 1742 odium
3314 1706 3327 1742 :

1748 1769 1982 1825 credidit
2024 1771 2172 1826 enim
2216 1771 2578 1830 Antiochenis
2615 1785 2900 1832 auctorem
2947 1778 3140 1844 fuisse,
3176 1796 3332 1836 nova:

123 1879 219 1932 urbe
242 1877 397 1948 regia.
433 1876 674 1931 absolvit
707 1890 834 1932 cum
863 1874 1126 1929 Dioscoro
1147 1872 1372 1943 Ephesi,
1397 1887 1649 1927 exsecra—
1680 1879 1720 1933 Β
1749 1859 1940 1948 Romi?
1962 1862 2181 1931 βιηθεδωί
2205 1862 2499 1932 primatum
2538 1865 2792 1921 cedendi.

122 1979 274 2024 tusest
299 1986 418 2023 cum
443 1967 696 2022 Ecclesia
722 1963 1096 2043 Chalcedone,
1128 1962 1221 2016 ubi
1251 1960 1489 2023 veniam,
1520 1974 1646 2013 eum

121 2076 206 2115 eam
233 2059 539 2130 suppliciter
583 2065 869 2129 rogasset,
917 2056 1028 2109 vim
1057 2054 1162 2110 sibi
1191 2054 1397 2109 illatam
1444 2052 1643 2123 Ephesi

122 2159 340 2217 causatus,
395 2151 661 2205 Dioscoro
687 2148 820 2204 licet
842 2162 1034 2218 preces
1060 2146 1334 2211 elevaute,
1383 2145 1640 2199 obtinuit.

125 2287 307 2358 Epistqu
334 2287 420 2353 86,
450 2287 826 2410 deprecaturi}:
845 2286 912 2339 ad
932 2284 1251 2339 Flavianum
1274 2282 1646 2340 Constantino-

694 2373 761 2410 υο
786 2374 801 2410 i
830 2372 1013 2410 anum.

693 2372 1013 2428 pomarium.

175 2494 207 2548 l.
231 2495 457 2550 Pertinet
505 2493 702 2565 procul
736 2492 908 2548 dubio
961 2490 1029 2546 ad
1060 2506 1264 2546 annum
1293 2491 1419 2546 M7.
1453 2490 1644 2561 Neque

124 2586 229 2641 enim
247 2588 407 2656 potuit
434 2596 526 2641 aut
551 2586 719 2641 citius
746 2584 939 2648 scribi,
964 2591 1059 2638 aut
1080 2584 1259 2638 serius
1287 2601 1299 2637 :
1326 2599 1439 2637 non
1456 2583 1641 2647 citius,

126 2676 216 2745 quia
252 2677 530 2732 Flavianus
575 2677 850 2733 successit
880 2676 1077 2731 Proclo
1108 2675 1221 2730 vita
1248 2674 1437 2730 functo
1465 2675 1554 2729 die
1574 2675 1646 2729 24

126 2765 321 2824 Octobris
364 2769 492 2823 anui
533 2769 674 2833 M7;
731 2783 841 2822 non
876 2766 1109 2830 tardius,
1153 2782 1276 2820 cum
1302 2766 1646 2836 praecesserit

127 2860 333 2929 synodum
354 2877 383 2915 a
406 2860 671 2915 Flaviano
696 2859 962 2914 adversus
978 2858 1262 2929 Eutychen
1287 2857 1527 2912 habitam
1551 2873 1647 2912 an—

128 2967 176 3003 uo
191 2952 269 3005 us
289 2953 371 3007 die
396 2962 593 3007 octavo
615 2951 965 3006 Novembris.
1017 2951 1191 3016 Adde,
1223 2950 1372 3020 quod
1395 2950 1645 3022 ejusdem

128 3043 176 3096 sit
193 3045 461 3114 argumenti
490 3060 615 3100 cum
637 3044 1002 3114 praecedente.

179 3134 227 3188 ll.
255 3136 317 3190 De
339 3137 597 3191 Flaviano
618 3136 829 3191 dictum
855 3145 1015 3191 antea
1048 3137 1116 3191 ad
1140 3136 1428 3207 epistolam
1449 3135 1537 3188 ll.

1809 1948 1860 2003 5.
1898 1947 2023 2005 ΙΙωο
2059 1950 2246 2016 verba,
2285 1951 2566 2008 Dioscorus
2610 1956 2888 2026 epistolam
2937 1958 3007 2011 ad
3045 1975 3139 2012 nos
3194 1963 3330 2015 scri—

1748 2041 1871 2111 psit,
1904 2050 2034 2107 etc.,
2077 2042 2392 2113 accipienda
2434 2061 2545 2100 non
2591 2062 2712 2102 esse
2746 2048 2813 2103 de
2848 2049 3078 2119 privatis
3108 2051 3327 2117 litteris,

1747 2133 1903 2202 quasi
1938 2134 2605 2209 DioscorusTheodorcto
2638 2139 2850 2208 aliquas
2880 2140 3115 2207 dederit;
3145 2142 3239 2197 sed
3261 2142 3331 2199 de

1746 2226 2135 2282 communibus
2167 2227 2351 2282 missis
2382 2229 2447 2283 ad
2488 2230 2780 2297 Domuum,
2816 2249 3047 2303 quarum
3079 2235 3333 2289 Theodo-

1747 2326 1920 2379 retus,
1940 2318 2189 2373 scribens
2216 2319 2498 2388 Dioscoro,
2520 2323 2787 2378 meminit.
2808 2324 2887 2378 Ad
2924 2326 3195 2380 Doumum
3226 2328 3331 2382 illa:

1744 2416 1802 2464 et
1833 2410 1901 2464 ad
1946 2411 2067 2481 ejus
2111 2411 2381 2483 synodum
2413 2412 2826 2485 dirigebantur;
2878 2418 3029 2488 quod
3065 2418 3133 2473 de
3178 2434 3332 2474 more

1744 2503 1930 2570 ﬁebat,
1968 2522 2094 2561 cum
2127 2507 2344 2580 negotia
2374 2510 2643 2581 ejusmodi
2674 2520 3060 2569 tractarentur.

1809 2597 1872 2653 V.
1919 2598 2123 2654 Verum
2163 2599 2268 2654 hoc
2308 2601 2365 2654 in
2420 2601 2541 2656 loco
2590 2600 2829 2657 ﬁnienda
2880 2613 2964 2658 est
3010 2614 3331 2660 controver-

1744 2690 1823 2745 sia
1842 2731 1855 2753 ,
1883 2707 2150 2761 quaecum
2184 2692 2418 2747 Baronio
2454 2694 2639 2749 habita
2660 2704 2746 2750 est
2773 2696 2827 2750 in
2852 2697 2973 2751 Vita
3000 2697 3333 2753 Theodoreti

1744 2783 1920 2852 capite
1938 2785 1967 2837 7
1985 2784 2050 2837 ⁷⁸.
2077 2784 2249 2839 Suum
2266 2785 2475 2841 scilicet
2499 2787 2553 2840 iu
2570 2802 2791 2843 sensum
2815 2791 3149 2859 exponenda:
3170 2807 3335 2846 voces

1745 2873 1909 2945 hujus
1933 2876 2194 2945 epistolae,
2224 2892 2345 2946 qua:
2393 2877 2766 2933 illustrissimo
2808 2881 3062 2950 scriptori
3092 2882 3335 2936 occasio-

1745 2978 1872 3017 nem
1898 2963 2166 3017 dcderunt
2192 2965 2644 3020 comminiscendi
2669 2967 2985 3031 concilium,
3023 2969 3088 3023 de
3114 2986 3223 3039 quo
3257 2970 3332 3024 ibi

1746 3054 2001 3120 diximus.
2035 3054 2175 3109 Sunt
2215 3067 2399 3111 autem
2435 3057 2703 3127 ejusmodi
2738 3075 2750 3109 :
2798 3077 2814 3107 ι
2850 3058 3018 3121 Scito,
3086 3058 3329 3121 domine,

1750 3146 1891 3201 hanc
1919 3147 2073 3200 illum
2103 3147 2469 3218 (Dioscorum)
2502 3148 2766 3202 adversus
2788 3164 2890 3202 nos
2915 3148 3335 3217 pusillanimita-

182 3228 249 3282 Ill.
272 3229 564 3299 lnepistola
587 3227 907 3293 continetur
924 3226 1646 3297 vehemensquerelaTheo-
1676 3219 1718 3277 C
1753 3244 1861 3290 tem
1897 3252 2122 3307 gerere,
2158 3254 2226 3292 εχ
2270 3254 2380 3307 quo
2428 3238 2705 3309 synodicis
2753 3238 2951 3293 vestris
3007 3239 3109 3293 sub
3158 3238 3335 3293 beam

130 3318 255 3374 doreti
278 3322 336 3375 de
359 3322 646 3386 Dioscoro,
698 3337 824 3391 quae
861 3330 1129 3392 quantum
1155 3320 1517 3375 nihilominus
1539 3317 1647 3373 dif-

132 3410 229 3464 ferat
259 3430 285 3466 a
315 3414 537 3483 querela
567 3412 920 3483 postmodum
966 3413 1111 3484 apud
1139 3422 1388 3468 sanctum
1409 3413 1648 3466 Leonem

133 3502 260 3566 iacta,
304 3522 457 3560 nemo
491 3505 587 3575 qui
614 3505 834 3577 legerit,
869 3520 980 3561 non
1003 3505 1173 3561 videt.
1230 3504 1403 3560 Nemo
1429 3518 1647 3574 quoque

134 3611 207 3648 non
238 3597 344 3653 inde
384 3598 663 3670 intelligit,
718 3598 960 3653 Leonem
988 3598 1318 3668 appellatum
1344 3612 1465 3653 esse
1496 3596 1645 3651 velut

130 3687 335 3757 judicent;
366 3692 710 3763 Flavianum,
737 3699 799 3745 ut
821 3698 1130 3760 patronum.

177 3782 244 3836 IV.
283 3786 473 3841 Praeter
516 3785 663 3840 hanc
691 3784 1115 3854 querimoniam,
1161 3784 1324 3854 digna
1348 3793 1496 3846 sunt,
1528 3797 1649 3852 quae

134 3875 449 3945 observentur,
495 3878 546 3931 1.
576 3878 800 3932 Missum
834 3892 863 3930 a
890 3876 1238 3932 Theodoreto
1265 3874 1647 3930 Alexandriam

135 3968 482 4040 presbyterum;
517 3968 820 4027 Eusebium
843 3968 1059 4037 opinor,
1079 3984 1177 4037 per
1198 3983 1362 4037 quem
1385 3967 1648 4021 Dioscoro

136 4063 425 4125 renuntiavit,
456 4078 517 4117 se
545 4061 825 4133 synodieis
850 4060 1037 4132 Cyrilli
1079 4069 1136 4114 et
1168 4059 1396 4115 Joannis
1424 4058 1647 4128 acquie-

136 4163 270 4211 scere,
317 4152 461 4222 quod
489 4151 759 4206 hactenus
787 4156 1065 4205 renuerat.
1091 4148 1270 4215 Quare
1296 4147 1387 4201 hic
1408 4147 1649 4215 primum

137 4243 288 4298 mentio
324 4243 381 4300 ﬁt
431 4243 687 4299 conversi
734 4240 803 4296 ad
845 4250 1048 4295 rectam
1092 4239 1276 4303 ﬁdem,
1335 4245 1428 4292 aut
1455 4238 1648 4292 saltem

136 4348 154 4380 α
169 4335 354 4401 pristina
376 4334 745 4390 obstinatione
765 4330 1079 4402 evigilantis
1096 4328 1432 4384 Theodoreti
1450 4345 1461 4380 :
1477 4343 1652 4397 quau-

136 4436 252 4485 ‘iuam
294 4424 443 4495 333
493 4422 806 4495 synodicas,
855 4423 969 4492 jam
1012 4421 1136 4475 inde
1172 4437 1202 4475 a
1228 4429 1474 4488 tempore
1501 4418 1650 4487 pacis

139 4511 259 4577 inite,
288 4532 402 4571 eum
431 4516 801 4577 mitterentur,
835 4515 1062 4584 legerat,
1092 4521 1148 4568 et
1178 4529 1241 4567 ea
1268 4519 1421 4582 parte
1449 4511 1649 4581 proha-

139 4614 264 4668 πιπτει,
305 4622 406 4676 qua
440 4606 677 4660 duarum
704 4613 1025 4659 naturarum
1057 4605 1365 4660 doctrinam
1398 4603 1649 4658 contine-

140 4692 258 4762 lunt;
313 4716 415 4755 non
463 4708 647 4755 tamen
692 4700 1114 4768 subscripserat,
1168 4698 1367 4769 partim
1412 4696 1650 4752 Nestorii

141 4799 295 4852 more,
314 4794 503 4861 partim
523 4792 716 4865 Cyrilli
736 4791 884 4846 odio.
913 4791 1055 4847 Cave
1078 4807 1244 4862 porro
1266 4790 1649 4863 synodicarum

142 4879 388 4939 litterarum
417 4887 636 4941 nomine
685 4885 962 4956 intelligas
987 4900 1083 4940 eas
1103 4925 1117 4951 ,
1172 4899 1294 4955 qum
1331 4883 1650 4937 anathema-

144 4970 288 5029 tismos
324 4978 636 5048 subjunctos
672 4977 905 5043 habent;
964 4976 1060 5031 sed
1113 4991 1234 5046 qua:
1268 4976 1335 5030 ab
1368 4974 1435 5029 iis
1468 4974 1653 5028 verbis

144 5058 312 5119 initium
333 5069 528 5127 ducunt
554 5089 569 5125 :
595 5069 865 5125 Lwtentur
885 5068 1019 5133 caeli,
1054 5078 1160 5123 etc.

192 5153 236 5208 Ξ.
257 5160 511 5224 Quomodo
545 5164 601 5217 in
627 5178 893 5218 cauonem
918 5161 1198 5216 Nicaenum
1221 5174 1473 5229 peccasse
1504 5158 1657 5213 Dios-

148 5258 276 5304 corus
305 5268 330 5306 a
359 5254 693 5311 Theodoreto
727 5254 951 5322 dicitur,
991 5253 1166 5322 utqui
1191 5253 1258 5306 de
1281 5252 1469 5306 alienae
1518 5251 1657 5305 dioe-

153 5339 258 5393 usis
293 5340 493 5402 homine
532 5347 805 5419 judicium
845 5346 1158 5401 exercuerit
1191 5359 1203 5397 :
1234 5359 1543 5414 quanquam
1590 5358 1659 5396 ue

154 5425 298 5485 violati
315 5437 516 5492 canonis
540 5437 804 5492 invidiam
856 5428 1183 5502 incurreret,
1208 5434 1405 5506 judicii
1431 5434 1658 5488 formam

158 5531 241 5573 non
265 5527 426 5593 tenuit,
452 5530 542 5585 sed
570 5530 768 5586 callide
802 5527 1018 5585 induxit
1043 5537 1389 5583 accusatores
1411 5527 1664 5583 Orienta-

164 5607 266 5664 lium
287 5621 565 5687 mouachos,
600 5620 697 5691 qui
718 5630 846 5691 post
885 5621 1203 5676 concionem
1226 5619 1292 5674 de
1319 5619 1422 5675 lide
1451 5634 1481 5673 a
1507 5634 1661 5689 pres—

1752 3327 2027 3381 memorize
2060 3328 2253 3382 Proelo
2290 3328 2447 3383 factis
2470 3370 2485 3394 ,
2519 3340 2832 3383 sanctorum
2867 3329 3088 3384 Patrum
3129 3329 3336 3401 regulis

1751 3418 2103 3484 inhaerentes,
2136 3420 2471 3475 asseusimus
2503 3439 2516 3474 :
2548 3435 2611 3475 ac
2638 3420 2705 3476 de
2727 3424 2828 3476 hoc
2849 3438 2948 3475 nos
2978 3423 3145 3477 semel
3170 3432 3335 3492 atque

1751 3511 1952 3565 iterum
1990 3512 2325 3581 increpasse,
2351 3513 2505 3581 quasi
2538 3520 2593 3567 et
2620 3513 3113 3578 Antiochcuorum,
3146 3524 3207 3569 ut
3234 3514 3330 3576 ait.

1751 3607 1807 3652 et
1827 3599 2318 3653 Alexandrinorum
2343 3600 2469 3670 jura
2496 3600 2922 3671 prodiderimus.
2964 3622 2981 3653 ι

1811 3692 1958 3759 Quas
1986 3708 2117 3747 vero
2146 3692 2525 3747 Theodoretus
2557 3692 2848 3764 synodicas
2864 3693 2966 3748 sub
3006 3694 3201 3749 Proclo
3249 3694 3329 3749 fa-

1749 3796 1865 3840 ctas
1906 3785 2399 3854 Constantinopoli,
2429 3786 2577 3839 etab
2603 3785 2964 3840 Antiochenis
3004 3787 3333 3855 approbatas

1750 3885 2046 3941 memorat,
2102 3892 2210 3931 non
2239 3877 2375 3931 alias
2404 3878 2621 3945 opinor,
2668 3893 2830 3946 quam
2884 3893 3004 3947 quae
3067 3879 3121 3931 in
3168 3893 3332 3933 causa

1752 3968 2028 4023 Athanasii
2071 3969 2475 4023 Perrhenorum
2521 3968 2762 4039 episc0pi
2797 3969 3061 4024 confectae
3101 3980 3231 4025 sunt
3274 3970 3333 4026 in

1750 4061 2005 4124 concilio,
2042 4060 2185 4114 unde
2219 4059 2444 4114 Proclus
2488 4059 2553 4114 ad
2606 4061 2872 4115 Domuum
2910 4076 2974 4115 ea
3000 4061 3067 4115 de
3096 4077 3155 4117 re
3194 4061 3333 4116 scri-

1750 4153 1877 4221 psit.
1935 4152 2156 4207 Littera:
2219 4152 2366 4207 enim
2413 4152 2591 4207 Procli
2637 4153 2954 4209 referuntur
3005 4155 3061 4208 in
3092 4155 3331 4210 concilio

1750 4244 1912 4316 334
1934 4244 2362 4299 Chalcedoneusi
2413 4244 2518 4300 hoc
2566 4245 2773 4300 titulo:
2830 4247 3184 4318 Ἀντιγραφον
3217 4264 3337 4301 συν.

1753 4338 1931 4391 οδικοῦ
1975 4338 2316 4408 γράμματος.
2347 4336 2437 4407 Τῷ
2458 4337 2753 4408 ὁσιωτάτῳ,
2785 4338 2878 4391 καὶ
2915 4337 3330 4407 θεοφιλεστάτῳ,

1752 4429 1846 4482 καὶ
1896 4427 2289 4501 συλλειτουργῷ
2330 4429 2542 4500 Δόμνῳ,
2572 4428 2836 4498 Πρόκλος.
2869 4430 2927 4482 ὲν
2968 4428 3188 4499 Χριστῷ
3212 4428 3333 4499 χαι-

1685 4556 1726 4607 D
1760 4538 1891 4592 ρειν.

1825 4615 2011 4668 Potest
2044 4626 2221 4668 tamen
2269 4613 2509 4668 suboriri
2556 4613 2820 4668 nonnulla
2851 4613 3102 4682 quaestio,
3144 4627 3334 4680 quam-

1756 4706 1967 4770 obrem,
1996 4706 2039 4758 si
2069 4722 2156 4759 res
2183 4705 2258 4758 ita
2274 4722 2331 4759 se
2359 4705 2572 4769 habuit,
2600 4714 2660 4758 ut
2678 4704 2932 4765 diximus,
2959 4700 3336 4754 Theodoretus

1755 4798 2067 4866 scripserit,
2100 4798 2473 4852 Autiocheuos
2504 4811 2788 4852 assensum
2815 4792 3114 4864 praebuisse
3155 4791 3336 4849 Procli

1756 4888 2052 4959 synodicis,
2091 4891 2203 4950 τοῖς
2227 4888 2335 4940 τῶν
2367 4888 2535 4954 ἁγίων
2567 4886 2822 4954 πατέρων
2855 4887 3075 4936 κανόσιν
3109 4884 3335 4937 ἀκολουο

1760 4980 2060 5048 Θήσχνταςε
2089 4996 2189 5033 cur
2216 4978 2436 5033 eosdem
2467 4977 2843 5031 Autiochenos
2874 4975 3174 5030 Dioscorus
3213 4991 3340 5045 pro—

1760 5070 1885 5124 dita}
1908 5086 2018 5123 suae
2055 5085 2118 5122 ac
2149 5068 2531 5122 Alexandrina:
2559 5065 2821 5121 Ecclesia:
2862 5080 2987 5119 reos
3029 5064 3253 5131 fecerit;
3282 5074 3338 5120 et

1761 5179 1870 5232 quo
1916 5162 1970 5215 in
2002 5161 2169 5232 gradu
2202 5170 2332 5214 tunc
2381 5158 2643 5229 temporis
2668 5157 2962 5212 Dioscorus
3008 5157 3339 5213 constitutus

1762 5262 1926 5307 (‘SSOL

1828 5346 2026 5399 Verum
2057 5351 2115 5397 ut
2147 5359 2178 5397 a
2217 5350 2492 5412 postremo
2519 5339 2727 5404 ordiar,
2752 5341 3047 5394 Dioscorus
3075 5353 3198 5392 cum
3225 5339 3338 5391 An-

1762 5434 2029 5488 tiochcnis
2054 5432 2261 5486 crimen
2304 5430 2632 5501 proditionis
2651 5429 2936 5499 objiceret,
2987 5442 3181 5481 recens
3218 5442 3343 5480 suc-

1762 5504 2000 5579 cesserat
2026 5522 2079 5575 iu
2112 5521 2299 5593 Cyrilli
2323 5521 2503 5574 locum
2536 5520 2625 5574 die
2655 5520 2724 5573 28
2747 5517 3013 5581 Januarii,
3055 5531 3200 5569 anno
3237 5516 3341 5567 M4

1765 5616 2028 5670 defuncti.
2056 5613 2267 5686 Objecit
2297 5629 2445 5677 vero,
2483 5613 2609 5682 quia
2635 5613 2874 5666 Domnus
2899 5607 3173 5679 synodieis
3207 5606 3337 5659 Pro-

1420 5775 1731 5829 SCIIEI.Z||
1788 5772 2015 5826 NOTJE.

220 5854 250 5885 "
273 5859 368 5926 i'id.
390 5880 558 5940 supra,
583 5885 634 5943 p.
670 5867 792 5923 172..
