3926 6216
477 344 583 409 283

1602 351 1978 411 GARNERII
2019 351 2512 412 DISSERTATIO
2550 351 2609 409 II

3625 347 3741 410 284

478 455 548 508 cli
572 454 774 509 litteris
810 454 1153 521 admonitus,
1200 456 1549 529 dijudicatam
1598 459 1875 514 Athanasii
1916 462 2046 515 Per-
2075 466 2117 522 Α
2148 460 2292 515 data.
2336 462 2464 515 Fuit
2509 461 2799 531 praefectus
2844 457 2999 512 urbis
3034 456 3540 526 Constantinopolis
3584 472 3742 512 anno

478 543 694 599 rhensis
727 559 945 599 causam
979 546 1375 615 recognovcrit,
1410 562 1521 617 quo
1556 545 1700 603 facto
1725 549 1898 604 videri
1947 566 2046 619 po-

477 635 604 700 tuit,
630 636 923 706 primatum
943 637 1136 690 Proclo
1152 637 1487 704 concedere;
1516 638 1784 708 siquidem
1811 648 1871 694 ut
1889 640 2048 694 amici

476 736 561 780 est
586 725 814 796 privatis
839 727 1041 782 litteris
1077 741 1299 783 monere
1325 728 1394 784 de
1428 728 1625 795 oﬁicio,
1670 729 1745 785 ita
1775 731 2051 802 synodicis

477 817 545 872 ad
571 819 909 887 superiorem
929 819 1187 888 pertinet.

543 908 663 964 lam
699 924 832 963 vero
868 925 992 965 cum
1026 908 1391 965 Alexandrina
1423 912 1581 968 sedes
1621 913 1860 969 secunda
1885 912 2051 967 fuerit

478 1002 601 1064 post
621 995 938 1062 Romanam,
966 998 1304 1053 Antiochena
1337 1008 1459 1070 post
1487 1001 1906 1057 Alexandrinam
1943 1010 2051 1056 ter-

481 1085 574 1149 tia,
605 1085 769 1157 idque
798 1097 1074 1143 servatum
1093 1089 1260 1144 fuerit
1290 1092 1402 1162 jam
1436 1092 1565 1146 inde
1590 1109 1621 1148 a
1645 1093 1836 1163 primis
1865 1093 2051 1149 Eccle-

478 1175 573 1230 siae
599 1177 964 1247 temporibus,
994 1178 1596 1252 Constantinopolitana
1626 1201 1816 1240 recens
1844 1186 2051 1240 consti-

480 1273 617 1333 tuta,
646 1267 691 1322 si
720 1269 1022 1324 secundum
1054 1270 1234 1327 locum
1261 1283 1462 1341 teneat,
1493 1278 1692 1348 jusque
1736 1276 1906 1346 ipsius
1949 1277 2051 1331 hac

477 1356 533 1410 in
580 1366 736 1427 parte
785 1366 1132 1428 agnoscatur,
1181 1376 1405 1418 necesse
1443 1374 1530 1420 est
1558 1374 1848 1435 utramque
1890 1366 2050 1420 aliam

477 1448 662 1505 sedem
691 1451 1111 1520 patriarchalem
1133 1453 1387 1524 deprimi.

569 1560 809 1633 Epistula
850 1562 939 1630 87,
988 1563 1274 1649 familiaris
1309 1567 1378 1621 ad
1413 1567 1679 1624 Damnum
1712 1570 1960 1642 Apameae

1108 1652 1419 1708 episcopum.

538 1740 580 1796 l.
617 1740 825 1797 Eodem
852 1750 1098 1815 tempore
1125 1753 1291 1816 atque
1323 1747 1487 1803 etiam
1518 1761 1859 1821 argumento.

548 1832 615 1888 II.
667 1834 910 1890 Domnus
937 1836 1235 1905 primatum
1283 1838 1461 1893 tenuit
1504 1839 1561 1893 in
1591 1840 1832 1896 secunda
1873 1841 2048 1914 Syria,

479 1924 639 1995 cujus
661 1927 980 1996 metropolis
1023 1929 1262 1999 Apamea
1299 1946 1313 1983 :
1341 1928 1593 1985 interfuit
1618 1932 1855 1987 concilio
1889 1933 2051 1989 Chal-

476 2014 792 2083 cedonensi,
821 2026 1049 2089 eratque
1078 2020 1318 2075 amicitia
1347 2020 1609 2092 singulari
1648 2040 1773 2079 cum
1806 2024 2054 2081 Theodo-

476 2113 595 2160 reto
629 2108 976 2178 conjunctus.

549 2198 642 2254 ll].
679 2199 766 2254 Fit
799 2200 854 2255 in
881 2201 1113 2271 epistola
1143 2219 1326 2259 sermo
1355 2205 1424 2261 de
1457 2205 1675 2262 clericis
1698 2206 2055 2264 Osroenensi-

475 2289 601 2356 bus,
630 2290 726 2361 qui
761 2291 979 2348 libellos
1015 2294 1279 2351 adversus
1308 2296 1457 2350 Ibam
1488 2298 1828 2366 obtulerunt,
1857 2302 2054 2357 dicun-

480 2389 682 2451 turque
726 2397 917 2452 pacem
952 2383 1212 2440 Ecclesiae
1253 2386 1524 2454 turbasse,
1561 2396 1617 2442 et
1660 2398 1852 2445 contra
1878 2391 2054 2462 ipsum

478 2470 887 2528 Theodoretum
941 2474 1273 2546 singularem
1330 2477 1440 2535 lbae
1491 2479 1749 2547 amicum,
1812 2482 2055 2554 aliosque

476 2562 719 2619 Orientis
741 2566 1031 2637 episcOpos
1056 2569 1227 2623 multa
1259 2568 1541 2626 effudisse.

541 2654 631 2709 IV.
666 2656 740 2710 De
776 2672 942 2713 causa
971 2659 1242 2729 ejusmodi
1268 2661 1595 2716 clericorum
1628 2663 1751 2718 vide
1773 2664 2053 2718 actionem

480 2746 549 2803 10
569 2749 788 2803 concilii
819 2748 1304 2818 Chalcedonensis,
1344 2755 1500 2824 cujus
1524 2754 1675 2809 Actis
1702 2755 1906 2811 inserta
1928 2763 2057 2811 sunt

478 2839 685 2910 judicia
709 2841 838 2906 duo,
865 2859 987 2913 quae
1016 2844 1085 2899 de
1100 2844 1191 2899 Iba
1221 2845 1347 2918 Tyri
1372 2855 1426 2902 et
1457 2846 1639 2918 Beryti
1670 2848 2056 2904 accusantibus

484 2929 698 2987 clericis
732 2934 971 2989 exercita
997 2935 1238 2991 fuerunt.

565 3043 809 3116 Epistula
835 3045 922 3114 88,
945 3048 1308 3128 deprecaturia
1330 3048 1409 3103 adi
1426 3049 1657 3105 Taurum
1680 3053 1980 3122 patricium.

2149 553 2282 618 4‘22;
2336 552 2623 622 prtefectus
2666 550 2921 620 prtetorio
2972 564 3116 604 anno
3145 548 3278 615 428;
3331 547 3524 602 consul
3582 562 3743 601 anno

2148 646 2284 711 4‘29;
2320 642 2607 713 praefectus
2647 643 2903 713 praetorio
2937 656 3132 696 rursus
3171 655 3316 694 anno
3344 639 3469 702 456,
3493 647 3551 694 et
3582 654 3741 693 anno

2148 737 2270 800 459,
2323 743 2541 789 etanno
2571 732 2709 799 440;
2751 733 3075 805 cognitorin
3095 746 3261 787 causa
3280 731 3545 801 Eutychis
3582 745 3741 783 anno

2148 826 2286 893 M8;
2312 826 2483 896 judex
2509 826 2564 880 in
2585 825 2822 880 concilio
2843 822 3279 880 Chalcedonensi
3312 837 3456 875 anno
3483 821 3606 876 451.
3636 821 3743 874 Est

2149 918 2216 972 ad
2235 933 2362 973 eum
2393 917 2584 972 lsidori
2614 916 2903 972 Pelusiota:
2930 916 3161 986 epistola
3191 930 3297 968 una
3318 913 3462 967 libro
3490 912 3540 976 1,
3563 911 3738 982 epist.

2148 1009 2272 1063 416.
2296 1011 2413 1064 Non
2446 1008 2800 1063 mediocriter
2826 1023 2914 1062 res
2939 1005 3341 1062 ecclesiasticas
3366 1005 3577 1060 calluit.

2151 1121 2390 1192 Epistula
2415 1120 2484 1176 90
2503 1161 2517 1186 ,
2548 1122 2911 1194 deprecatoria
2940 1119 3010 1174 ad
3040 1119 3354 1191 Lupicinum
3395 1119 3740 1187 magistrum.

2212 1238 2252 1290 l.
2287 1237 2364 1291 De
2414 1235 2683 1306 Lupicino
2724 1234 2863 1289 nihil
2910 1231 3204 1288 admodum
3241 1229 3551 1289 observavi,
3590 1244 3743 1297 pra:-

2153 1334 2397 1396 terquam
2420 1325 2567 1395 quod
2592 1324 2697 1380 fuit
2720 1323 2979 1394 magister
3004 1323 3240 1378 militum
3258 1361 3272 1386 ,
3304 1321 3572 1391 religione
3603 1318 3743 1373 illu-

2152 1415 2300 1477 stris,
2326 1422 2383 1468 et
2410 1421 2555 1467 notae
2577 1413 2835 1467 omnibus
2862 1411 3106 1466 virtutis.

2219 1504 2283 1557 ll.
2332 1502 2437 1569 Qui
2485 1503 2704 1573 scripsit
2734 1518 2909 1573 nuper
2929 1502 3016 1568 ",
3061 1502 3130 1556 ad
3168 1516 3292 1557 eum
3332 1500 3516 1555 datam
3564 1497 3745 1552 fuisse

2152 1593 2513 1658 sanctionem,
2535 1608 2643 1663 qua
2665 1592 3045 1646 Theodoretus
3060 1590 3355 1661 jubebatur
3376 1603 3433 1642 se
3450 1586 3745 1643 continere

2153 1684 2329 1757 Cyro;
2377 1700 2487 1738 non
2517 1683 2746 1755 legerat,
2778 1683 2998 1753 opinor,
3045 1681 3288 1737 Graecam
3313 1678 3741 1749 inscriptionem

2154 1776 2318 1846 hujus
2357 1773 2620 1845 epistolae,
2671 1782 2727 1828 et
2749 1787 2938 1827 vocem
2969 1786 3133 1825 unam
3171 1768 3416 1839 epistolae
3454 1766 3556 1832 82;
3609 1779 3745 1820 cum

2153 1869 2300 1923 enim
2329 1867 2384 1921 in
2419 1865 2615 1921 Latina
2650 1864 2903 1919 versione
2933 1863 3221 1930 utriusque
3258 1860 3365 1915 loci
3394 1859 3615 1913 videret
3635 1857 3746 1911 ad-

2153 1958 2390 2014 hibitum
2439 1954 2686 2027 magistri
2736 1968 2937 2008 nomen
2967 1993 2982 2018 ,
3023 1952 3273 2007 eamdem
3325 1966 3447 2005 esse
3496 1946 3747 2003 credidit

2152 2051 2625 2124 signiﬁcationem.
2673 2048 2875 2103 Verum
2918 2047 2973 2101 in
3027 2045 3259 2114 epistola
3303 2041 3393 2107 82,
3429 2051 3518 2097 est
3566 2056 3741 2110 στραο

2151 2144 2322 2214 τηγῴ,
2339 2158 2460 2213 quas
2480 2156 2579 2195 vos
2606 2138 2925 2209 magistrum
2946 2138 3183 2191 militum
3209 2133 3482 2204 signiﬁcat
3504 2150 3519 2199 ;
3541 2133 3599 2187 in
3625 2132 3741 2187 bac

2158 2236 2461 2307 μαγίστρῳ,
2496 2246 2619 2302 quae.
2639 2229 2887 2300 magistri
2916 2228 3218 2283 ciliciorum
3235 2225 3458 2296 propria
3485 2232 3590 2279 est.

2226 2322 2311 2377 Ill.
2332 2321 2390 2375 Id
2406 2335 2538 2376 vero
2554 2318 2877 2383 notandum,
2902 2317 3049 2387 quod
3073 2315 3238 2371 tradit
3253 2315 3655 2377 Thcodoretus,
3676 2327 3745 2367 sc

2151 2416 2259 2487 jam
2292 2412 2594 2469 senectutis
2634 2419 2838 2465 metam
2884 2410 3192 2480 ingressum
3223 2425 3236 2460 :
3273 2414 3475 2460 metam
3516 2405 3740 2474 utique,

2153 2522 2266 2562 non
2293 2521 2400 2576 qua
2428 2504 2637 2569 ﬁnitur,
2661 2503 2758 2558 sed
2790 2502 2936 2558 unde
2960 2500 3154 2570 incipit
3173 2508 3462 2564 senectus;
3499 2498 3615 2552 bagc
3638 2512 3743 2550 au—

2155 2607 2265 2655 tem
2302 2599 2454 2653 varia
2485 2604 2570 2652 est
2600 2614 2612 2650 :
2645 2611 2771 2650 nam
2806 2611 2930 2665 quae
2956 2594 3205 2658 minima,
3234 2601 3462 2648 octavus
3496 2598 3581 2645 est
3607 2605 3741 2659 scp-

2155 2690 2419 2755 tenarius,
2465 2689 2518 2743 id
2554 2696 2659 2756 est,
2710 2703 2888 2742 annus
2932 2686 3108 2741 aetatis
3157 2685 3257 2753 56;
3307 2700 3429 2755 quae
3474 2683 3740 2748 maxima,

2157 2797 2334 2836 nonus
2358 2780 2722 2850 septenarius,
2745 2779 2836 2849 qui
2860 2778 2927 2832 6'5
2954 2777 3128 2832 aetatis
3148 2792 3352 2836 annus;
3381 2790 3503 2844 quae
3533 2774 3737 2838 media,

2155 2888 2332 2929 annus
2358 2871 2579 2926 circiter
2617 2870 2706 2926 60.
2740 2870 2911 2937 Quam
2940 2870 3007 2924 de
3036 2869 3214 2924 tribus
3245 2868 3437 2922 statuit
3474 2867 3737 2921 ΤΙιροάοο

2157 2963 2349 3018 retus?
2387 2962 2442 3017 Si
2479 2963 2784 3027 minimam,
2826 2971 2979 3016 ortus
3021 2961 3194 3031 ipsius
3219 2959 3515 3028 contigisse
3543 2958 3737 3013 dicen-

2157 3056 2258 3110 dus
2283 3063 2367 3110 est
2405 3071 2549 3110 anno
2572 3054 2668 3109 591
2696 3071 2711 3120 ;
2752 3054 2798 3108 si
2826 3053 3137 3117 maximam,
3172 3067 3315 3107 anno
3349 3052 3486 3117 585;
3535 3051 3578 3107 si
3617 3066 3735 3105 mc-

545 3153 590 3209 l.
629 3154 755 3211 Haec
784 3164 840 3210 et
862 3157 984 3213 aliae
1018 3170 1420 3229 consequentes
1445 3176 1554 3216 una
1579 3171 1636 3217 et
1662 3161 1853 3232 viginti
1897 3162 2053 3217 unius

2169 3147 2325 3212 diam,
2358 3161 2502 3201 anno
2556 3146 2680 3210 586,
2731 3144 3003 3214 siquidem
3054 3143 3170 3198 hrec
3210 3143 3441 3213 epistola
3498 3142 3623 3196 data
3652 3151 3739 3195 est

479 3252 610 3299 sunt
642 3248 977 3316 argumenti,
1026 3249 1301 3320 uniusque
1349 3252 1648 3321 temporis,
1704 3262 1762 3307 et
1805 3253 1862 3306 in
1890 3269 2052 3307 unam

479 3336 704 3393 directas
728 3338 1003 3394 civitatem
1025 3341 1253 3412 regiam,
1290 3342 1357 3396 ad
1387 3358 1551 3412 quam
1584 3343 1794 3399 scilicet
1822 3343 2054 3415 delegati

478 3440 548 3480 ex
576 3423 798 3482 Oriente
823 3429 1066 3499 episcopi
1099 3430 1418 3500 pergebant.

547 3516 613 3571 ll.
660 3516 807 3573 Missi
844 3527 974 3573 sunt
1016 3535 1150 3574 vero
1186 3520 1429 3591 episcopi
1479 3521 1594 3587 illi,
1647 3530 1709 3577 ut
1753 3523 2055 3594 legatorum

480 3608 726 3663 Dioscuri
766 3610 1142 3666 molitionibus
1177 3612 1530 3679 obsisterent,
1561 3622 1726 3684 atque
1752 3615 2056 3671 accusatio-

480 3714 606 3755 nem
636 3702 897 3757 adversus
920 3701 1229 3759 Orientales
1261 3704 1550 3775 ipsumque
1588 3706 1840 3777 inprimis
1877 3708 2057 3763 Theo-

480 3790 736 3848 doretum
758 3792 826 3848 de
852 3793 1031 3849 diviso
1065 3794 1122 3849 in
1154 3794 1294 3850 duos
1315 3794 1455 3852 ﬁlios
1476 3796 1696 3854 Christo
1718 3800 2011 3856 diluerent.

545 3884 638 3938 ΙΙΙ.
659 3883 800 3940 Sunt
823 3894 1006 3940 autem
1031 3885 1153 3942 duze
1182 3896 1240 3943 et
1264 3889 1457 3959 viginti
1490 3890 1735 3960 epistolae
1752 3908 1783 3947 a
1804 3893 2060 3948 Theodo-

482 3982 603 4029 reto
635 3989 780 4029 anno
805 3976 906 4029 447
938 3986 1173 4033 exeunte
1207 3979 1425 4049 scriptae
1450 3981 1519 4036 ad
1554 3981 1845 4053 optimates
1876 3984 2061 4039 trede-

481 4065 613 4131 cim,
642 4064 930 4136 episc0pos
957 4076 1090 4134 tres,
1125 4069 1474 4142 presbyteros
1505 4072 1643 4130 duos
1663 4114 1676 4141 ,
1705 4090 2020 4131 oeconomos
2044 4079 2061 4096 '

480 4157 687 4227 pariter
710 4156 870 4225 duos,
903 4167 959 4215 et
977 4159 1312 4217 diaeonissas
1340 4163 1589 4220 totidem.

551 4247 640 4304 IV.
681 4247 909 4319 Scriptte
937 4260 1086 4317 sunt,
1111 4254 1358 4323 inquam,
1380 4270 1524 4311 anno
1542 4256 1681 4322 447;
1712 4272 1891 4327 neque
1913 4259 2063 4313 enim

481 4345 782 4409 potuerunt
833 4341 1080 4408 tardius,
1140 4359 1266 4399 cum
1324 4343 1558 4416 profecti
1611 4347 1723 4402 sint
1770 4347 2060 4405 Antiochia

479 4431 642 4503 335
674 4433 837 4504 legati
860 4435 1118 4492 saeviente
1148 4422 1363 4502 hieme,
1389 4445 1446 4493 et
1481 4438 1715 4495 necdum
1744 4448 1926 4496 tamen
1955 4441 2062 4497 Iba:

2155 3255 2300 3295 anno
2346 3240 2471 3293 447.
2523 3236 2752 3292 Mediam
2798 3236 3034 3306 opinor:
3074 3235 3325 3305 congruit
3370 3235 3518 3289 enim
3567 3234 3743 3303 magis

2155 3350 2280 3390 cum
2306 3330 2523 3387 caneris
2545 3329 2669 3384 vita:
2689 3328 2977 3399 adjunctis.

2156 3445 2397 3518 Epistula
2427 3446 2490 3501 91
2525 3444 2888 3515 deprecatoria
2931 3443 3001 3521 ad
3033 3443 3375 3496 Eutrecln'um
3407 3441 3736 3511 praefectum.

2225 3558 2307 3613 Ad
2330 3572 2458 3612 eum
2490 3557 2715 3611 fuerunt
2749 3556 2861 3625 jam
2883 3554 3006 3609 duae
3035 3555 3302 3625 epistolae,
3335 3554 3400 3608 57
3438 3562 3494 3608 et
3537 3553 3628 3608 80.
3661 3554 3740 3608 Ex

2157 3650 2410 3705 omnibus
2436 3655 2669 3713 constat,
2687 3645 3042 3702 Eutrechium
3066 3644 3398 3702 Theodoreti
3428 3642 3600 3700 fuisse
3623 3645 3741 3700 sin-

2158 3743 2401 3814 gularem
2430 3740 2667 3796 amicum
2708 3754 2774 3794 ac
2804 3746 3117 3808 patronum.

2159 3852 2403 3924 Epistula
2438 3853 2537 3917 92,
2577 3851 2943 3924 deprecatoria
2977 3849 3047 3904 ad
3088 3847 3396 3904 Anatolium
3433 3849 3740 3919 patricium.

2224 3964 2302 4018 De
2325 3960 2579 4017 Anatolio
2608 3959 2817 4015 dictum
2853 3966 2940 4014 est
2967 3958 3036 4013 ad
3061 3958 3350 4028 epistolam
3382 3958 3472 4013 45.
3512 3957 3617 4014 Hic
3645 3975 3745 4015 au-

2160 4063 2269 4110 tem
2302 4054 2546 4109 breviter
2599 4051 2852 4123 quidem,
2882 4050 2979 4105 sed
3003 4049 3203 4105 eximie
3249 4049 3541 4117 laudatur;
3579 4050 3748 4122 333

2159 4147 2361 4219 quippe
2393 4167 2411 4199 ε
2444 4146 2533 4202 cui
2558 4144 2941 4200 universorum
2968 4142 3236 4197 Dominus
3273 4150 3330 4197 et
3364 4140 3526 4197 ﬁdem
3561 4141 3744 4197 since-

2160 4256 2274 4294 ram
2303 4236 2591 4309 impertiit,
2624 4242 2681 4291 et
2716 4234 3002 4289 incensum
3028 4247 3129 4303 pro
3160 4248 3231 4293 ea
3258 4233 3456 4296 zelum,
3488 4240 3546 4287 et
3575 4247 3746 4287 orna-

2162 4340 2271 4386 tam
2309 4327 2601 4400 prudentia
2634 4333 2895 4389 mentem,
2918 4335 2976 4379 et
3005 4324 3168 4379 bonis
3200 4330 3464 4394 praeterea
3494 4324 3749 4379 consiliis

2160 4414 2630 4471 obsecundantem
2657 4412 2993 4467 facultatem.
3028 4430 3047 4463 ι

480 4524 550 4580 ίίδ
574 4540 699 4579 cum
726 4525 842 4582 suis
879 4527 1056 4598 Tyriis
1084 4528 1288 4599 agnata
1311 4536 1477 4594 esset:
1502 4546 1624 4599 (111εὲ
1654 4531 1896 4601 Primum
1935 4531 2063 4603 ΤΥΓῘ
2098 4535 2140 4589 ί)
2204 4547 2443 4622 Epistula
2463 4549 2552 4614 95,
2583 4546 2948 4618 deprecaturia
2972 4545 3043 4600 ad
3064 4545 3377 4600 Senatorum
3404 4545 3712 4615 patricium.

480 4633 670 4674 mense
707 4620 1010 4675 Februario
1034 4623 1165 4676 anni
1199 4624 1303 4677 448
1338 4622 1643 4693 composita
1673 4632 1776 4678 est.

546 4709 612 4765 V.
654 4711 773 4766 Jatu
816 4728 951 4766 vero
983 4713 1199 4767 Taurus
1223 4754 1237 4777 ,
1276 4723 1337 4770 ut
1379 4724 1465 4769 est
1508 4714 1566 4768 in
1592 4714 2060 4786 prosapograpbia

480 4796 700 4855 Codicis
715 4800 1082 4856 Theodosium
1103 4816 1133 4854 a
1150 4802 1487 4858 Gothofredo
1507 4803 1818 4867 informata,
1839 4804 1942 4861 fuit
1964 4819 2059 4860 co-

483 4905 599 4945 mes
631 4906 816 4946 rerum
840 4893 1178 4963 privatarum
1214 4910 1359 4950 anno
1392 4894 1518 4960 416,
1549 4895 1742 4951 consul
1764 4911 1908 4951 anno
1932 4895 2056 4962 428,

486 4984 772 5051 praefectus
793 4985 1047 5053 praetorio
1066 4995 1121 5041 et
1151 4986 1432 5055 patricius,
1473 5003 1619 5041 anno
1642 4987 1766 5043 454.
1799 4988 1879 5042 Ad
1899 5003 2057 5043 eum-

484 5074 608 5129 dem
648 5083 824 5129 exstat
868 5075 1061 5130 lsidori
1088 5076 1378 5133 Pelusiotae
1414 5077 1643 5148 epistola
1672 5078 1770 5131 lib.
1800 5078 1855 5141 ὅ,
1893 5077 2053 5147 epist.

485 5166 609 5221 194.
638 5165 986 5245 Marcellinus
1008 5168 1326 5225 defunctum
1356 5171 1521 5225 refert
1537 5172 1841 5240 Protogene
1875 5178 1931 5224 et
1960 5169 2059 5224 As-

427 5327 432 5333 ‘
486 5257 629 5312 terio
654 5272 823 5323 coss.,
862 5257 916 5312 id
936 5267 1039 5324 est,
1064 5275 1209 5314 anno
1236 5261 1359 5316 449.

494 5368 731 5438 Epistula
769 5370 858 5436 89,
886 5371 1250 5443 deprecatoria
1279 5373 1349 5427 all
1393 5372 1720 5426 Florentium
1758 5371 2057 5441 patricium.

559 5484 634 5539 De
662 5484 937 5540 Florentio
969 5485 1082 5540 haec
1110 5486 1273 5540 habet
1303 5484 1765 5556 prosopngrapbia
1794 5499 1918 5539 mox
1945 5484 2063 5538 lau-

2232 4660 2314 4715 Ad
2342 4675 2468 4714 eum
2494 4658 2620 4713 data
2647 4663 2733 4711 est
2770 4655 3002 4726 epistola
3033 4656 3123 4719 44,
3153 4653 3223 4708 ad
3263 4669 3425 4723 quam
3452 4653 3750 4708 observata

2165 4757 2314 4814 sunt,
2340 4764 2462 4819 qua;
2479 4756 2860 4805 occurrerunt.

2166 4863 2405 4937 Epistula
2434 4863 2524 4930 94,
2562 4862 2927 4934 deprecaturia
2961 4859 3032 4914 ad
3051 4858 3398 4929 Protogenen:
3417 4856 3749 4926 prwfectum.

2231 4978 2357 5034 Fuit
2390 4977 2479 5033 ille
2526 4975 2820 5047 praefectus
2867 4970 3128 5044 prmtorio
3181 4985 3326 5024 anno
3371 4970 3508 5034 447;
3555 4971 3751 5024 consul

2167 5083 2309 5123 anno
2336 5066 2467 5133 H9;
2501 5064 2767 5135 patricius
2821 5077 2967 5117 anno
2995 5060 3132 5125 450;
3184 5073 3329 5113 unus
3359 5073 3425 5112 ex
3467 5058 3754 5128 judicibus

2167 5160 2385 5215 concilii
2408 5155 2866 5214 Chalcedonensis
2896 5168 3040 5209 anno
3068 5154 3191 5207 451.

2199 5272 2441 5346 Epistula
2462 5271 2552 5337 95,
2577 5267 2936 5340 deprecaturia
2966 5266 3033 5320 ad
3054 5265 3365 5320 Antiochum
3385 5264 3713 5335 prwfectum.

2235 5385 2275 5438 l.
2307 5385 2432 5439 llaec
2453 5382 2803 5438 deAntiocho
2820 5379 2873 5434 in
2900 5378 3365 5449 prosupographia
3394 5378 3561 5433 semel
3584 5387 3756 5447 atque

2176 5481 2373 5535 iterum
2412 5477 2650 5532 laudata.
2677 5475 2801 5530 Fuit
2835 5473 2937 5529 sub
2963 5473 3271 5527 Theodosio
3296 5471 3521 5526 Juniore
3554 5472 3754 5541 pracfe-

1886 5634 2196 5694 SClll'Lle
2237 5635 2461 5691 NOTAS.

568 5756 611 5788 ⁷⁵
645 5756 764 5812 Vid.
798 5771 984 5825 supra,
1018 5772 1070 5825 p.
1109 5757 1229 5811 529.
