3926 6216
180 348 283 414 285

181 549 348 606 Basso
372 565 526 606 anno
567 552 696 609 451.
754 552 991 612 Μυιιυιιὶ
1014 559 1330 615 eontulitad
1351 560 1573 617 Codicis
1598 562 1776 617 Theo-

181 643 394 698 dosiani
429 643 763 713 editionem,
807 657 869 703 ut
891 649 1138 706 declarat
1182 651 1303 721 ipse
1336 652 1683 711 Theodosius
1720 656 1776 710 in

183 732 291 788 line
325 735 561 792 novellae
594 735 650 791 l.

242 826 313 882 ll.
341 827 486 885 Sunt
535 829 633 899 qui
666 838 888 900 putent,
938 831 1170 888 indicari
1211 834 1425 890 ams-lla
1478 835 1772 892 Theodosii

183 916 273 983 33,
309 934 435 989 quze
471 920 623 975 edita
667 936 813 976 armo
836 923 975 987 444,
1015 923 1347 981 Antiochum
1398 940 1526 983 ante
1566 944 1770 985 annum

182 1012 289 1067 ιιι
331 1012 448 1068 vita
495 1029 616 1069 esse
644 1012 916 1070 functum.
970 1016 1172 1074 Putant
1219 1033 1353 1074 vero
1401 1029 1628 1090 propter
1655 1021 1771 1077 haec

184 1106 391 1161 verba:
431 1125 451 1159 ι
501 1105 561 1163 Si
607 1124 719 1179 qua
762 1109 1038 1166 invocatio
1076 1120 1202 1182 post
1237 1113 1768 1170 administrationem

186 1198 417 1256 illustris
431 1204 714 1259 memoriae
726 1205 984 1260 Antiochi
1006 1206 1148 1260 facta
1171 1217 1274 1274 est;
1301 1226 1318 1258 ι
1350 1216 1407 1262 et
1424 1208 1528 1263 ista
1552 1228 1565 1260 :
1598 1229 1616 1260 ι
1643 1209 1768 1264 Suf-

186 1290 349 1349 ﬁcere
373 1295 633 1350 novimus
655 1295 815 1362 illud,
837 1297 984 1367 quod
1008 1298 1242 1355 illustris
1267 1300 1547 1354 memoria:
1570 1300 1766 1354 Antio-

182 1385 321 1440 chus
336 1393 467 1442 ante
496 1402 556 1443 se
584 1388 843 1447 relevatis
874 1388 1090 1445 indixit.
1133 1409 1152 1442 ι

252 1475 271 1494 ⁹
301 1474 395 1529 lll.
436 1475 653 1531 Verum'
670 1477 856 1532 obstat
893 1477 1226 1533 Theodoreti
1276 1479 1570 1535 scribentis
1617 1497 1762 1537 anno

179 1566 281 1621 447
305 1566 631 1622 auctoritas.
669 1567 864 1625 Obstat
907 1579 965 1625 et
1004 1570 1352 1626 Marcellinus
1378 1571 1434 1625 in
1465 1570 1720 1628 Chronico
1742 1617 1756 1642 ,

180 1657 273 1711 ubi
291 1658 361 1713 ad
394 1659 746 1714 consulatum
778 1661 1015 1717 Zenonis
1050 1670 1105 1717 et
1132 1662 1492 1729 Postumiani,
1522 1664 1617 1734 qui
1658 1681 1757 1720 an-

177 1767 280 1807 nus
311 1752 439 1817 448,
465 1751 776 1807 Antiochus
808 1752 1096 1824 praefectus
1117 1754 1374 1824 praetorio
1408 1754 1611 1811 dicitur
1639 1765 1756 1813 tur-

178 1860 264 1900 res
288 1854 346 1898 et
373 1853 567 1915 portas
592 1844 718 1915 igne
740 1852 962 1901 exustas
989 1846 1267 1903 refecisse.

238 1936 327 1992 IV.
386 1937 727 1992 Eunuchum
759 1937 926 1993 tradit
974 1937 1203 2007 Suidas;
1257 1940 1459 1997 favisse
1512 1942 1761 1998 Nestoris

175 2027 302 2083 inde
324 2028 634 2100 colligitur,
657 2030 808 2100 quod
833 2031 953 2102 ejus
979 2046 1266 2089 sermones
1298 2033 1621 2105 litterasque
1643 2034 1764 2093 Cte-

178 2122 370 2177 lestino
400 2138 559 2193 papa:
585 2122 789 2179 detulit
813 2123 879 2177 ⁷⁸.

229 2234 470 2306 Epistola
491 2235 585 2301 96,
624 2235 991 2307 deprecatoria
1027 2236 1098 2291 ad
1128 2237 1360 2292 Nomum
1396 2239 1705 2309 patricium.

241 2349 317 2404 De
352 2348 533 2404 Nomo
574 2348 787 2403 dictum
819 2356 905 2405 est
934 2349 1002 2405 ad
1042 2350 1302 2421 epistolas
1336 2351 1404 2407 58
1436 2360 1493 2409 et
1520 2352 1609 2421 81,
1635 2354 1761 2425 qui-

176 2439 277 2495 bus
293 2440 552 2510 queritur
580 2440 988 2507 Theodoretus,
1026 2457 1139 2497 non
1169 2442 1339 2501 fuisse
1382 2446 1710 2517 rescriptum
1744 2465 1757 2501 :

183 2547 198 2579 1
236 2528 456 2599 Bisjam
505 2543 633 2583 cum
687 2529 1026 2600 scripserim,
1087 2547 1151 2587 ac
1193 2541 1278 2587 ter
1311 2535 1498 2600 etiam,
1540 2536 1758 2607 opinor,

173 2633 495 2688 responsura
517 2636 631 2674 non
658 2620 865 2691 accepi.
896 2641 916 2673 ι

204 2733 446 2804 Epistola
482 2734 574 2800 97,
600 2714 967 2807 deprecatoria
1011 2740 1081 2793 ad
1114 2740 1425 2810 Sporacium
1461 2747 1721 2800 comitem.

231 2846 599 2903 Consulatum
625 2849 797 2919 gessit
823 2865 969 2906 anno
990 2853 1113 2917 452,
1151 2870 1277 2909 cum
1300 2872 1444 2910 anno
1475 2859 1759 2928 superiore

172 2939 436 2996 adfuisset
470 2940 620 2995 inter
654 2941 874 3012 judices
919 2945 1158 3000 concilio
1184 2946 1638 3006 Chalcedonensi.
1672 2951 1754 3021 lp-

172 3030 284 3085 sius
306 3030 629 3088 hortatione
655 3032 877 3104 scripsit
907 3035 1293 3094 Theodoretus
1321 3040 1523 3096 librum
1550 3043 1756 3100 Adver-

1363 360 1461 420 DE
1500 363 1757 424 Ι.ιῦΙῖιὸ
1792 366 2247 435 TllEODORET
2258 377 2278 435 Ι
2288 424 2300 437 .

179 470 302 516 ctus
326 462 596 532 praetorio
641 478 790 520 anno
833 467 935 522 427
960 507 975 533 ,
1002 467 1107 522 £50
1147 477 1203 524 et
1238 470 1337 526 451
1366 489 1382 537 ;
1425 473 1617 527 consul
1652 489 1776 528 cum
1808 482 1850 536 Α

3353 387 3458 450 286

2058 484 2299 555 Epistula
2330 489 2426 543 101
2449 531 2462 554 ,
2496 491 2566 544 ad
2587 490 2884 546 Celerinam
2907 493 3278 549 diaconissam.

1944 596 1986 651 l.
2017 595 2190 667 llujus
2219 600 2447 669 pariter,
2470 600 2672 656 nobilis
2693 604 2883 672 procul
2906 603 3076 660 dubio
3097 606 3335 673 feminae,
3354 624 3454 678 po—

1880 689 2048 744 tentia
2082 694 2345 748 utendum
2379 697 2590 766 putavit
2628 697 3027 755 Theodoretus.
3058 700 3256 755 Mirum
3284 704 3453 769 enim,

1875 791 2142 850 quantum
2175 793 2323 841 totus
2358 787 2449 842 hic
2477 789 2907 845 diaconissarum
2940 791 3078 846 ordo
3109 802 3164 847 et
3192 792 3454 865 dignitate

1873 879 1930 925 et
1961 874 2288 930 auctoritate
2314 877 2568 945 polleret,
2601 891 2663 933 ut
2707 880 2762 935 in
2793 882 2970 952 ipsum
3004 883 3251 954 redigere
3288 886 3452 942 vellet

1874 963 2218 1022 Theodosius
2253 968 2600 1025 Pulcheriam
2651 971 2952 1043 Augustam
3005 990 3284 1041 sororem,
3343 993 3454 1047 quo

1871 1055 2184 1113 interdictis
2213 1060 2571 1116 saecularibus
2592 1063 2763 1127 curis,
2800 1071 2917 1119 tota
2939 1074 3164 1121 vacaret
3185 1067 3451 1122 ecclesia-

1869 1150 2022 1205 sticis
2057 1160 2113 1206 et
2134 1152 2355 1208 divinis.

1936 1243 2001 1297 ll.
2058 1242 2412 1302 Observanda
2470 1247 2602 1302 duo.
2653 1248 2705 1303 1.
2752 1248 3063 1304 Celerinam
3118 1250 3450 1304 Theodoreti

1865 1349 2095 1404 operum
2126 1336 2299 1393 fuisse
2321 1338 2625 1395 studiosam
2658 1358 2671 1394 :
2701 1340 2848 1394 unde
2869 1340 3016 1394 enim
3036 1339 3238 1409 alioqui
3266 1341 3455 1394 scivis-

1864 1433 1968 1491 set,
2002 1442 2122 1496 quae
2156 1428 2298 1483 foret
2326 1428 2500 1499 ipsius
2526 1445 2705 1497 mens,
2737 1429 2845 1485 nisi
2882 1437 2976 1484 aut
2999 1429 3340 1484 Antiochena
3366 1428 3449 1482 di-

1863 1528 2020 1572 eatur
2039 1559 2054 1583 ,
2094 1527 2189 1573 aut
2214 1520 2520 1576 Antiochia:
2568 1520 2663 1575 diu
2688 1519 2948 1575 versata?
2978 1519 3033 1573 2.
3070 1519 3366 1588 EpiscOpos
3395 1534 3454 1572 se

1861 1610 2079 1665 dedisse
2110 1611 2164 1665 in
2185 1611 2349 1676 viam,
2381 1611 2580 1666 hiemis
2608 1612 2901 1682 asperitate
2934 1618 3266 1680 contempta,
3291 1617 3454 1679 atque

1861 1700 1998 1757 adeo
2040 1702 2142 1756 sub
2174 1701 2337 1757 linem
2364 1703 2493 1757 anni
2519 1703 2645 1757 447.

1973 1814 2216 1887 Epistola
2260 1816 2382 1882 102,
2419 1816 2841 1886 ρωροδῑηιαιονὶα
2868 1817 2938 1870 ad
2958 1815 3216 1871 Basiliam
3242 1816 3353 1885 epi-

2539 1904 2773 1957 scopum.

1936 1996 2201 2055 Seleuciae
2221 2000 2540 2071 episcopum
2560 2041 2574 2065 ,
2611 1999 2835 2055 Isauria:
2853 2001 3146 2071 primatem
3185 1999 3451 2071 intellige,

1865 2089 2125 2161 ad.quem
2146 2099 2230 2147 est
2252 2092 2485 2163 epistola
2513 2093 2603 2148 85.
2634 2093 2772 2149 Vide
2798 2109 2921 2163 qua:
2954 2092 3020 2146 ad
3060 2092 3234 2161 ipsam
3258 2090 3453 2145 obser-

1865 2188 1987 2235 vata
2061 2189 2192 2237 sunt
2237 2182 2305 2237 de
2339 2182 2563 2236 Basilio.
2600 2182 2726 2237 Fuit
2776 2183 2868 2237 ille
2908 2181 3170 2251 frequens
3213 2179 3271 2234 in
3314 2178 3452 2234 urbe

1863 2271 2030 2343 regia,
2063 2271 2448 2342 serviebatque
2472 2272 2708 2343 tempori
2739 2287 2898 2342 :quaa
2922 2271 3023 2326 fuit
3045 2285 3230 2334 causa,
3257 2286 3359 2325 cur
3381 2269 3452 2324 ab

1861 2380 1929 2419 eo
1952 2379 2010 2418 se
2029 2363 2331 2429 desertum,
2357 2363 2415 2419 in
2452 2365 2556 2419 hac
2577 2364 2933 2420 inclinatione
2950 2379 3160 2427 rerum,
3198 2362 3454 2417 Theodo-

1862 2464 2013 2511 retus
2040 2464 2389 2526 quereretur.

1863 2567 2107 2639 Epistola
2133 2568 2257 2634 105,
2274 2570 2706 2624 commendatitia
2729 2568 2799 2623 ad
2827 2566 3167 2639 Apollonium
3188 2566 3448 2620 comitem.

1927 2679 1967 2734 l.
1997 2679 2125 2734 Fuit
2171 2679 2497 2750 Apollonius
2538 2694 2726 2735 comes
2775 2693 3058 2733 sacrarum
3096 2677 3448 2746 largitionum

1861 2784 2007 2823 anno
2025 2768 2150 2833 456,
2186 2776 2248 2822 ut
2271 2777 2487 2824 constat
2522 2784 2587 2824 ex
2615 2768 2653 2821 l.
2679 2767 2780 2822 ult.
2810 2766 2888 2821 De
2918 2764 3253 2836 murilegulis
3276 2806 3291 2830 ,
3319 2764 3449 2818 data

1859 2863 2361 2935 Constantinopoli.

1923 2956 1988 3011 ll.
2023 2955 2106 3011 Ad
2138 2955 2318 3027 ipsum
2347 2953 2553 3024 scripta
2580 2961 2666 3008 est
2700 2950 2932 3021 epistola
2964 2950 3053 3015 75,
3075 2965 3241 3019 quam
3266 2962 3452 3021 opera

1860 3047 2097 3118 pretium
2124 3057 2208 3104 est
2230 3060 2644 3119 recognoscere.
2673 3044 2823 3099 Inter
2846 3042 3025 3113 ipsum
3049 3050 3105 3097 et
3132 3039 3453 3096 Theodore-

170 3138 255 3177 ειη
286 3125 538 3179 hereses.
571 3123 734 3192 Vide,
762 3141 885 3197 quae
921 3127 1339 3187 observavimus
1363 3132 1432 3187 ad
1465 3135 1755 3204 epistolam
1783 3160 1825 3219 ο
1862 3146 1979 3192 tum
2019 3136 2333 3193 intercessit
2380 3137 2645 3201 amicitia,
2695 3136 2811 3192 sive
2854 3151 3021 3207 quam
3068 3136 3290 3201 litterae,
3332 3132 3450 3189 sive

171 3216 389 3286 supposi
398 3217 601 3272 titiam.

333 3330 587 3405 Epistula
613 3330 705 3400 98,
738 3334 1108 3406 deprecatoria
1139 3338 1209 3391 ad
1240 3338 1620 3398 Pancharium.

228 3447 380 3502 Inter
428 3447 675 3503 illustres
705 3448 980 3504 exstitisse
1034 3459 1247 3506 certum
1291 3462 1402 3520 est,
1451 3456 1764 3529 insignique

173 3552 402 3593 munere
431 3537 793 3606 defunctum;
817 3540 912 3595 sed
938 3540 1066 3611 quis
1096 3543 1165 3597 de
1197 3553 1393 3600 caetero
1425 3547 1614 3615 fuerit,
1643 3553 1763 3606 nul-

174 3630 261 3685 lus
284 3629 424 3685 scio.

172 3742 415 3815 Epistola
444 3742 536 3810 99,
565 3743 932 3823 deprecatoria
981 3745 1055 3823 ad
1108 3745 1467 3805 Claudianam
1514 3755 1757 3823 amigra-

836 3817 1103 3887 pharium.

240 3905 318 3962 De
342 3904 648 3963 Claudiano
690 3907 795 3961 tria
825 3917 1098 3963 constant.
1147 3911 1197 3965 l.
1229 3910 1384 3978 Quod
1426 3915 1627 3985 saepius
1661 3935 1759 3972 au-

174 3997 378 4053 diverit
418 3998 857 4064 Theodoretum,
883 4016 1008 4054 cum
1051 4002 1221 4057 verba
1247 4003 1455 4061 faceret
1481 4009 1549 4062 ad
1586 4026 1759 4080 popu-

173 4090 287 4144 lum
332 4089 499 4161 337
545 4090 869 4148 Antiochiae.
924 4092 978 4147 2.
1037 4093 1195 4161 Quod
1229 4111 1356 4152 cum
1407 4101 1683 4171 acciperet
1725 4120 1754 4158 a

173 4181 527 4238 Theodoreto
587 4184 841 4249 litteras,
895 4184 1063 4240 fuerit
1115 4186 1258 4242 inter
1309 4191 1752 4248 catechumenos.

174 4273 227 4327 5.
264 4271 422 4339 Quod
467 4273 912 4344 antigrapharius
960 4276 1051 4330 ille
1082 4288 1403 4335 censeretur
1443 4281 1588 4336 inter
1632 4283 1755 4337 illu-

176 4371 317 4416 stres
353 4379 368 4414 :
406 4362 556 4416 unde
592 4364 1010 4433 magniﬁcentiae
1045 4366 1270 4423 nomine
1315 4384 1346 4423 a
1404 4370 1755 4429 Theodoreto

175 4455 560 4525 compellatur.
588 4455 718 4509 Fuit
754 4472 887 4511 vero
930 4459 1301 4529 ἀντιγραφεὺς
1334 4462 1480 4531 apud
1517 4462 1754 4528 Graecos,
1790 4500 1831 4546 η

174 4562 339 4616 quem
367 4546 509 4601 Galli
555 4554 759 4602 vocant
790 4546 1104 4604 Contréleur
1132 4550 1350 4622 general
1389 4553 1475 4607 des
1498 4552 1755 4622 ﬁnances.

175 4636 256 4692 Ad
290 4653 421 4693 eum
450 4647 584 4693 sunt
619 4638 759 4703 alite,
812 4656 930 4694 mea
962 4641 1187 4710 quidem
1242 4644 1539 4710 sententia,
1566 4645 1763 4701 litterae

177 4728 237 4783 41
265 4737 322 4783 et
354 4729 425 4783 50
447 4730 516 4783 ⁷⁷.

314 4842 561 4910 Epistola
593 4842 715 4907 100,
750 4845 819 4898 ad
839 4844 1204 4901 Alexandrum
1231 4849 1602 4905 diaconissam.

244 4933 287 4987 1.
342 4933 471 4988 Haec
516 4942 603 4989 est
639 4936 969 5002 Alexandra,
1012 4954 1177 5007 quam
1214 4940 1269 4993 in
1316 4941 1472 4994 ohitu
1514 4944 1761 5012 conjugis

176 5026 493 5081 consolatus
556 5036 642 5082 est
696 5028 1075 5085 Theodoretus
1145 5032 1310 5100 epist.
1376 5034 1476 5096 14,
1526 5050 1756 5104 quaeque

178 5132 329 5172 more
374 5118 847 5174 nobilissimarum
877 5121 1169 5175 viduarum
1203 5122 1258 5175 in
1309 5123 1676 5179 diaconissam
1725 5142 1753 5180 a

178 5207 389 5275 Proclo,
414 5211 884 5280 quemadmodum
925 5230 956 5267 a
979 5213 1371 5286 Chrysostomo
1395 5217 1548 5286 prius
1571 5216 1754 5289 Olym-

177 5294 312 5363 pias,
340 5298 594 5354 ordinata
618 5308 723 5355 est.
1007 5347 1023 5362 .

244 5387 308 5442 ll.
336 5387 465 5446 Hac
492 5391 833 5448 Theodoreti
862 5406 1066 5464 partes,
1101 5408 1161 5451 ut
1183 5398 1299 5467 ipse
1328 5397 1529 5462 innuit,
1562 5397 1751 5451 defen-

177 5474 358 5543 derat,
388 5480 620 5550 suisque
654 5481 711 5536 id
750 5482 949 5540 litteris
990 5487 1399 5556 renuntiaverat
1436 5506 1447 5539 :
1477 5488 1604 5541 huic
1640 5487 1751 5556 (δρία

178 5503 358 5543 uerat,
388 5503 620 5550 suisque
654 5503 711 5536 ια
750 5503 949 5540 ιιιιθιοιδ
990 5504 1017 5539 r
1055 5503 1399 5542 nuntiaverat
1436 5506 1447 5539 :
1478 5503 1604 5541 nunc

178 5579 369 5637 scapos
399 5571 757 5627 commendat
789 5574 986 5643 opibus
1012 5503 1069 5627 it
1093 5592 1226 5631 cura
1253 5576 1607 5646 adjuvandos.

1868 3243 2031 3298 quam
2068 3242 2396 3298 congressus
2421 3227 2695 3298 pepererit
2713 3235 2770 3282 et
2795 3226 3011 3282 foverit.

1865 3359 2106 3432 Epistola
2135 3359 2258 3426 101,
2292 3359 2658 3430 deprecatoria
2690 3358 2762 3413 ad
2798 3358 3115 3413 Flavianum
3141 3355 3448 3414 Constanti-

2367 3429 2572 3483 nonolis
2611 3431 2930 3483 enisconum.

2367 3445 2572 3501 nopons
2611 3445 2930 3501 episwpum.

1923 3544 1965 3598 l.
1999 3544 2074 3599 De
2104 3542 2369 3598 Flaviano
2397 3540 2566 3596 semel
2604 3538 2837 3609 epistola
2866 3537 2954 3602 ll,
2988 3536 3191 3592 iterum
3216 3535 3449 3606 epistola

1862 3637 1929 3692 86
1960 3636 2168 3690 dictum
2194 3641 2299 3690 est.

1934 3725 1999 3780 ll.
2054 3724 2215 3780 Nunc
2263 3721 2610 3777 observanda
2639 3720 2766 3776 tria.
2817 3719 2973 3775 Hanc
3012 3719 3300 3789 epistolam
3348 3732 3445 3790 per

1859 3814 2154 3883 episcopos
2181 3813 2394 3881 legatos
2416 3809 2641 3864 missam
2670 3810 2687 3829 ‘
2715 3807 2964 3879 ejusdem
2994 3822 3115 3862 esse
3142 3808 3448 3877 argumenti

1857 3905 2021 3975 338
2044 3918 2169 3958 cum
2209 3899 2545 3970 octogesima
2586 3905 2773 3964 sexta,
2820 3897 2930 3951 nisi
2965 3896 3111 3966 quod
3149 3895 3345 3966 dogma
3379 3895 3449 3951 de

1859 4012 1968 4049 uno
1995 3993 2129 4048 Filio
2160 3990 2429 4062 prolixius
2457 3988 2776 4058 exponitur.
2807 3987 2863 4041 2.
2900 3985 3039 4042 Cum
3083 3992 3449 4040 recensentur

1858 4086 2123 4149 haeretici,
2155 4083 2250 4153 qui
2277 4080 2347 4136 de
2376 4079 2599 4136 Christo
2648 4095 2809 4135 secus
2838 4094 3001 4147 quam
3027 4084 3268 4147 oportet,
3316 4090 3448 4131 sen-

1856 4192 1999 4239 sere,
2034 4191 2144 4228 non
2170 4170 2434 4242 appellari
2464 4170 2708 4225 Nestorii
2740 4185 2965 4223 nomen.
3002 4169 3054 4223 5.
3089 4167 3220 4234 Quae
3247 4167 3440 4223 dicun-

1858 4278 1947 4321 tur
2001 4265 2069 4321 de
2110 4264 2322 4318 ratione
2372 4261 2613 4325 diversa,
2663 4275 2771 4328 qua
2805 4258 3198 4328 disputandum
3253 4266 3339 4312 est
3378 4258 3446 4313 de

1857 4357 2230 4413 incarnatione
2269 4354 2535 4409 adversus
2561 4351 2814 4407 diversos
2847 4349 3157 4414 haereticos,
3215 4351 3445 4405 totidem

1859 4450 1970 4505 fere
2002 4449 2183 4504 verbis
2227 4448 2279 4501 in
2324 4445 2570 4516 dialogo,
2601 4441 2696 4514 qui
2725 4442 2929 4497 dicitur
2960 4441 3290 4512 Inronfusus,
3316 4456 3448 4496 con-

1863 4540 2049 4595 tineri.

1863 4650 2108 4722 Epistola
2145 4649 2281 4715 105,
2332 4648 2632 4703 hortatoria
2689 4647 2758 4701 ad
2786 4644 3070 4716 Eulogium
3102 4658 3441 4696 a'conomum.

1939 4762 2195 4833 Ejusdem
2241 4769 2327 4815 est
2364 4760 2674 4831 argumenti
2718 4775 2842 4814 cum
2888 4754 3331 4827 praecedentibus
3359 4755 3444 4809 vi-

1860 4855 2019 4923 ginti.
2049 4854 2261 4920 Quanta
2289 4853 2455 4909 fuerit
2481 4853 2535 4906 in
2573 4852 2820 4907 Ecclesia
2841 4847 3445 4917 Constantinopolitana

1859 4960 2273 4999 meonomorum
2327 4944 2617 5012 potentia,
2675 4957 2840 4997 nemo
2896 4940 3152 4995 eruditus
3217 4939 3441 4994 nescit:

1856 5042 2064 5102 quanto
2088 5032 2311 5103 pietatis
2326 5033 2509 5087 studio
2536 5032 2943 5095 incenderetur,
2976 5039 3289 5101 quantaque
3317 5030 3444 5082 inde

1855 5141 1883 5178 a
1907 5125 2094 5179 multis
2121 5124 2288 5179 unius
2312 5131 2524 5178 naturae
2546 5122 2931 5179 defensoribus
2958 5122 3260 5177 certamina
3281 5121 3445 5175 susti~

1856 5225 2014 5273 neret
2056 5215 2340 5286 Eulogius,
2379 5214 2766 5270 Theodorelus
2792 5215 2992 5281 tradit;
3030 5213 3196 5269 tradit
3237 5213 3444 5283 pariter

1854 5307 2110 5361 edoctum
2140 5303 2335 5374 probe,
2366 5303 2482 5358 sive
2509 5303 2777 5357 librorum
2811 5303 3071 5365 lectione,
3100 5300 3248 5371 quod
3271 5300 3442 5370 magis

1852 5413 2001 5460 reor,
2037 5397 2149 5451 sive
2174 5394 2538 5457 sermonibus,
2564 5407 2686 5461 qum
2708 5391 2848 5446 foret
2895 5409 3049 5446 mens
3080 5390 3439 5456 Theodoreti,

1853 5485 1921 5539 de
1949 5484 2345 5554 quaestionibus
2384 5499 2447 5537 ea
2488 5488 2819 5551 tempestate
2844 5481 3209 5545 ferventibus,
3239 5480 3302 5532 de
3329 5496 3439 5533 una

1854 5576 2120 5629 incarnati
2147 5575 2291 5629 Verbi
2312 5586 2528 5639 natura,
2554 5575 2617 5629 de
2644 5573 2751 5629 Deo
2778 5589 2951 5643 passo,
2973 5582 3078 5626 etc.
3104 5571 3282 5637 Quare
3304 5568 3437 5623 hor-

1517 5729 1829 5784 Stllllillll
1872 5729 2100 5784 NUTJE.

253 5810 291 5845 "
318 5814 520 5888 Ephes.
545 5817 771 5883 concil.,
806 5828 945 5888 part.
990 5837 1024 5873 ι.
1107 5822 1146 5852 ’⁷
1180 5821 1301 5875 \‘id.
1352 5837 1534 5890 δυειι-ςι,
1571 5838 1622 5891 ρ,
1659 5822 1758 5875 3;:0
1788 5831 1839 5875 (ιι
1883 5822 2003 5875 δάε,
