3926 6216
596 327 697 392 287

596 453 745 499 tatur
777 441 844 498 ad
884 440 969 497 sui
1002 440 1381 497 defensionem
1410 449 1465 495 et
1497 439 1883 511 episcoporum
1920 443 2178 497 subleva-

598 535 824 590 tionem.

597 648 842 721 Epistola
875 647 996 715 106,
1034 648 1464 704 eommendatitia
1509 651 1580 704 ad
1621 651 1985 706 Abrahamum
2037 669 2173 709 teco-

1270 736 1505 774 nomum.

669 832 929 903 Ejusdem
961 831 1187 887 omnino
1214 832 1525 903 argumenti
1547 834 2058 904 eum'praieedente.

599 944 840 1017 Epistula
866 944 988 1010 107,
1016 947 1316 1000 hortatoria
1343 945 1413 1000 ad
1442 946 1760 1001 Theodotum
1791 947 2170 1018 presbyterum.

666 1056 898 1111 Videtur
927 1064 984 1111 et
1014 1056 1121 1112 iste
1144 1059 1374 1128 Fquoque
1404 1057 1723 1114 Theodotus
1761 1059 1965 1114 nobilis
2003 1060 2173 1114 exsti-

598 1148 729 1202 tisse
781 1148 924 1203 inter
964 1148 1319 1220 presbyteros
1366 1148 1625 1204 Ecclesia:
1669 1149 2173 1221 Constantinopoli-

598 1248 758 1302 tanae,
785 1248 1077 1310 partesque
1099 1239 1430 1295 Theodoreti
1455 1240 1716 1295 adversus
1743 1252 2175 1312 propugnatores

600 1330 766 1386 unius
808 1340 1019 1386 natura:
1065 1332 1245 1402 palam
1288 1339 1344 1387 et
1384 1348 1508 1388 cum
1548 1332 1794 1402 periculo
1843 1332 2171 1388 defendisse.

597 1422 768 1493 Cujus
799 1422 1057 1479 Ecclesia:
1093 1439 1191 1480 seu
1234 1424 1379 1480 tituli
1427 1424 1717 1496 presbyter
1758 1424 1946 1491 fuerit,
1989 1426 2178 1481 nullus

600 1529 738 1569 SCIO.

630 1626 875 1699 Epistola
905 1628 1026 1694 108,
1059 1629 1354 1682 hortatoria
1388 1628 1458 1683 ad
1481 1628 1728 1683 Acacium
1762 1630 2137 1701 presbyterum.

670 1740 1055 1810 Orphanorum
1101 1742 1203 1796 iste
1236 1750 1458 1797 curator
1493 1741 1725 1797 Aeacius
1759 1761 1771 1796 :
1802 1742 1905 1798 fuit
1929 1744 2093 1799 etiam
2118 1744 2174 1798 in

599 1831 849 1902 partibus
889 1832 1240 1898 Theodoreti,
1286 1849 1490 1903 easque
1544 1835 1721 1904 palam
1770 1844 1827 1890 et
1864 1845 2179 1893 constanter

600 1924 984 1995 propugnavit.
1017 1924 1281 1979 Hortatur
1307 1925 1717 1992 'l‘heodoretus,
1743 1936 1804 1982 ut
1827 1937 2173 1997 perseveret;

597 2025 762 2086 atque
786 2016 945 2083 adeo,
975 2017 1121 2087 quod
1146 2017 1562 2089 intelligendum
1584 2061 1599 2086 ,
1632 2020 1863 2076 consilia
1886 2035 2010 2076 cum
2053 2021 2175 2091 cpio

598 2108 782 2179 scopis
806 2110 1197 2165 communicet.

599 2221 842 2288 Epistula
889 2223 1012 2290 109,
1055 2225 1486 2309 εοηηηεηᾴατίῑὶα
1533 2228 1603 2282 ad
1631 2227 1916 2283 Eusebium
1954 2229 2175 2302 Ancyra:

1233 2312 1552 2368 episcOpum.

669 2402 712 2456 Ι.
747 2402 832 2457 Ad
856 2403 1113 2459 eumdem
1154 2404 1258 2460 fuit
1295 2407 1528 2476 epistola
1574 2407 1663 2475 82,
1695 2410 1764 2464 ad
1791 2426 1955 2481 quam
1981 2412 2174 2467 obser-

600 2491 847 2547 vavimus
879 2507 1002 2563 quae
1041 2494 1160 2550 visa
1192 2504 1322 2550 sunt
1351 2494 1420 2550 de
1446 2497 1688 2557 Eusebio
1717 2517 1730 2553 :
1759 2517 1914 2556 nunc
1961 2502 2028 2558 de
2053 2503 2173 2572 epi-

600 2582 761 2647 stola,
791 2600 913 2654 qua:
947 2600 1073 2640 cum
1101 2587 1539 2656 praecedentibus
1565 2593 1793 2663 reliquis
1816 2594 1939 2649 data
1970 2605 2074 2650 est.

666 2676 732 2730 ll.
760 2676 818 2730 In
837 2692 901 2731 ea
922 2679 1163 2748 primum
1190 2696 1250 2736 se
1268 2682 1648 2740 Theodoretus
1671 2686 2006 2746 consolatur.
2027 2690 2174 2759 quod

599 2773 915 2820 sanctorum
959 2768 1263 2825 calumnias
1303 2787 1591 2841 passorum
1638 2774 1887 2845 vestigiis
1928 2776 2170 2832 insistat.

596 2854 804 2915 Deinde
832 2858 996 2915 fidem
1025 2876 1180 2918 suam
1202 2863 1271 2920 de
1296 2881 1408 2921 uno
1434 2866 1574 2922 Filio
1600 2869 1843 2938 exponit.
1873 2870 2066 2926 Postea
2090 2872 2174 2926 lo-

596 2946 788 3017 quitur
827 2948 897 3005 de
944 2951 1184 3023 scripto,
1219 2970 1332 3024 quo
1365 2957 1683 3026 complexus
1730 2959 1910 3014 fuerat
1950 2961 2174 3017 Patrum

597 3040 907 3096 testimonia
936 3059 1038 3113 pro
1062 3059 1122 3100 se
1148 3045 1438 3116 facientia;
1472 3050 1719 3121 petitque
1753 3053 1983 3108 rescribi
2009 3055 2078 3108 ad
2113 3071 2173 3111 se

594 3131 663 3186 ab
690 3133 961 3203 Eusebio,
987 3138 1120 3208 quid
1163 3138 1291 3195 inde
1325 3142 1581 3197 senserit.
1624 3143 1871 3214 Denique
1900 3161 2175 3203 commen-

594 3219 690 3275 dat
749 3225 1039 3295 episcopos
1081 3229 1297 3301 Ancyra
1357 3231 1718 3300 transituros,
1758 3235 2035 3307 traditque
2078 3252 2173 3293 eos

594 3313 776 3370 hieme
814 3317 918 3372 iter
944 3317 1146 3375 facere.
1189 3321 1328 3376 Cum
1374 3326 1523 3380 enim
1555 3334 1986 3398 tempestuosum
2027 3341 2174 3388 esset

595 3418 767 3468 mare,
803 3404 1152 3477 intutumque
1201 3411 1694 3485 hiemiS'temporc,
1738 3418 1844 3474 iter
1883 3421 1994 3477 illis
2027 3431 2173 3480 terra

593 3508 717 3549 esse
731 3495 943 3562 debuit,
961 3500 1109 3570 quod
1138 3510 1198 3555 ut
1215 3502 1600 3560 brevissimum
1620 3509 1973 3581 conficerent,
1996 3523 2174 3572 trans-

595 3586 728 3640 ituri
768 3597 927 3644 erant
951 3590 1167 3662 Ancyra
1184 3591 1428 3663 Galatiae,
1461 3607 1517 3653 et
1537 3598 1665 3655 inde
1684 3605 1925 3660 secundo
1944 3605 2172 3664 ﬂumine

595 3674 861 3749 Sangario
894 3680 1107 3737 devecti
1158 3683 1215 3738 in
1262 3685 1595 3759 Bithyniam,
1638 3691 1987 3752 Chalcedone
2024 3697 2169 3755 Con-

594 3767 1007 3839 stantinopolim
1053 3774 1357 3845 trajecturi.
1394 3778 1755 3846 Asperitatem
1779 3784 1944 3857 339
2002 3804 2172 3859 porro

594 3853 795 3916 hiemis
816 3862 1084 3926 meminit,
1109 3865 1369 3935 quoniam
1401 3867 1567 3924 Tauri
1601 3853 1815 3931 montis
1843 3853 2019 3948 atque
2059 3879 2171 3935 An-

599 3951 780 4008 titauri
809 3953 984 4011 vicina
1010 3957 1128 4011 loca
1154 3962 1492 4031 peragraturi
1526 3974 1706 4021 erant.

664 4044 751 4098 111.
787 4043 1083 4116 Scriptum,
1124 4052 1282 4122 cujus
1336 4055 1671 4113 mentionem
1713 4059 1863 4127 facit,
1915 4068 2170 4137 suspicor

594 4150 716 4190 esse
757 4136 1142 4209 depromptum
1168 4158 1237 4197 ex
1280 4145 1523 4201 secundo
1564 4147 1815 4222 dialogo;
1850 4170 1955 4211 nec
1991 4159 2060 4214 ab
2100 4175 2167 4216 ea

592 4225 817 4283 differre
874 4230 1315 4288 testimoniorum
1367 4237 1590 4308 sylloge,
1640 4256 1764 4310 qua:
1817 4249 2166 4314 postmodum

592 4316 776 4373 addita
820 4329 904 4375 est
946 4323 1189 4392 epistolae
1244 4329 1417 4383 sancti
1461 4329 1684 4386 Leonis.

670 4430 913 4503 Epistola
942 4433 1041 4489 110
1069 4437 1141 4490 ad
1167 4436 1429 4494 Damnum
1449 4440 1740 4501 Antiochite
1760 4450 2088 4521 "episcopum.

660 4525 703 4580 Ι.
739 4525 962 4597 Spectat
997 4531 1191 4599 procul
1225 4532 1395 4588 dubio
1427 4535 1496 4590 ad
1544 4538 1672 4592 anni
1720 4541 1822 4595 447
1868 4543 2072 4599 ﬁnem:
2109 4545 2173 4601 fit

589 4618 738 4673 enim
769 4619 825 4674 in
856 4635 921 4675 ea
965 4623 1174 4677 mentio
1211 4623 1454 4682 defuncti
1480 4628 1681 4696 Procli,
1710 4632 1805 4701 qui
1845 4634 1912 4688 ad
1943 4651 2173 4706 superos

591 4708 811 4764 transiit
841 4708 1313 4784 Constantinopoli
1346 4730 1475 4773 ann.
1507 4719 1632 4785 447,
1678 4721 1770 4778 die
1801 4723 1870 4779 24
1897 4725 2168 4788 Octobris.

662 4798 727 4852 ll.
774 4800 860 4854 Fit
900 4810 957 4856 et
997 4804 1204 4859 mentio
1242 4804 1606 4875 depositionis
1650 4810 1860 4879 lrenaei,
1901 4830 2023 4885 quae
2044 4825 2174 4874 tunc

591 4895 691 4942 aut
727 4889 908 4946 futura
948 4893 1093 4965 vulgi
1127 4911 1347 4953 rumore
1365 4896 1664 4965 ferebatur,
1694 4910 1789 4958 aut
1820 4904 1985 4960 etiam
2015 4924 2172 4962 man-

594 4977 723 5032 dato
754 4979 1100 5050 imperatoris
1132 4987 1355 5043 decreta
1393 5000 1532 5055 erat,
1564 4991 1745 5062 reipsa
1768 5010 1900 5049 vero
1930 5006 2173 5066 postmo-

596 5068 726 5122 dum
748 5069 929 5125 edicto
952 5074 1331 5141 praefectorum
1353 5082 1630 5150 publicata
1654 5092 1762 5153 est,
1784 5086 1841 5141 in
1871 5088 2172 5146 Palaestina:

597 5162 992 5218 monachorum
1025 5166 1285 5225 Ecclesiis
1332 5187 1476 5228 anno
1517 5174 1642 5241 448,
1676 5175 1768 5232 die
1821 5177 1891 5235 18
1943 5179 2170 5250 Aprilis,

594 5268 718 5322 quat
763 5253 869 5308 fuit
913 5255 1028 5308 Νέα
1072 5263 1330 5330 κυριακή.

670 5346 756 5401 Ill.
798 5346 1062 5413 Queritur
1087 5350 1488 5421 Theodoretus,
1518 5358 1667 5412 tendi
1693 5359 1798 5415 sibi
1831 5362 2079 5429 insidias,
2107 5380 2175 5420 eo

596 5438 744 5508 quod
774 5439 977 5509 deponi
1008 5440 1271 5497 Irenaeum
1297 5444 1492 5515 jubeat
1539 5448 1856 5519 imperator,
1894 5471 1997 5510 nec
2017 5472 2174 5510 man-

599 5529 693 5583 det
728 5537 909 5585 tamen
951 5532 1178 5587 alterius
1222 5534 1337 5590 fieri
1373 5538 1774 5597 ordinationem
1811 5562 1822 5597 :
1860 5545 1988 5600 hinc
2028 5547 2173 5601 enim

1716 331 2095 394 GARNERII
2134 332 2629 396 DISSERTATIO
2666 335 2748 395 II.

3724 344 3809 408 288

2208 447 2254 501 A
2281 441 2530 498 futurum
2557 452 2698 511 erat,
2759 453 2820 500 ut
2849 461 2979 501 reus
3013 444 3170 502 fieret
3208 448 3425 519 injustas
3447 447 3664 517 alicujus
3683 455 3806 511 ordi.

2277 535 2536 600 nationis,
2583 535 2699 591 sive
2749 537 2939 593 lrenaei
2974 537 3375 607 depositionem
3415 540 3674 609 probaret,
3715 545 3809 601 sive

2277 626 2632 696 improbaret.
2678 626 2735 682 Si
2782 628 2931 682 enim
2963 637 3195 698 propter
3231 629 3475 686 rationes
3505 630 3573 686 ab
3611 634 3807 706 impera-

2277 724 2395 771 tore
2422 715 2689 772 adduetas
2724 717 3079 786 improbaret,
3113 733 3211 772 cur
3248 719 3517 775 lrenteum
3544 722 3805 778 erdinavit?

2276 822 2376 862 cur
2420 806 2600 876 ipsum
2636 817 2862 878 pr0pter
2897 808 3060 863 ﬁdem
3107 819 3163 863 et
3199 819 3427 865 caeteras
3461 811 3677 868 virtutes
3712 815 3804 869 lau-

2277 896 2407 951 dat?
2444 900 2462 919 ‘
2507 898 2565 952 Si
2599 898 2883 969 probaret,
2935 915 3035 955 cur
3076 899 3290 956 Irenaeo
3333 916 3689 959 successorem
3720 922 3805 960 non

2275 988 2534 1044 ordinat?

2346 1081 2434 1136 IV.
2488 1080 2790 1151 Digamiam
2850 1097 3016 1153 porro
3062 1099 3176 1140 non
3222 1085 3395 1141 fuisse
3442 1084 3803 1155 impedimento,

2276 1172 2584 1238 conﬁrmat,
2624 1173 2863 1243 primum
2890 1176 3143 1246 exemplo
3176 1176 3471 1232 Alexandri
3504 1177 3803 1247 Antiocheni,

2276 1267 2372 1334 qui
2440 1266 2782 1335 Diogenem,
2835 1275 2892 1321 et
2945 1268 3147 1340 Praylii
3193 1269 3691 1342 Hierosolymitani,
3731 1275 3804 1342 qui

2275 1357 2630 1424 Domninum,
2680 1358 2928 1429 digamos
2975 1360 3361 1427 ordinassent;
3420 1361 3611 1417 deinde
3653 1378 3807 1417 asseu-

2277 1447 2430 1503 sione
2477 1450 2680 1517 Procli,
2726 1450 3228 1522 episcoporumque
3278 1453 3517 1508 Ponticae
3553 1453 3807 1509 diieceseos

2276 1550 2333 1597 et
2371 1542 2691 1607 Palaestinae,
2718 1543 2813 1612 qui
2855 1542 3260 1598 ordinationem
3297 1544 3482 1600 lrenaei
3509 1545 3809 1614 probassent.

2347 1634 2411 1688 V.
2439 1632 2634 1688 Mirum
2665 1634 2845 1689 videri
2873 1624 3075 1704 potest,
3109 1636 3259 1705 quod
3295 1636 3678 1698 Theodoretus,
3702 1653 3804 1706 par-

2278 1739 2359 1778 vm
2412 1731 2469 1778 et
2508 1733 2734 1779 remotae
2784 1725 2975 1795 procul
3035 1725 3277 1781 civitatis
3323 1726 3620 1797 episcopus,
3665 1727 3807 1798 Tyriae

2279 1816 2539 1871 Ecclesia:
2583 1816 2906 1886 episcopum
2954 1808 3255 1872 Phoenicia;
3302 1818 3494 1887 primae
3533 1818 3803 1887 metropoli-

2281 1918 2467 1963 tanum
2509 1908 2897 1965 ordinaverit:
2954 1926 3077 1979 quae
3123 1910 3273 1964 enim
3321 1908 3449 1965 facti
3492 1910 3678 1965 causa?
3719 1909 3807 1964 Cur

2277 2000 2689 2071 circumpositis
2715 2007 2796 2055 tot
2824 2001 3234 2070 provinciarum
3269 1999 3619 2065 antistitibus,
3642 2000 3805 2055 utrius-

2276 2109 2384 2165 que
2421 2093 2688 2148 nimirum
2731 2093 2902 2165 Syriae
2939 2100 2996 2148 et
3054 2093 3361 2150 Phoenicim
3414 2090 3729 2153 Libanitidis,
3763 2090 3807 2144 id

2278 2199 2448 2240 ausus
2493 2185 2617 2240 est?
2660 2183 2744 2239 An
2785 2185 2916 2241 solis
2946 2184 3272 2240 Phoenicum
3309 2183 3558 2254 precibus
3582 2181 3804 2237 adductus

2279 2275 2417 2330 fuit?
2458 2275 2570 2332 Cur
2612 2291 2747 2345 ergo
2790 2275 2858 2330 de
2900 2275 3251 2346 subrogando
3297 2276 3353 2329 in
3394 2275 3567 2329 locum
3615 2270 3804 2341 depositi

2276 2368 2537 2437 episcopo
2583 2376 2691 2423 tam
2735 2366 2972 2421 sollicite
3013 2366 3359 2436 angebatur?
3407 2364 3486 2419 An
3516 2362 3691 2418 Domni
3728 2376 3804 2430 pa-

2279 2459 2530 2514 triarchae
2551 2458 2796 2528 iussione
2818 2473 2884 2513 ae
2912 2456 3118 2511 vicaria
3144 2456 3456 2527 potestate?
3478 2454 3582 2511 Cur
3607 2453 3657 2508 id
3683 2451 3807 2507 silet?

2275 2548 2387 2604 Cur
2430 2548 2795 2603 ordinationis
2831 2548 2989 2604 factae
3017 2547 3228 2603 crimen
3260 2548 3364 2603 hac
3399 2545 3692 2601 defensioue
3717 2556 3802 2596 non

2277 2640 2495 2710 repellit
2514 2640 2537 2693 ?

2308 2752 2552 2824 Epistula
2582 2752 2706 2817 111,
2732 2752 3059 2824 apologetiea
3084 2752 3155 2807 ad
3177 2753 3481 2808 Anatolium
3515 2748 3772 2821 patricium.

2348 2860 2390 2914 Ι.
2436 2859 2573 2916 Cum
2635 2861 2846 2931 accepit
2895 2862 3180 2919 Anatolius
3228 2862 3531 2934 epistolam,
3575 2872 3684 2929 quae
3731 2854 3800 2916 93.

2276 2952 2585 3007 rescribens
2627 2953 3035 3009 Theodoretum
3068 2955 3281 3020 docuit,
3321 2960 3548 3024 quantos
3580 2950 3802 3005 Constan—

2279 3043 2511 3113 tinopoli
2559 3044 2615 3098 in
2666 3045 2847 3115 ipsum
2893 3054 3076 3100 motus
3119 3047 3449 3102 concitasset
3484 3048 3801 3101 Osroenorum

2203 3118 2249 3176 θ
2279 3134 2605 3189 clericorum
2648 3136 2905 3204 querela;
2953 3144 3335 3206 quantumque
3388 3129 3701 3203 impenderet
3726 3141 3800 3195 με·

2282 3227 2539 3291 rieulum,
2580 3227 2688 3282 nisi
2711 3236 3097 3293 amoveretur;
3125 3227 3374 3284 defendit
3399 3242 3455 3282 se
3479 3221 3803 3280 Theodoretus

2281 3319 2589 3374 rationibus
2644 3319 2888 3388 optimis,
2944 3329 3001 3375 et
3044 3321 3407 3375 nihilominus
3449 3332 3505 3373 se
3549 3315 3610 3370 ad
3648 3324 3803 3383 perpe'

2282 3409 2526 3463 tiendum
2586 3408 2891 3477 quidlibet,
2947 3409 3063 3463 sive
3109 3410 3365 3466 exsilium
3414 3406 3542 3464 illud
3592 3405 3674 3467 sit,
3713 3402 3801 3454 sive

2278 3499 2445 3555 etiam
2485 3514 2655 3563 mors,
2698 3507 2951 3569 paratum
2995 3508 3251 3556 testatur.

2346 3592 2411 3645 ll.
2445 3590 2580 3645 Data
2613 3597 2699 3645 est
2730 3590 2983 3660 epistola,
3012 3601 3137 3662 post
3180 3602 3465 3664 receptum
3505 3583 3716 3645 Anatolii
3750 3579 3802 3634 ad

2277 3681 2515 3752 priorem
2537 3697 2859 3751 responsum
2883 3682 3079 3754 :340
3094 3685 3385 3740 Anatolius
3412 3699 3519 3738 non
3542 3673 3802 3748 respondit.

2277 3774 2380 3826 nisi
2407 3780 2691 3843 postquam
2714 3773 3000 3844 epistolam
3017 3776 3263 3845 priorem
3294 3778 3363 3832 ab
3402 3770 3658 3845 episcopis
3690 3763 3804 3819 Con-

2277 3862 2683 3936 stantinopolim
2703 3864 2945 3934 appulsis
2982 3866 3286 3935 accepisset
3309 3884 3323 3922 :
3349 3864 3608 3936 appellere
3626 3856 3695 3912 illi
3715 3865 3803 3907 non

2274 3963 2576 4026 potuerunt
2601 3964 2727 4009 ante
2750 3955 2913 4010 tinem
2942 3958 3071 4012 anni
3094 3959 3221 4024 M7,
3243 3956 3511 4013 autetiam
3535 3948 3804 4007 initiumse-

2274 4046 2493 4116 quentis
2516 4064 2530 4114 ;
2561 4062 2754 4116 aspera
2773 4049 2922 4103 enim
2939 4049 3121 4104 hieme
3151 4049 3444 4105 Antiochia
3466 4041 3802 4101 discesseram.

2276 4137 2401 4193 llmc
2447 4137 2612 4208 igitur
2650 4139 2924 4208 posterior
2966 4139 3197 4208 epistola
3243 4141 3373 4195 data
3418 4146 3500 4194 est
3536 4138 3650 4205 post
3693 4125 3806 4180 fesll

2274 4229 2574 4298 Paschalia,
2601 4230 2823 4285 circiter
2845 4228 3010 4285 finem
3035 4231 3253 4303 Aprilis.
3269 4233 3397 4288 anni
3423 4228 3543 4284 M8.

2333 4342 2577 4416 Epistola
2615 4344 2738 4410 112,
2772 4344 2843 4398 ad
2865 4344 3135 4400 Damnum
3164 4346 3454 4403 Antiochia:
3472 4340 3756 4411 ερίεεορίυη·

2191 4472 2237 4527 ι)
2334 4458 2377 4514 Ι.
2408 4457 2726 4514 Certissima
2752 4466 2837 4513 est
2873 4459 3140 4529 temporis
3180 4468 3347 4515 nota:
3384 4457 3444 4511 lit
3490 4452 3626 4509 enim
3670 4445 3719 4497 in
3751 4449 3802 4492 ea

2278 4553 2487 4608 mentio
2512 4544 2840 4606 evocatorite
2863 4551 3026 4622 regiae
3058 4551 3127 4606 ad
3176 4549 3471 4608 secundam
3516 4535 3803 4611 Ephesinam

2276 4643 2580 4717 synodum;
2608 4652 2663 4697 et
2685 4641 2849 4697 datur
2875 4658 2907 4696 a
2934 4641 3286 4699 Theodorcto
3315 4637 3599 4696 consilium
3629 4629 3803 4682 Domno

2278 4735 2348 4792 de
2378 4736 2545 4791 rebus
2568 4736 2624 4790 in
2645 4736 2853 4806 synodo
2883 4736 3130 4806 agendis,
3159 4732 3555 4807 eligendisque,
3589 4729 3711 4779 quos
3732 4722 3802 4764 se-

2278 4843 2403 4883 cum
2438 4827 2687 4891 duceret,
2715 4828 3086 4898 metropolitis
3111 4826 3179 4883 ⁷⁸.
3659 4896 3668 4902 _
3725 4890 3751 4902 _,

2343 4917 2409 4971 ll.
2450 4917 2585 4971 Data
2622 4925 2709 4971 est
2741 4896 2931 4987 igitur,
2960 4926 3251 4988 postquam
3283 4908 3615 4986 pervenissef

2277 5006 2457 5061 ehiam
2488 4983 2821 5069 evocatoria,
2845 5014 2902 5059 et
2936 4983 3230 5075 antequam
3259 5005 3498 5059 Domnus
3533 4983 3803 5075 prOﬁClsf‘e'

2279 5104 2434 5152 retur
2464 5096 2763 5165 Ephesum.
2797 5095 2937 5151 Cum
2988 5073 3120 5166 ergo
3151 5089 3460 5151 evocatoria
3493 5073 3802 5166 consigntmf

2270 5162 2576 5258 Protogene
2604 5195 2663 5241 et
2695 5185 2908 5240 Asterie
2933 5162 3079 5241 coss:
3105 5186 3139 5241 '5
3179 5186 3295 5241 Kal.
3340 5174 3556 5249 Aprilis,
3588 5162 3801 5259 foreuttle

2274 5275 2331 5329 in
2369 5247 2777 5331 eavcondictum
2808 5275 3065 5337 Patribus
3093 5276 3161 5330 ad
3181 5247 3448 5331 Kalendas
3465 5249 3698 5328 Augusti,
3731 5247 3800 5337 at:

2274 5381 2381 5435 que
2406 5366 2635 5421 distaret
2663 5366 2958 5422 Antiochia
2980 5367 3230 5437 Ephesus
3264 5364 3460 5419 itinere
3490 5350 3687 5407 dierum

2276 5430 2425 5527 ginta
2478 5466 2535 5511 et
2574 5458 2831 5528 amplius,
2881 5469 2938 5514 et
2984 5430 3221 5514 necdum
3281 5449 3528 5522 elegisset
3568 5430 3805 5557 0011?“:

2279 5564 2418 5618 quos
2443 5564 2629 5603 secum
2667 5549 2915 5616 duceret,
2945 5550 3350 5621 mctropolitas;
3388 5546 3600 5595 necesse
3628 5526 3727 5579 est,
3751 5520 3778 5561 ιι

1958 5701 2264 5758 StillULZII
2309 5702 2531 5758 ΞΝΟΤᾹΞ.

673 5755 714 5788 ⁷⁸
751 5757 868 5814 Vid.
914 5776 1098 5832 supra,
1147 5780 1202 5834 p.
1242 5764 1358 5817 182.
