3926 6216
168 299 261 365 $9

1310 290 1408 352 DE
1441 292 1690 352 LIBRIS
1737 288 2234 351 I‘HEODORETI.

3282 290 3388 355 290

179 408 756 470 TheodoretusDomno
776 405 1060 478 scripserit
1080 420 1268 461 mense
1286 404 1428 460 Maio
1448 404 1576 459 anni
1593 405 1715 459 419.
1750 411 1794 465 Α
1821 404 1915 474 qui
1954 404 2131 474 ipsum
2156 401 2346 473 genuit
2369 400 2550 466 Pater,
2589 409 2645 455 et
2668 400 2910 472 Spiritus
2944 408 3201 467 sanctus;
3229 400 3385 457 ideo-

232 504 307 558 lll.
343 502 418 556 Ex
461 515 525 555 ea
558 514 693 553 vero
745 498 1043 553 discimus:
1078 496 1128 550 l.
1176 495 1408 550 Causam
1462 493 1717 564 cogendae

179 594 346 668 synodi
399 591 736 662 potissimam
783 589 954 644 fuisse
1017 586 1374 658 μικροψυχίαν
1422 586 1718 640 Theodosii

180 684 438 743 irascentis
460 683 752 737 Flaviano.
782 679 1047 751 pependit
1071 680 1217 735 enim
1249 678 1439 749 synodi
1465 678 1719 747 cogenda:

170 774 459 835 consilium,
492 771 670 824 donec
708 776 914 822 tentata
951 776 1037 823 est
1077 767 1339 822 antistitis
1386 783 1507 821 cum
1543 767 1719 836 impe«

178 872 333 919 ratore
379 859 776 915 reconciliatio.
822 858 876 911 2.
912 857 1259 927 PrOSpexisse
1291 857 1718 919 Theodoretum,

176 970 275 1025 quae
308 951 446 1005 mala
478 958 700 1021 pareret
748 948 1017 1020 synodus,
1049 948 1163 1002 suis
1206 949 1565 1018 temporibus,
1598 948 1720 1002 ani-

178 1059 475 1114 morumque
541 1041 933 1097 aﬂ‘ectionibus
980 1041 1195 1097 collatis
1260 1056 1384 1096 cum
1446 1040 1717 1104 Nic-aenis,

177 1139 297 1209 quod
321 1138 614 1207 diligenter
639 1134 1072 1198 observandum,
1104 1143 1166 1188 ut
1197 1134 1446 1189 Historia:
1474 1135 1719 1189 ecclesia-

176 1234 296 1287 ιεὶεω
331 1245 527 1299 scopus
567 1229 894 1298 attingatur.
920 1229 972 1283 5.
1004 1228 1176 1293 Quam
1216 1226 1330 1296 ipse
1382 1227 1562 1281 adhuc
1594 1226 1723 1281 reti-

178 1331 309 1377 neret
336 1321 649 1391 opinionem
675 1320 744 1374 de
782 1319 1057 1389 capitibus
1085 1317 1297 1389 Cyrilli,
1324 1316 1391 1371 ad
1438 1333 1557 1387 qua:
1586 1332 1718 1371 con-

177 1410 416 1464 ﬁrmanda
458 1410 702 1481 synodus
764 1408 867 1477 ipsi
913 1410 1198 1464 videretur
1239 1410 1398 1480 cogi;
1447 1407 1719 1478 siquidem

174 1511 371 1576 putaret
392 1504 536 1557 idem
567 1517 711 1565 esse,
747 1502 956 1556 absolvi
978 1501 1286 1572 Eutychen,
1311 1516 1375 1555 ac
1401 1500 1578 1569 capita
1599 1514 1722 1552 san-

175 1597 282 1650 ciri.
336 1597 388 1649 4.
436 1593 579 1659 Quid
627 1601 756 1647 ante
808 1591 1076 1663 synodum
1123 1591 1356 1662 primam
1382 1589 1721 1659 Ephesinam

175 1686 474 1747 Orientales,
501 1683 634 1755 quid
679 1683 735 1737 in
774 1682 890 1752 ipsa
933 1682 1165 1753 synodo,
1191 1682 1323 1752 quid
1340 1686 1559 1752 postea,
1595 1696 1719 1736 cum

1820 510 1926 564 quc
1952 495 2236 564 patibilem
2262 502 2516 548 naturam
2541 493 2840 563 sumpsisse
2859 533 2873 555 ,
2899 492 3028 563 quia
3056 493 3241 548 divina
3289 509 3389 549 na-

1820 595 1944 639 tura
1976 587 2289 656 passionem
2320 601 2429 640 non
2464 584 2784 655 recipiebat,
2809 594 2872 640 ut
2906 600 3006 655 per
3044 586 3229 641 carnis
3263 601 3390 656 pro-

1819 678 1954 747 pria:
1978 677 2290 747 passionem
2334 677 2829 747 impassibilitatem
2861 677 2929 732 iis
2970 678 3065 748 qui
3109 677 3165 732 in
3212 679 3390 747 ipsum

1821 767 2133 827 crederent.
2162 768 2481 838 largiretur.
2524 787 2542 818 ι
2762 756 2769 763 “

1888 862 1941 913 6.
1972 860 2046 913 De
2078 860 2373 913 Flaviano:
2415 878 2433 910 ι
2466 859 2964 914 Alexandrinorum
2989 860 3217 914 antistes
3245 860 3391 914 haud

1821 967 2098 1022 quaquam
2130 960 2423 1006 contentus
2464 951 2568 1006 fuit
2609 952 2796 1022 iniqua
2820 951 2922 1006 hac
2951 961 3007 1006 et
3035 951 3391 1022 injustissima

1821 1043 2164 1113 depositione
2216 1043 2569 1108 sanctissimi,
2624 1043 2846 1113 Deoque
2889 1042 3195 1097 cbarissimi
3245 1044 3392 1098 Con-

1822 1137 2437 1207 stantinOpolitanorum
2495 1135 2781 1205 episcopi,
2839 1135 3046 1190 domini
3109 1136 3391 1200 Flaviani;

1820 1243 1999 1299 neque
2029 1229 2201 1298 ipsius
2247 1227 2482 1282 animam
2546 1226 2785 1296 explevit
2833 1224 3132 1281 consimilis
3188 1235 3397 1296 strages

1822 1323 2059 1377 aliorum
2090 1322 2496 1393 episcoporum.
2532 1338 2549 1371 )
2578 1319 2659 1373 Ex
2700 1318 2788 1372 his
2821 1317 3091 1388 siquidem
3135 1317 3394 1388 intelligi-

1822 1419 1934 1480 tur,
1957 1429 2062 1469 nec
2093 1414 2147 1467 in
2185 1414 2421 1468 concilio
2455 1411 2699 1467 occisum
2733 1425 2854 1466 esse
2898 1410 3256 1476 Flavianum;
3295 1425 3398 1465 nec

1822 1505 2005 1560 adhuc
2027 1521 2151 1561 cum
2174 1504 2557 1559 Theodoretus
2581 1502 2853 1559 scriberet
2894 1501 2963 1556 de
3002 1501 3177 1572 ipsius
3194 1509 3394 1563 morte.

1823 1612 1945 1668 quae
1965 1596 2053 1652 vel
2086 1597 2141 1651 in
2162 1596 2249 1651 via
2277 1595 2342 1651 ad
2380 1595 2558 1651 exsilii
2603 1595 2809 1658 locum,
2844 1594 2930 1649 vel
2964 1594 3016 1648 in
3067 1593 3191 1648 loco
3222 1592 3399 1647 exsilii

1825 1689 2046 1753 accidit,
2076 1689 2132 1744 in
2157 1688 2382 1745 Oriente
2418 1689 2680 1743 rescitum
2707 1687 2897 1742 fuisse.

175 1779 518 1834 Ecclesiarum
557 1790 662 1845 pax
698 1773 959 1839 iniretur,
999 1774 1288 1828 occasione
1321 1772 1561 1843 capitum
1596 1787 1723 1843 ege-
1758 1767 1798 1821 Β
1896 1779 1948 1833 5.
1977 1780 2054 1835 De
2096 1779 2347 1834 ecclesiis
2393 1778 2498 1834 sibi
2553 1778 2827 1834 subditis:
2887 1798 2906 1830 ‹
2946 1777 3397 1850 Octingentarum

177 1870 289 1923 rint.
320 1869 369 1923 5.
402 1866 480 1923 Ad
508 1879 652 1935 quos
689 1862 1002 1919 Occidentis
1040 1864 1315 1918 antistites
1362 1878 1424 1917 ea
1459 1863 1528 1917 de
1560 1878 1724 1917 causa

176 1962 415 2032 scriptum
460 1960 533 2015 sit
568 1957 639 2012 ab
690 1955 1066 2012 Orientalibus
1118 1971 1186 2011 ex
1237 1955 1376 2011 urbe
1422 1955 1723 2025 Ephesina.

176 2054 222 2107 li.
256 2052 454 2118 Quanta
502 2048 672 2104 fuerit
714 2057 849 2102 tunc
900 2047 1167 2117 temporis
1214 2044 1578 2101 Orientalium
1610 2045 1725 2098 dis-

178 2141 339 2197 sensio
373 2140 439 2194 de
475 2138 858 2208 dogmatibus,
888 2136 1012 2192 aliis
1055 2150 1156 2206 pro
1200 2134 1405 2206 Cyrillo
1429 2134 1722 2199 stantibus,

179 2235 289 2291 aliis
311 2244 514 2287 contra.

242 2327 318 2380 IV.
366 2322 749 2379 Theodoretus
794 2322 1064 2376 Domuum
1106 2329 1315 2383 monet,
1344 2326 1405 2374 ut
1451 2317 1724 2373 delectum

182 2418 341 2482 faciat,
374 2425 486 2470 tum
524 2414 931 2484 episcoporum,
962 2420 1077 2466 tum
1105 2410 1433 2466 clericorum
1478 2408 1723 2480 ejusdem

181 2508 459 2571 sententiae,
490 2521 629 2576 quos
675 2520 862 2560 secum
908 2503 1175 2559 ducturus
1227 2502 1330 2557 sit:
1375 2519 1393 2552 ι
1424 2501 1505 2556 Ne
1552 2516 1583 2555 a
1625 2500 1726 2553 do-

182 2596 398 2654 mesticis
440 2595 596 2666 ipsis,
650 2593 850 2663 inquit,
897 2592 1124 2663 proditi,
1156 2591 1243 2645 vel
1284 2590 1465 2646 facere
1519 2589 1727 2660 aliquid

182 2705 433 2761 cogamur,
467 2685 613 2757 quod
660 2684 775 2739 Deo
804 2684 1112 2754 displiceat,
1143 2683 1229 2738 vel
1264 2683 1365 2738 soli
1414 2682 1620 2747 relicti,
1656 2681 1727 2736 ab

182 2780 407 2837 hostibus
434 2778 556 2849 capi
584 2776 745 2831 facile
770 2775 1064 2845 possimus.
1106 2793 1124 2826 ι

221 2893 443 2968 Epistula
479 2892 605 2956 115,
647 2888 1105 3013 appellgztgggnd
1132 2886 1353 2941 Leonem
1381 2889 1677 2958 episwpum

880 2975 1032 3013 omw.

238 3056 275 3111 1.
306 3056 551 3112 Celebris
594 3054 712 3108 base
773 3051 1002 3121 epistola
1029 3049 1155 3105 data
1203 3058 1288 3104 est
1331 3049 1522 3120 procul
1561 3048 1729 3103 dubio

181 3164 306 3203 anno
331 3148 453 3212 M9,
478 3160 668 3201 mense
699 3143 923 3199 circiter
948 3141 1204 3206 Octobri,
1242 3158 1367 3197 cum
1402 3141 1613 3195 nuntiis
1635 3156 1728 3194 ac-

180 3241 330 3310 ceptis
360 3239 425 3294 de
455 3254 553 3292 sua
578 3235 941 3306 depositione,
969 3250 1090 3303 qua:
1116 3234 1254 3288 facta
1279 3241 1364 3288 est
1393 3232 1595 3302 Ephesi
1631 3232 1723 3287 die

180 3331 443 3386 undecima
476 3331 731 3399 Augusti,
771 3326 956 3381 sedem
1005 3327 1361 3395 apostolicam
1405 3325 1727 3395 appellaret,

181 3425 508 3491 mitteretque
553 3419 780 3474 Romam
813 3418 1237 3488 chorepiscopos
1280 3418 1439 3483 duos,
1468 3417 1624 3490 34],
1674 3425 1730 3471 et

180 3511 449 3566 exarcbum
483 3508 904 3571 monachorum,
936 3507 1030 3576 qui
1082 3507 1504 3577 appellationem
1537 3523 1729 3577 prose-

180 3611 420 3670 queretur
445 3602 515 3655 ⁷³.

240 3692 300 3748 II.
327 3691 758 3763 Appellatoriam
801 3689 954 3744 dixi:
1002 3688 1135 3758 quid
1185 3688 1334 3744 enim
1367 3688 1517 3743 aliud
1558 3688 1729 3759 signi—

183 3781 324 3838 ﬁcant
349 3784 465 3839 ista:
490 3781 699 3837 voces?
727 3800 746 3831 ι
783 3779 894 3835 Oro
921 3790 1083 3849 atque
1115 3780 1363 3833 obtestor
1386 3779 1730 3835 sanctitatem

184 3883 333 3939 tuam,
360 3885 422 3930 ut
446 3874 583 3929 mihi
621 3880 832 3927 rectum
870 3887 933 3926 ac
958 3872 1170 3942 justum
1211 3870 1453 3925 tribunal
1483 3880 1730 3933 vestrum

183 3963 432 4019 invocanti
450 3978 611 4033 opem
630 3961 823 4024 ferat,“
838 3961 1137 4030 jubeatque
1156 3958 1221 4012 ad
1242 3974 1339 4013 vos
1357 3959 1570 4024 venire,
1584 3967 1690 4014 etc.
1706 3978 1724 4011 ι

239 4054 319 4109 111.
352 4050 705 4109 Observanda
731 4065 863 4105 vero
905 4058 1035 4104 sunt
1082 4048 1415 4104 Theodoreti
1446 4049 1615 4103 verba
1660 4049 1729 4104 de

182 4129 332 4201 variis
357 4146 525 4200 rebus
549 4145 691 4199 scitu
721 4141 922 4213 dignis.

241 4239 288 4291 l.
310 4239 384 4293 De
431 4238 565 4293 sede
606 4234 908 4306 apostolica
934 4254 947 4287 :
992 4253 1009 4283 ι
1042 4233 1207 4288 Vobis
1234 4233 1439 4304 primas
1470 4234 1525 4288 in
1552 4232 1730 4288 omni-

182 4327 271 4385 bus
294 4339 481 4385 tenere
515 4328 794 4391 convenit,
826 4334 930 4382 etc.
972 4344 989 4376 ι

1826 1870 2183 1926 ecclesiarum
2230 1871 2563 1942 pastoralem
2619 1886 2809 1925 curam
2865 1871 3095 1926 sortitus
3125 1886 3280 1938 sum;
3320 1880 3401 1926 tot

1825 1965 1971 2020 enim
1995 1964 2168 2038 Cyrus
2191 1965 2357 2020 habet
2381 1965 2669 2035 parmcias.
2717 1985 2733 2016 ι

1897 2054 1950 2110 6.
1978 2056 2054 2110 De
2086 2055 2434 2110 anathemate
2458 2056 2605 2110 dicto
2640 2056 2742 2111 sibi
2769 2055 3112 2112 Alexandria:
3139 2075 3151 2110 :
3185 2076 3204 2107 ‹
3244 2057 3402 2112 Anno

1825 2146 1990 2201 etiam
2029 2146 2337 2217 superiore,
2377 2162 2501 2202 cum
2529 2163 2597 2203 eo
2639 2148 2871 2218 profecti
2912 2159 3098 2204 essent
3137 2148 3249 2204 duo
3298 2148 3399 2201 viri

1825 2236 2156 2307 Apollinaris
2199 2237 2393 2292 morbo
2453 2238 2677 2304 infecti,
2736 2251 2794 2294 et
2843 2241 3148 2297 calumnias
3200 2240 3256 2295 in
3300 2226 3449 2295 nos‘

1829 2329 2163 2383 texuisscnt:
2201 2343 2540 2399 consurgens
2565 2328 2620 2382 in
2648 2329 2899 2395 ecclesia,
2926 2345 3028 2387 nos
3054 2331 3403 2385 anathemate

1827 2418 2071 2484 conﬁxit,
2100 2419 2265 2490 idque
2320 2435 2445 2474 cum
2489 2418 2555 2474 ad
2602 2435 2726 2483 eum
2783 2420 3153 2491 scripsissem,
3187 2431 3243 2476 et
3280 2436 3402 2491 quae

1828 2511 2091 2565 sentirem
2138 2527 2238 2580 per
2286 2511 2500 2566 litteras
2548 2512 2947 2582 exposuissem.
2994 2534 3011 2565 ι
3062 2513 3195 2569 Inde
3251 2516 3400 2570 enim

1828 2603 2032 2657 scimus
2078 2603 2369 2656 anathema
2418 2602 2624 2657 dictum
2675 2618 2820 2657 anno
2866 2602 3003 2670 448;
3051 2604 3282 2670 litteras,
3337 2605 3406 2659 de

1827 2693 2031 2764 quibus
2062 2694 2271 2748 mentio
2309 2692 2368 2746 lit
2388 2735 2402 2757 ,
2435 2693 2586 2749 datas
2609 2710 2753 2748 anno
2782 2695 2907 2758 447,
2949 2695 3051 2749 sub
3082 2696 3242 2751 linem
3271 2715 3285 2763 ;
3312 2712 3405 2751 ac~

1830 2796 2114 2842 cusatores
2132 2785 2521 2841 Alexandriam
2546 2787 2824 2856 profectos
2853 2789 3045 2842 eodem
3079 2804 3225 2842 anno
3247 2789 3372 2843 447.

1898 2878 1948 2931 7.
1976 2878 2052 2932 De
2081 2886 2239 2932 aetate
2265 2893 2397 2932 sua:
2442 2897 2460 2928 σ
2500 2876 2606 2931 Sed
2632 2879 2822 2943 nolite,
2849 2880 3104 2944 obsecro,
3131 2880 3410 2951 supplices

1831 2981 1980 3020 meas
2010 2982 2202 3036 preces
2259 2983 2543 3036 respuere,
2587 2983 2689 3022 nec
2746 2969 3002 3023 miseram
3037 2984 3213 3023 meam
3258 2971 3410 3023 cani-

1835 3057 1964 3111 tiem
2010 3065 2132 3127 post
2167 3058 2371 3112 multos
2416 3058 2635 3112 labores
2674 3060 3073 3113 contumeliose
3120 3067 3407 3115 tractatam

1833 3146 2140 3217 despicere.
2176 3165 2195 3198 ›
2230 3146 2385 3201 Tunc
2431 3148 2578 3202 enim
2623 3148 3031 3218 sexagenarius,
3089 3138 3185 3203 aut
3237 3150 3405 3204 etiam

1834 3239 1999 3308 paulo
2031 3239 2226 3310 major,
2249 3242 2451 3309 quippe
2476 3238 2570 3308 qui
2595 3247 2756 3292 natus
2781 3240 2857 3293 'sit
2885 3254 3028 3293 anno
3051 3238 3255 3295 Christi
3281 3241 3405 3297 586.

1901 3328 1991 3384 IV.
2026 3327 2166 3383 Sunt
2194 3336 2250 3382 et
2281 3329 2384 3382 alia
2429 3328 2601 3383 multa
2637 3328 2821 3398 digna,
2853 3345 2974 3400 qua:
3021 3329 3405 3394 observentur,

1831 3419 2002 3473 veluti
2021 3418 2090 3473 de
2121 3417 2308 3475 Roma:
2344 3418 2505 3490 3&2
2523 3419 2775 3489 sedisque
2810 3420 3123 3490 apostolica:
3138 3421 3410 3478 etLeonis

1831 3510 2112 3575 laudibus;
2145 3510 2213 3565 de
2247 3510 2363 3565 suis
2388 3511 2442 3565 in
2472 3510 2774 3565 excolendo
2808 3526 2970 3583 grege
2996 3512 3311 3580 laboribus;
3338 3513 3409 3568 de

1834 3601 2191 3656 concionibus
2220 3601 2525 3657 Antiochiae
2558 3601 2797 3668 habitis;
2834 3602 2900 3657 de
2931 3592 3087 3658 libris
3120 3620 3151 3658 a
3180 3620 3238 3661 se
3272 3619 3412 3678 ροη-

1833 3693 2089 3763 scriptis;
2114 3692 2183 3748 de
2221 3693 2560 3748 continentia
2592 3702 2647 3749 et
2693 3694 2817 3749 vitte
2850 3694 3116 3749 instituta:
3159 3694 3407 3755 ratione;

1833 3784 1900 3839 de
1933 3785 2092 3839 annis
2112 3784 2499 3856 episcopatus;
2534 3801 2656 3855 quae
2679 3784 2862 3840 omnia
2885 3792 3012 3840 sunt
3041 3801 3070 3840 a
3095 3785 3253 3841 nobis
3277 3785 3411 3841 alias

1833 3882 2167 3944 pertractata
2202 3872 2268 3927 ⁸ο.

1970 4006 2209 4079 Epistola
2247 4007 2367 4072 1M,
2404 4007 2831 4061 commendatitia
2868 4008 2940 4062 ad
2976 4007 3300 4063 Andiben'm.

1906 4137 1949 4191 Ι.
1981 4135 2187 4191 Scribit
2234 4134 2636 4200 Theodoretus,
2669 4150 2792 4190 cum
2836 4146 2959 4205 post
3010 4136 3411 4207 depositionem

1835 4227 2105 4298 cogitaret
2134 4226 2201 4281 de
2231 4225 2477 4281 discessu
2500 4241 2530 4282 e
2562 4242 2658 4281 sua
2688 4227 2912 4281 civitate
2940 4227 3007 4281 ει.

1908 4318 2325 4373 ILAndiberim
2370 4327 2589 4387 oportet
2639 4318 2908 4373 illustrem
2958 4317 3156 4385 fuisse,
3208 4320 3411 4391 quippe

236 4421 286 4475 2.
316 4422 391 4475 De
437 4420 639 4474 Leonis
683 4419 914 4488 epistola
960 4420 1027 4474 ad
1084 4418 1439 4475 Flavianum:
1491 4436 1509 4468 ε
1556 4415 1727 4471 Simul
1766 4451 1806 4504 ο
1836 4426 1998 4480 quem
2068 4409 2448 4463 Theodoretus
2504 4408 2918 4478 magniﬁcentia:
2969 4410 3190 4464 nomine
3258 4426 3409 4465 com-

180 4509 493 4572 declarabat,
525 4517 583 4563 et
607 4517 870 4563 :eternam
912 4523 981 4562 ex
1015 4516 1221 4563 aeterno
1252 4507 1413 4561 Patre
1450 4504 1728 4575 Unigeniti

179 4598 526 4663 divinitatem,
553 4606 610 4653 et
642 4597 888 4668 ejusdem
918 4614 983 4653 ex
1021 4598 1251 4652 Abrahae
1288 4605 1344 4651 et
1384 4596 1603 4650 Davidis
1640 4612 1729 4651 se-

178 4692 309 4748 mine
339 4691 764 4751 humanitatem.
793 4705 858 4743 ac
905 4689 1139 4744 similem
1191 4704 1289 4758 per
1340 4686 1522 4741 omnia
1571 4685 1732 4740 nobis

179 4760 327 4838 fuisse
396 4789 739 4850 assumptam
823 4787 1119 4842 naturam,
1174 4777 1278 4830 hoc
1330 4790 1440 4829 uno
1489 4773 1732 4828 dissimi-

177 4871 288 4938 lem,
340 4873 489 4943 quod
550 4870 765 4941 peccati
809 4884 1006 4938 expers
1037 4867 1319 4930 manserit,
1355 4865 1557 4935 quippe
1583 4864 1729 4935 quod

177 4981 273 5021 non
317 4983 385 5022 ex
429 4974 662 5031 natura,
714 4962 813 5018 sed
866 4977 933 5017 ex
983 4962 1158 5017 libera
1209 4960 1491 5015 voluntate
1548 4957 1730 5011 nasci-

178 5063 275 5112 tur.
300 5066 407 5112 etc.
454 5075 475 5108 ι

234 5097 284 5200 3’.
313 5146 389 5200 De
432 5144 682 5216 epistola:
736 5141 937 5197 Leonis
977 5149 1033 5197 et
1076 5140 1343 5195 Eranistae
1401 5137 1734 5193 Theodoreti

180 5239 552 5293 consonantia:
618 5255 636 5289 ι
684 5235 909 5289 Litterae
953 5233 1349 5292 continebant,
1393 5245 1564 5283 unum
1614 5244 1736 5282 esse

181 5329 496 5401 unigenitum
532 5329 632 5384 Dei
672 5326 894 5387 Filium,
922 5335 978 5381 et
1025 5323 1383 5395 impatibilem
1428 5337 1552 5375 esse
1599 5319 1738 5374 divi-

181 5421 400 5491 nitatem,
425 5440 552 5496 qua:
591 5438 701 5477 nec
732 5421 874 5476 verti
896 5428 1080 5491 queat,
1112 5434 1216 5474 nec
1246 5417 1482 5482 mutari;
1513 5416 1655 5470 sicut
1681 5422 1737 5468 et

1836 4503 2023 4574 pellat.

1914 4594 2003 4649 111.
2032 4592 2447 4650 Observandum
2476 4608 2539 4647 ea
2571 4600 2893 4662 tempestate
2949 4594 3277 4648 medicinam
3298 4611 3410 4649 non

1841 4683 2012 4738 fuisse
2059 4682 2401 4753 presbyteris
2456 4681 2832 4736 interdictam:
2871 4683 3064 4736 Petrus
3106 4683 3251 4736 enim
3283 4700 3411 4754 pre-

1844 4777 2050 4847 sbyter,
2075 4775 2168 4844 qui
2201 4774 2293 4828 diu
2318 4773 2444 4845 Cyri
2479 4781 2655 4827 artem
2686 4772 2828 4827 hanc
2859 4782 3213 4839 exercuerat,
3238 4775 3415 4831 Andi-

1838 4867 1958 4921 heri
1999 4865 2413 4921 commendatur
2462 4872 2716 4932 tanquam
2765 4863 2917 4917 utilis
2950 4862 3167 4919 futurus
3200 4867 3306 4921 alia
3357 4867 3413 4922 in

1839 4959 2091 5013 civitate:
2122 4973 2248 5011 nam
2298 4973 2408 5025 pra:
2441 4953 2774 5009 Theodoreti
2813 4953 3088 5011 desiderio
3116 4955 3413 5027 Cyrensem

1838 5049 2095 5103 deserere
2118 5047 2172 5100 in
2204 5046 2386 5099 animo
2418 5044 2676 5097 habebat.

1909 5140 1995 5193 IV.
2028 5138 2152 5192 111cc
2172 5144 2226 5190 et
2248 5150 2592 5204 consequens
2617 5144 2821 5191 temere
2848 5136 3050 5192 inserta
3074 5147 3158 5192 est
3185 5139 3241 5193 in
3267 5138 3415 5194 hunc

1837 5231 2015 5285 locum
2067 5247 2080 5283 :
2131 5229 2295 5284 debet
2338 5228 2487 5281 enim
2523 5230 2776 5298 postponi
2828 5231 3142 5285 centesimae
3188 5231 3416 5285 decima:

1839 5329 2062 5383 octavae,
2086 5335 2207 5389 quae
2226 5327 2311 5374 est
2338 5318 2403 5373 ad
2423 5318 2869 5374 archidiaconum
2896 5321 3081 5375 Romae
3101 5338 3115 5387 ;
3143 5320 3415 5390 siquidem

1843 5413 2115 5477 115,116,
2151 5412 2251 5466 117
2291 5420 2347 5467 et
2390 5411 2493 5466 118
2542 5411 2789 5481 ejusdem
2831 5423 2959 5468 sunt
2998 5412 3325 5484 argumenti,
3360 5419 3417 5465 et

1519 5552 1836 5611 SCIIULZII
1876 5552 2103 5606 NOTAE.

224 5657 266 5692 ὀ
293 5658 410 5716 Vid.
443 5671 641 5728 supra.
678 5668 737 5724 ι).
765 5651 930 5728 1115:-
1005 5650 1195 5705 "Vid-
1237 5663 1385 5728 «ne.

167 5739 274 5787 sunt
311 5745 343 5787 δ
378 5718 701 5787 (ἔω-πῖθτίὸῖ
762 5724 806 5756 ⁸¹
834 5722 954 5779 Vid.
981 5736 1168 5792 supra,
1205 5736 1257 5789 p.
1290 5718 1389 5772 185
1420 5733 1534 5786 seq.

1237 5663 1359 5718 qum
1403 5647 1564 5710 infra,
1603 5663 1723 5716 cap.
1760 5645 1813 5711 9,
1847 5643 1952 5713 §5,
1983 5642 2050 5698 ad
2086 5644 2266 5697 locum
2317 5639 2609 5711 quemdam
2658 5640 2821 5712 hujus
2845 5638 3090 5709 epistolae
3125 5638 3412 5691 observata
