3926 6216
515 232 617 298 291

1610 234 1987 296 GARNERII
2027 230 2521 309 DISSERTATIO
2564 231 2638 289 11.
3702 219 3797 281 299.

518 361 709 399 onmes
749 344 976 399 Romam
1018 347 1339 411 mittuntur,
1371 346 1438 400 ad
1481 347 1754 411 Leonem,
1805 349 2093 408 “enatum,
2128 355 2166 409 Α
2199 348 2385 399 cilium
2425 345 2686 398 defuncto
2710 341 2997 396 suffectum
3038 337 3207 408 lingit.
3238 335 3361 391 Sed
3398 346 3630 395 vereor.
3662 341 3721 387 υῑ
3749 333 3797 388 id

520 435 788 507 synodum
812 436 1135 501 Romanam,
1163 445 1219 491 et
1247 437 1692 491 archidiaconum
1721 437 1928 491 Romae.

665 546 906 617 Epistula
942 547 1074 611 115,
1115 547 1545 601 commendatitiu
1589 547 1660 600 ad
1692 546 1953 618 Apellam.

594 660 801 713 Eodem
842 668 1123 727 tempore,
1156 657 1350 711 eodem
1398 668 1757 728 argumento:
1802 659 1893 713 hic
1930 658 2096 712 etiam

521 751 710 819 Apella
742 749 1155 819 magnificentiae
1174 748 1396 802 nomine
1420 748 1747 818 appellatur.

592 861 834 933 Epistula
866 861 985 925 116,
1036 860 1469 933 commendatitia
1499 860 1569 915 ad
1608 861 1873 915 Renatum
1912 876 2031 930 pre-

1170 930 1458 1001 sbyterum.

593 1043 635 1097 I.
670 1043 803 1096 Data
834 1056 958 1096 cum
989 1041 1193 1097 litteris
1214 1041 1283 1096 ad
1317 1052 1570 1098 sanctum
1596 1042 1858 1099 Leonem.

589 1135 653 1189 11.
688 1135 934 1188 Renatus
958 1135 1247 1207 presbyter
1279 1134 1387 1189 fuit
1404 1151 1548 1190 unus
1569 1135 1636 1190 de
1665 1136 1904 1206 legatisa
1919 1136 2102 1191 Leone

522 1226 707 1283 missis
731 1225 797 1281 ad
820 1226 1155 1304 Ephesinam
1181 1226 1475 1297 synodum,
1498 1227 1801 1281 secundum
1822 1226 1984 1297 epist.
2005 1227 2100 1280 10:

528 1339 546 1371 ι
577 1320 656 1374 Ad
688 1333 909 1373 omnem
941 1333 1164 1373 causam
1210 1317 1301 1388 pie
1331 1334 1395 1374 ac
1431 1318 1669 1374 ﬁdeliter
1698 1318 2101 1389 exsequendam

520 1412 725 1465 fratres
746 1419 967 1464 nostros
990 1409 1195 1464 Julium
1225 1409 1565 1480 episcopum,
1593 1418 1649 1464 ct
1678 1409 1946 1465 Renatum
1975 1426 2104 1480 pre-

523 1503 803 1573 sbyterum
854 1501 1002 1556 tituli
1061 1502 1237 1556 sancti
1287 1501 1627 1567 Clementis,
1680 1502 1776 1557 sed
1828 1511 1885 1556 et
1933 1502 2103 1556 tilium

526 1608 709 1646 meum
740 1590 987 1646 Hilarum
1014 1591 1328 1646 diaconum.
1367 1611 1385 1643 ι

2197 436 2495 490 commenti
2529 432 2860 503 persuadere
2891 429 3062 499 possit
3091 428 3255 482 alicui
3297 440 3504 479 rerum
3533 424 3795 494 ejusmodi

2197 542 2307 579 non
2325 524 2620 578 rudissimo
2644 539 2657 576 :
2687 538 2812 576 nam
2837 522 3022 592 plures
3051 526 3179 573 sunt
3204 514 3433 573 Juliani
3476 513 3712 569 Coensis
3737 513 3797 569 ad

2199 619 2435 673 Leonem
2463 615 2727 686 epistolae,
2753 615 2942 684 plures
2982 611 3183 665 Leonis
3209 610 3282 665 ad
3319 608 3649 674 Coonsem;
3688 610 3797 664 nul-

2199 710 2312 763 lum
2357 716 2537 761 tamen
2564 707 2617 760 in
2641 706 2752 760 ulla
2787 705 2848 759 fit
2878 704 3110 757 verbum
3145 701 3212 756 de
3244 699 3567 772 praesentia
3600 700 3796 771 synodo

2198 797 2463 855 exhibita.
2490 796 2698 851 Deinde
2735 795 2780 851 si
2821 795 3069 851 Julianus
3095 804 3220 848 ante
3257 791 3603 846 inchoatam
3641 807 3795 864 syno-

2200 891 2332 946 dum
2368 890 2662 945 defunctus
2689 889 2781 953 sit,
2815 887 3172 957 Julianusque
3198 884 3452 940 Coensis
3491 884 3573 939 sit
3606 884 3660 938 in
3690 887 3796 957 ejus

2201 985 2381 1040 locum
2415 982 2700 1047 suffectus,
2741 979 3017 1052 quomodo
3056 979 3209 1033 nulla
3241 977 3398 1032 facta
3445 983 3538 1032 est
3574 975 3631 1031 in
3656 976 3796 1034 Actis

2203 1074 2615 1131 substitutionis
2638 1072 2863 1136 mentio,
2900 1085 3025 1126 cum
3056 1084 3247 1125 omnes
3270 1067 3344 1122 ad
3382 1068 3796 1138 imperatorem,

2203 1169 2270 1223 ad
2299 1169 2597 1240 Augustam
2626 1165 3007 1239 synodumque
3044 1172 3100 1218 et
3136 1162 3275 1217 alios
3297 1161 3517 1216 litterae
3546 1159 3678 1217 Julii
3708 1175 3795 1215 ex-

2204 1276 2393 1332 presse
2449 1258 2833 1323 meminerint,
2885 1256 3193 1326 debeatque
3253 1255 3708 1310 instrumentum
3741 1260 3795 1307 ut

2205 1350 2352 1420 quod
2409 1351 2642 1404 maxime
2701 1347 3080 1403 authenticum
3126 1343 3416 1415 proferri,
3481 1342 3531 1399 si
3586 1343 3794 1415 quando

2205 1442 2474 1512 quispiam
2505 1439 2711 1496 vicario
2741 1438 3005 1494 duntaxat
3041 1438 3165 1508 jure
3209 1436 3426 1491 debeat
3454 1435 3669 1508 synodo
3698 1450 3796 1505 prae

2206 1534 2565 1587 maximarum
2595 1532 2809 1587 sedium
2842 1528 3183 1584 antistitibus
3214 1528 3576 1599 prmsidere?
3614 1529 3793 1583 Fatear

2208 1620 2979 1693 equidem,implicatissimam
3007 1634 3127 1674 esse
3150 1618 3455 1697 historiam
3488 1617 3641 1673 Julii.
3664 1618 3793 1685 Quid

603 1683 691 1737 ω’
728 1682 1080 1784 Observanda
1133 1683 1249 1784 me}:
1279 1682 1446 1737 verba
1468 1701 1533 1784 ³,(
1567 1682 1691 1784 Ηίξθῗ
1728 1682 1966 1784 ίίυίάθω,
1993 1684 2108 1754 eg“
2141 1711 2178 1765 Β
2207 1682 2354 1772 enim
2395 1682 2706 1771 eo'faetum
2756 1714 2827 1768 sit
2864 1719 2987 1784 post
3020 1691 3412 1766 latrocinium‘
3438 1682 3789 1781 Ephesinum,

526 1774 705 1842 pictas
760 1782 889 1838 tua,
958 1790 1084 1829 cum
1128 1774 1345 1829 unicam
1388 1774 1591 1829 caedem
1630 1775 1678 1807 ⁸⁸
1709 1775 2104 1847 conspexisset.

526 1862 682 1929 Quod
707 1862 753 1917 si
783 1872 1007 1917 caeteras
1052 1864 1218 1917 etiam
1241 1903 1254 1927 ,
1278 1880 1400 1934 qua:
1436 1874 1561 1935 post
1604 1865 1909 1921 discessum
1950 1874 2108 1921 tuum

528 1965 755 2025 patrata:
784 1965 949 2020 sunt,
1003 1955 1268 2010 Phineem
1342 1954 1500 2010 illum
1566 1957 1801 2013 fortasse
1862 1959 2111 2014 imitatus

526 2063 695 2102 esses.
730 2067 748 2099 ι
784 2047 915 2102 Inde
958 2047 1107 2102 enim
1156 2047 1380 2103 videtur
1407 2064 1568 2120 posse
1593 2050 1797 2121 colligi,
1830 2052 1915 2105 vel
1959 2052 2110 2122 lega-

531 2148 616 2193 tos
658 2139 807 2195 sedis
850 2139 1162 2210 apostolicze
1196 2155 1307 2195 non
1349 2140 1663 2196 interfuisse
1710 2143 1941 2214 synodo,
1988 2150 2112 2213 post

529 2230 838 2300 depositum
862 2231 1183 2285 Flavianum
1211 2249 1225 2298 ;
1253 2232 1341 2287 vel
1368 2248 1397 2288 a
1426 2232 1796 2301 Theodoreto,
1827 2234 1941 2290 sive
1964 2235 2109 2308 quod

531 2337 560 2375 a
582 2323 792 2376 nuntiis
813 2311 1090 2392 'dcceptus
1112 2331 1278 2389 esset,
1295 2324 1410 2379 sive
1433 2326 1578 2395 quod
1603 2328 1870 2383 memoria
1904 2328 2109 2398 lapsus,

532 2413 805 2467 Renatum
849 2414 1234 2486 presbyterum
1276 2415 1538 2471 confundi
1570 2432 1696 2471 cum
1719 2417 1928 2483 Hilaro,
1976 2419 2072 2490 qui
2098 2423 2110 2439 '

536 2503 662 2574 fuga
686 2519 744 2559 se
768 2505 1063 2574 proripuit.

603 2596 693 2651 ιν.
735 2595 1089 2653 Observanda
1113 2598 1321 2668 pariter
1354 2597 1489 2652 ista:
1535 2619 1554 2650 ‹
1588 2600 1760 2666 Quam
1792 2600 1862 2655 ob
1894 2616 2114 2657 causam

541 2703 640 2742 oro
665 2689 1011 2744 sanctitatem
1031 2698 1201 2755 tuam,
1221 2690 1572 2746 sanctissimo
1599 2702 1655 2747 et
1686 2693 2003 2749 beatissimo
2026 2711 2116 2749 ar-

544 2781 897 2852 chiepiscopo
925 2781 1275 2851 persuadeat,
1303 2789 1363 2835 ut
1383 2783 1683 2852 apostolica
1704 2792 1972 2854 potestate
1995 2797 2116 2839 uta-

536 2883 651 2939 tur,
678 2880 733 2927 et
765 2872 832 2927 ad
879 2872 1173 2927 concilium
1217 2881 1460 2927 vestrum
1512 2874 1767 2928 advolare
1799 2876 2115 2945 praecipiat:

537 2963 705 3017 habet
725 2963 873 3017 enim
902 2963 1247 3017 sanctissima
1286 2963 1373 3016 illa
1393 2963 1553 3017 sedes
1575 2964 1966 3028 Eeclcsiarum,
1999 2981 2119 3034 qum

539 3057 596 3111 in
632 3064 747 3111 toto
778 3063 907 3110 sunt
927 3055 1082 3119 orbe,
1120 3054 1490 3124 principatum
1545 3054 1735 3110 multis
1776 3055 2113 3117 nominibus,
2148 3049 2187 3103 (ἶ

537 3157 701 3220 atque
729 3149 833 3204 hoc
865 3154 991 3203 ante
1014 3148 1216 3203 omnia.
1236 3146 1383 3216 quod
1414 3146 1481 3201 ab
1524 3147 1776 3201 haeretica
1810 3146 1932 3201 tabe
1959 3146 2117 3218 3&3

540 3239 800 3293 immunis
823 3238 1044 3302 mansit,
1079 3252 1184 3292 nec
1217 3237 1362 3291 ullus
1389 3236 1662 3291 contraria
1700 3237 1945 3291 sentiens
1970 3237 2025 3290 in
2054 3253 2118 3289 ca

540 3330 706 3395 sedit,
744 3330 840 3384 sed
866 3330 1218 3400 apostolicam
1246 3329 1479 3400 gratiam
1520 3329 1788 3399 integram
1826 3344 2120 3383 conserva-

541 3422 639 3475 vit.
671 3419 803 3487 Quae
833 3435 863 3474 a
887 3419 1043 3473 vobis
1064 3418 1273 3472 fuerint
1297 3418 1562 3488 judicata,
1592 3418 1648 3471 in
1677 3417 1765 3482 iis,
1793 3418 2118 3487 qualiacun-

544 3526 653 3581 que
675 3519 860 3574 erunt,
894 3509 1089 3581 judicii
1138 3508 1305 3562 vestri
1351 3506 1594 3577 aequitati
1649 3506 1990 3561 confidentes
2029 3522 2121 3561 ace

543 3604 914 3673 quiescemus,
944 3609 1001 3656 et
1049 3615 1325 3671 rogamus,
1365 3609 1426 3653 ut
1474 3599 1742 3670 judicium
1798 3615 1866 3654 ex
1903 3598 2124 3669 scriptis

545 3693 933 3749 constituatur.
969 3712 986 3743 ι
1023 3691 1267 3746 Probant
1311 3690 1584 3760 siquidem
1615 3698 1837 3762 aperte,
1873 3706 1983 3746 non
2021 3692 2122 3745 im-

546 3790 818 3858 ploratum
851 3786 1114 3840 duntaxat
1144 3783 1343 3839 Leonis
1367 3783 1734 3854 patrocinium
1754 3825 1768 3849 ,
1811 3784 1907 3840 sed
1937 3786 2121 3855 appel-

547 3880 715 3932 latum
751 3892 780 3930 a
811 3876 1158 3931 Theodoreto
1179 3876 1325 3931 sedis
1348 3876 1662 3946 apostolicae
1696 3875 1954 3930 tribunal.

617 3969 681 4023 V.
713 3967 1129 4022 Observandum
1159 3968 1342 4027 tertio,
1380 3967 1787 4022 Theodoretum
1833 3980 1945 4020 non
1990 3966 2126 4021 satis

549 4056 718 4112 fuisse
758 4057 1012 4112 edoctum
1056 4057 1125 4112 de
1169 4058 1335 4112 rebus
1366 4058 1701 4128 legatorum;
1747 4056 1945 4112 scribit
1976 4056 2124 4110 enim

548 4147 618 4201 ad
646 4147 936 4209 Renatum,
968 4147 1124 4217 quasi
1165 4147 1503 4203 interfuisset
1547 4148 1853 4203 latrocinali
1895 4147 2124 4219 synodo,

550 4250 605 4296 et
647 4240 773 4296 inde
808 4241 1036 4294 Romam
1077 4240 1417 4305 revertisset,
1448 4256 1576 4296 cum
1623 4249 1805 4295 tamen
1846 4256 1877 4294 a
1924 4239 2124 4304 Felice,

553 4335 812 4388 Actorum
854 4333 920 4387 de
964 4332 1187 4387 nomine
1219 4333 1425 4398 Acacii,
1463 4348 1560 4387 seu
1596 4332 1858 4387 Breviarii
1899 4332 2127 4387 lueresis

552 4425 906 4497 Eutychiana:
933 4433 1180 4485 auctore,
1214 4424 1430 4479 dicatur
1465 4424 1520 4479 in
1557 4423 1733 4479 insula
1768 4423 1898 4479 Deio
1930 4423 2125 4479 defun-

553 4526 672 4573 ctus
698 4516 753 4570 in
786 4517 872 4571 via
901 4515 970 4570 ad
996 4515 1333 4586 Ephesinum
1363 4516 1678 4571 concilium.
1711 4515 1802 4571 Sic
1824 4516 1970 4570 enim
1994 4516 2127 4586 legi-

555 4618 644 4663 tur
686 4626 699 4660 :
748 4627 765 4658 ‹
816 4606 1189 4661 lnterfuerunt
1239 4606 1406 4661 etiam
1456 4605 1647 4661 vicarii
1698 4606 1766 4660 ab
1828 4607 2126 4676 apostolica

557 4700 685 4754 sedc
719 4699 937 4759 directi,
971 4699 1150 4754 Julius
1181 4698 1514 4752 Puteolanus
1544 4698 1853 4768 episcopus,
1883 4705 1938 4751 et
1974 4696 2126 4750 Hila-

559 4789 674 4842 rius
703 4789 1142 4854 archidiaconus,
1174 4789 1302 4858 quia
1336 4788 1624 4859 presbyter
1650 4788 1896 4842 Renatus
1918 4787 1972 4840 in
1994 4787 2127 4840 Delo

560 4877 737 4932 insula
768 4889 941 4933 morte
973 4889 1299 4950 przeventus,
1332 4899 1349 4930 ι
1380 4888 1487 4934 etc.

629 4989 801 5056 Quem
842 4991 1047 5045 Julium
1079 4992 1231 5047 Felix
1267 5000 1447 5057 vocat,
1477 4992 1754 5047 Julianum
1786 4991 1919 5047 Acta
1957 4993 2114 5047 latro-

560 5078 755 5136 cmalis
787 5079 980 5150 synodi
1013 5082 1301 5138 nominant
1337 5099 1350 5136 :
1390 5083 1465 5137 ibi
1503 5082 1650 5136 enim
1685 5089 1808 5152 post
1842 5081 2127 5152 praesidem

563 5172 882 5225 Dioscorum
918 5186 1045 5225 mox
1084 5174 1229 5227 sedis
1264 5175 1574 5243 apostolicze
1621 5175 1832 5245 legatus
1879 5174 2130 5230 Julianus

558 5262 849 5332 episcopus
903 5271 1193 5327 censetur;
1247 5278 1482 5333 cumque
1540 5274 1814 5329 censetur,
1863 5264 2127 5319 Coeusem

560 5353 817 5423 opinatur
835 5351 1186 5419 Quosnelius,
1222 5368 1384 5422 quem
1423 5354 1566 5409 Julio
1596 5354 1651 5407 in
1691 5355 1886 5409 itinere
1913 5355 1977 5408 ad
2002 5370 2134 5409 con-

2207 1808 2414 1872 nullus,
2463 1807 2611 1878 quod
2664 1805 2854 1871 sciam,
2911 1805 3114 1870 tradit,
3166 1803 3364 1859 nullus
3423 1805 3633 1867 etiam,
3672 1801 3791 1874 quid

2210 1896 2414 1967 Ephesi
2442 1897 2634 1967 egerit.
2671 1896 2870 1952 Verum
2906 1894 3177 1950 Renatum
3219 1894 3277 1949 in
3322 1893 3516 1949 insula
3548 1894 3680 1949 Delo
3705 1893 3791 1948 de-

2211 1987 2461 2041 functum
2504 2002 2655 2051 esse,
2692 2002 2817 2040 cum
2850 1985 3128 2056 Ephesum
3155 1990 3407 2055 peteret,
3436 1993 3790 2055 praeterquam

2211 2077 2358 2147 quod
2383 2077 2532 2132 Felix
2556 2076 2767 2141 scribit,
2795 2075 3135 2131 demonstrat
3161 2090 3285 2129 mea
3314 2073 3551 2144 quidem
3583 2081 3792 2128 senten-

2215 2168 2288 2222 tia
2321 2167 2523 2221 invicte
2543 2207 2558 2232 ,
2591 2166 2737 2236 quod
2772 2165 2828 2219 in
2858 2164 3011 2220 Actis
3047 2163 3349 2234 Ephesinis
3389 2178 3596 2219 nomen
3632 2162 3790 2233 ipsius

2213 2275 2323 2315 non
2366 2268 2673 2323 censeatur,
2715 2258 2811 2313 ubi
2843 2272 2955 2312 non
2998 2256 3194 2313 siletur
3228 2255 3302 2311 de
3335 2254 3554 2310 Hilario
3576 2254 3790 2310 diacono

2214 2362 2269 2407 et
2292 2350 2526 2407 Dulcitio
2554 2350 2788 2406 notario.

2288 2428 2638 2498 Observanda
2679 2441 2918 2512 denique
2960 2438 3211 2495 recensio
3252 2438 3560 2503 librorum,
3597 2437 3664 2493 de
3693 2451 3788 2506 qua

2215 2532 2422 2603 egimus
2465 2530 2521 2584 in
2551 2546 2670 2599 cap.
2701 2529 2754 2583 2.

2218 2643 2459 2715 Epistula
2486 2644 2509 2696 -l
2529 2644 2608 2707 l7,
2630 2643 2993 2715 deprecatoria
3019 2641 3089 2695 ad
3118 2639 3459 2715 Florentium
3492 2639 3786 2710 episcopum,

2309 2713 2390 2768 vel
2421 2715 2591 2784 potius
2632 2709 2702 2766 ad
2728 2711 2926 2766 clerum
2956 2720 3050 2766 aut
3077 2709 3365 2765 concilium
3390 2710 3704 2764 Romanum.

2289 2804 2331 2857 1.
2363 2803 2562 2858 Notum
2591 2812 2827 2872 tempus,
2853 2819 2962 2873 quo
2982 2803 3109 2858 data
3140 2811 3226 2858 est
3254 2820 3270 2857 :
3299 2802 3449 2858 hanc
3474 2801 3619 2856 enim
3648 2799 3788 2853 detu-

2219 2892 2402 2947 lerunt
2422 2893 2582 2963 legati
2609 2909 2639 2947 a
2667 2893 3014 2947 Theodoreto
3042 2891 3196 2947 missi
3225 2893 3503 2956 Romam;
3540 2891 3782 2960 ignotum,

2223 2983 2310 3037 cui
2340 2983 2545 3052 scripta
2575 2984 2664 3037 sit.
2693 2984 2751 3037 In
2784 2982 3070 3037 codicibus
3095 2984 3340 3053 vulgatis
3360 2990 3660 3050 nostroque
3688 2994 3787 3033 ma-

2224 3075 2506 3144 nuscripto
2550 3075 2869 3130 inscribitur
2912 3074 3189 3130 Florentio
3219 3075 3519 3145 episcopo;
3552 3072 3643 3128 sed
3680 3071 3783 3140 epi-

2223 3166 2359 3219 stola
2389 3165 2608 3220 titulum
2641 3166 2760 3220 falsi
2788 3166 2987 3236 arguit.

2292 3256 2474 3328 3&4.
2521 3258 2585 3311 11.
2621 3257 2864 3312 Fuerunt
2908 3275 2969 3313 ea
3019 3266 3345 3329 tempestate
3394 3256 3649 3313 Florentii
3691 3254 3786 3308 duo

2224 3347 2518 3401 admodum
2543 3349 2818 3409 celebres;
2862 3365 3005 3403 unus
3033 3350 3289 3404 Sardium
3315 3350 3627 3419 episcopus.
3665 3346 3785 3400 alter

2225 3438 2490 3508 patricius
2528 3438 2777 3494 doctrina
2800 3439 3048 3509 insignis.
3082 3439 3358 3510 Scriptam
3397 3441 3624 3495 fortasse
3655 3435 3786 3507 quis-

2225 3529 2370 3598 piam
2419 3529 2674 3601 conjiciat
2719 3529 2786 3584 ad
2837 3529 3092 3585 Sardium
3146 3530 3477 3601 episcopum
3525 3548 3538 3582 :
3585 3542 3701 3582 nam
3738 3530 3786 3576 ct

2230 3619 2515 3690 inscriptio
2552 3620 2794 3689 epistola:
2831 3619 3151 3689 episcopum
3175 3619 3334 3682 dicit,
3356 3627 3412 3673 et
3436 3617 3602 3671 verba
3631 3612 3785 3667 Theo-

2229 3709 2405 3763 doreti
2442 3724 2568 3763 eum
2594 3749 2608 3773 ,
2638 3709 2725 3763 cui
2768 3708 3049 3773 scribitur,
3087 3724 3299 3778 magna:
3347 3707 3562 3763 cuidam
3599 3699 3782 3758 civitati

2228 3801 2570 3873 prtesedisse,
2607 3817 2932 3871 morumque
2970 3800 3257 3855 sanctitate
3298 3815 3367 3855 ac
3409 3795 3654 3853 doctrina
3691 3793 3786 3845 cla-

2230 3894 2406 3948 ruisse
2449 3891 2790 3963 significant;
2834 3892 2914 3946 sic
2956 3892 3104 3944 enim
3146 3906 3204 3945 se
3246 3890 3499 3945 habent:
3547 3905 3563 3938 ‹
3605 3884 3784 3939 Huma-

2227 4000 2359 4039 num
2386 3999 2559 4055 genus
2585 3983 2681 4037 Dei
2707 3998 2770 4038 ac
2800 3981 3099 4037 Salvatoris
3135 3981 3310 4034 nostri
3346 3978 3521 4050 gratia
3559 3972 3696 4028 omni
3726 3984 3783 4023 ex

2228 4085 2383 4148 parte
2427 4091 2536 4130 non
2582 4074 2852 4138 destituit,
2880 4073 2974 4128 sed
3023 4073 3242 4142 reliquit
3270 4071 3433 4125 nobis
3462 4080 3642 4122 semen
3670 4075 3780 4115 san-

2229 4168 2474 4223 ctitatem
2517 4175 2667 4221 tuam
2687 4166 2754 4230 ⁸³,
2786 4181 2856 4220 ne
2891 4166 3085 4220 fiamus
3123 4165 3267 4218 sicut
3305 4163 3564 4221 Sodoma,
3597 4166 3649 4211 et
3686 4151 3781 4207 Go-

2230 4259 2465 4314 morrha:
2506 4258 2714 4313 similes
2740 4271 2809 4310 ne
2840 4256 3030 4311 simus.
3077 4255 3188 4309 [Ioc
3226 4270 3327 4309 nos
3366 4252 3549 4307 animo
3583 4243 3780 4317 penitus

2231 4352 2468 4408 deficere
2502 4367 2610 4404 non
2649 4350 2801 4413 sinit,
2827 4348 2922 4403 sed
2954 4347 3195 4401 molestae
3229 4341 3570 4415 tempestatis
3598 4336 3780 4393 exitum

2229 4441 2468 4514 opperiri
2496 4456 2598 4495 nos
2624 4440 2796 4511 jubet.
2832 4440 2946 4494 Hoc
2966 4455 3067 4494 nos
3097 4439 3152 4493 in
3183 4438 3385 4492 bonam
3410 4448 3560 4505 spem
3591 4426 3735 4497 erigit
3764 4440 3776 4476 :

2231 4541 2516 4605 propterea
2555 4532 2719 4586 etiam
2750 4529 3194 4599 religiosissimos
3231 4527 3582 4598 presbyteros
3624 4518 3779 4588 Hypa-

2232 4624 2365 4677 tium
2397 4630 2454 4677 et
2486 4621 2804 4676 Abramium
2834 4620 3257 4690 chorepiscopos
3280 4659 3296 4684 ,
3331 4627 3387 4673 et
3411 4614 3653 4687 Alypium
3682 4621 3779 4661 mo-

2233 4714 2532 4767 nachorum
2572 4710 2716 4781 apud
2752 4725 2854 4765 nos
2890 4709 3188 4763 exarchum
3231 4708 3298 4763 ad
3330 4705 3664 4762 sanctitatem
3696 4710 3776 4749 ve-

2234 4814 2401 4859 stram
2454 4804 2740 4866 misimus,
2792 4810 2853 4857 ut
2913 4800 3278 4881 calamitatem
3333 4793 3636 4868 depcllatis,
3676 4797 3777 4881 qua?

2235 4898 2476 4953 Orientis
2513 4896 2792 4951 Ecclesias
2825 4880 3133 4964 occupavit.
3172 4912 3189 4944 ι
3230 4893 3298 4947 Et
3318 4900 3505 4963 postea
3537 4903 3550 4939 :
3582 4902 3598 4934 ι
3636 4880 3778 4934 Βθοεί

2237 5005 2404 5060 porro
2436 4989 2781 5043 sanctitatem
2824 4993 3085 5048 vestram,
3130 4982 3323 5037 eadem
3364 4978 3778 5060 nobiscumgseﬂ-

2235 5058 2434 5133 tientcs
2457 5092 2556 5146 per
2577 5075 2831 5147 injuriam
2854 5073 3041 5143 pulsos
3070 5087 3180 5126 non
3204 5069 3516 5141 despicere;
3542 5060 3631 5117 sed
3650 5058 3777 5127 illle

2236 5170 2484 5224 subsidio
2539 5168 2793 5239 injuriam
2839 5164 3177 5235 reprimere,
3221 5179 3285 5219 ac
3328 5162 3606 5217 veritatem
3649 5158 3775 5217 tm?-

2237 5263 2407 5317 l‘racte
2439 5262 2822 5331 impugnantes
2854 5259 3074 5324 docere,
3098 5273 3209 5311 non
3243 5255 3424 5312 omnia
3460 5240 3670 5313 exsequi
3696 5245 3777 5291 €09

2236 5368 2418 5423 posse,
2446 5352 2538 5421 qui
2568 5353 2797 5405 licenter
2821 5348 3094 5419 quidlibet
3127 5347 3347 5419 aggredi
3374 5346 3650 5400 conantur.
3683 5346 3702 5380 ι

1905 5510 2217 5566 8011131111
2272 5509 2499 5565 NOTAE.

633 5653 677 5685 “
703 5650 925 5710 Cthém.
965 5652 1110 5706 Edit.
1154 5653 1302 5721 prior
1352 5653 1585 5708 habebat
1621 5656 1815 5708 sedem.

1894 5655 1938 5686 ⁸³
1967 5653 2149 5707 Tuam.
2190 5652 2378 5707 Potius
2415 5660 2665 5707 vestram.
2698 5661 2755 5705 ut
2790 5651 2818 5720 ς
2848 5652 2900 5715 6,
2949 5648 3202 5721 legimus.
