3926 6216
168 255 257 318 ΞΕΒ

168 474 446 529 [rogumque
470 459 852 526 auctoritatis;
899 461 1003 517 fuit
1022 476 1077 518 et
1107 465 1416 520 Florentius
1440 468 1708 536 patricius

165 550 385 603 doctrina
410 558 462 603 et
487 565 705 603 morum
729 550 1040 621 integritate
1066 553 1283 617 nobilis,
1319 556 1385 608 de
1415 571 1523 625 quo
1551 566 1707 608 antea

165 642 342 694 dictum
370 651 468 694 cst.

226 734 300 788 IV.
324 732 518 786 Verum
543 734 827 802 quomodo
850 738 1177 791 conveniant
1202 739 1446 807 epistola:
1474 739 1616 794 dicta
1652 741 1706 794 in

164 828 469 896 episc0pum,
514 825 608 895 qui
656 826 1079 882 hmresiarcham
1133 829 1413 899 Eutychen
1451 831 1705 893 absolvit,

165 924 489 984 sanctumque
520 915 842 969 Flavianum
884 916 1165 971 damnavit
1192 920 1245 973 in
1275 920 1510 973 concilio
1543 921 1708 974 latro-

164 1007 321 1071 cinali,
349 1007 550 1075 quique
579 1007 851 1079 indulgeri
885 1007 990 1063 sibi
1014 1016 1119 1063 tam
1155 1010 1388 1079 grande‘
1422 1019 1705 1081 peccatum

166 1098 384 1167 poposcit
409 1097 781 1163 Chalcedone,
809 1100 955 1168 quod
985 1100 1113 1155 fecit
1142 1101 1481 1167 Florentius;
1522 1103 1707 1158 nullus

167 1187 319 1239 video.

222 1277 275 1330 ν.
309 1275 456 1341 Quod
479 1275 526 1329 si
561 1275 688 1345 quis
720 1275 1013 1331 delendum
1044 1285 1199 1347 putet
1220 1277 1462 1348 episcopi
1507 1292 1706 1332 nomen

163 1383 217 1420 ex
244 1367 588 1435 inscriptione
612 1408 627 1431 ,
660 1368 1038 1438 scriptumque
1069 1368 1327 1439 conjiciat
1369 1369 1435 1423 ad
1482 1369 1707 1423 Floren-

163 1459 277 1511 tium
304 1457 587 1528 patrieium
609 1474 725 1513 sua:
743 1459 921 1514 aetatis
956 1458 1419 1529 potentissimum,
1452 1457 1709 1513 doetissi-

162 1563 393 1618 mumque
418 1565 481 1603 ac
507 1551 958 1619 integerrimnm;
993 1551 1219 1605 habebit
1249 1552 1561 1621 conjectura
1584 1550 1707 1620 plus

158 1639 341 1709 aliquid
384 1640 790 1708 probabilitatis
839 1650 894 1696 et
944 1643 1316 1713 congruentia:
1361 1657 1487 1695 cum
1541 1642 1704 1697 dictis

1298 263 1390 323 DE
1430 264 1684 323 LIBRIS
1719 263 2229 331 TIIEODORETI.

230 369 300 423 lll.
333 366 453 421 Fuit
490 383 624 422 vero
660 368 916 425 Sardium
946 371 1237 442 episcopus
1265 375 1447 446 Lydiae
1474 378 1675 445 primas
1695 418 1707 439 ,
1741 381 1783 435 Α

1888 380 1999 434 ΥΙΙ.
2032 382 2234 439 Indicia
2265 400 2358 440 sex
2385 386 2507 451 ista,
2542 387 2645 443 nisi
2684 388 3074 445 occidentalem
3115 397 3381 463 synodum

1813 470 2211 539 demonstrent,
2254 494 2361 532 non
2385 479 2545 533 video
2588 496 2709 549 qum
2752 482 2861 537 alia
2901 493 3113 552 possunt
3157 488 3380 545 clarius.

1810 562 1962 618 Adde
1990 566 2135 634 quod
2176 584 2243 622 ex
2279 570 2509 640 epistola
2544 572 2646 625 H6
2677 582 2911 637 constet,
2959 585 3175 645 optasse
3204 578 3383 635 Theo-

1808 653 2083 723 doretum,
2112 673 2328 714 causam
2359 677 2511 716 suam
2541 664 2626 734 agi
2665 664 2720 718 in
2746 666 3070 721 occidentali
3102 670 3335 725 concilio
3363 690 3378 726 :

1818 764 1835 795 ι
1888 746 2219 801 Persuadeat
2272 753 2535 807 sanctitas
2582 763 2671 808 tua
2724 757 3072 811 sanctissimo
3112 760 3383 831 archiepi-

1808 851 1994 905 scopo,
2026 847 2086 892 ut
2111 843 2409 908 apostolica
2444 847 2773 901 auctoritate
2808 856 3017 912 utatur,
3052 858 3108 904 et
3133 851 3199 905 ad
3248 868 3380 906 con-

1809 926 1995 979 cilium
2019 936 2260 982 vestrum
2300 931 2551 987 advolare
2582 935 2881 1004 praecipiat.
2916 955 2934 988 ›
2968 936 3026 990 Id
3055 938 3231 1007 ipsum
3258 955 3381 1009 pre-

1808 1015 1963 1071 cibus
2004 1017 2241 1073 Anatolii
2270 1021 2337 1075 ah
2362 1022 2693 1092 imperatore
2719 1026 3074 1083 obtenturum
3108 1046 3165 1084 se
3190 1046 3377 1100 spera-

1808 1117 1963 1162 verat
2012 1112 2174 1179 epist.
2206 1113 2348 1167 i19:
2389 1133 2405 1164 ι
2466 1115 2891 1185 Magnitudinem
2939 1127 3087 1174 tuam
3136 1122 3379 1176 obtestor

1807 1196 1949 1252 hanc
1975 1213 2005 1252 a
2030 1200 2235 1254 victore
2274 1202 2516 1272 Augusto
2558 1206 2788 1274 gratiam
2826 1215 2994 1276 petat,
3034 1220 3095 1264 ut
3135 1210 3189 1264 in
3223 1210 3379 1266 Occi-

1807 1289 2027 1343 dentem
2058 1291 2295 1357 veniam,
2330 1292 2517 1363 ibique
2539 1311 2567 1347 a
2595 1296 2707 1350 Deo
2735 1297 3069 1353 charissimis
3095 1302 3376 1356 sanctissi-

1808 1382 2020 1451 misque
2057 1382 2586 1456 cpiscopisjudicer.
2631 1406 2647 1437 ι

1876 1475 2013 1529 Vill.
2046 1473 2171 1531 Haec
2200 1485 2382 1532 autem
2414 1477 2457 1532 si
2488 1478 2560 1532 ita
2599 1493 2657 1533 se
2687 1478 2909 1545 habent,
2940 1491 3001 1535 ut
3025 1481 3228 1537 habent
3253 1500 3380 1553 pro-

1805 1566 1894 1620 cul
1919 1566 2107 1632 dubio,
2129 1568 2307 1624 lucem
2329 1568 2565 1624 afferunt
2591 1571 2842 1626 obscuris
2868 1572 2922 1626 in
2943 1572 3175 1629 historia
3200 1591 3373 1645 (μηθε-

1808 1659 2055 1714 tionibus
2080 1701 2095 1723 ,
2150 1670 2211 1715 ut
2245 1670 2376 1731 puta
2421 1661 2489 1717 de
2535 1664 2901 1733 appellatione
2942 1666 3271 1724 Theodoreti
3308 1670 3375 1724 ad

159 1733 716 1830 Tifeo‘ioreli-_Yeru“_‘
742 1733 944 1830 οδξῑεην
975 1735 1120 1804 quo“
1159 1743 1234 1830 ξι.
1256 1735 1580 1830 δεηοῑίῑξιιίξ
1604 1750 1705 1830 "9'
1738 1726 1776 1779 8
1806 1767 2080 1806 summum
2117 1726 2432 1824 pontiﬁcem
2471 1764 2527 1809 et
2571 1726 2692 1827 ejus
2731 1759 3020 1829 synodum,
3045 1759 3111 1814 de
3140 1762 3378 1830 appelfa-

154 1823 283 1877 mine
312 1823 667 1892 compelletur
693 1823 740 1877 is
780 1823 850 1877 ad
879 1839 1040 1894 quem
1072 1824 1351 1887 scribitur,
1379 1823 1515 1878 etin
1542 1822 1704 1878 Occi-

153 1904 299 1968 dente
325 1915 535 1985 positus
565 1930 677 1968 non
712 1914 946 1970 obscure
988 1914 1269 1969 innuatur.
1298 1914 1541 1968 Primum
1571 1928 1703 1969 vero

148 2006 377 2060 saeculari
422 1998 656 2069 homini,
703 2006 934 2060 alterum
974 2005 1208 2074 patricio
1231 2004 1702 2074 Constantinopoli

149 2097 314 2151 sedem
339 2097 582 2159 ha'benti,
613 2112 725 2151 non
755 2098 1029 2152 convenit.
1049 2097 1106 2152 Si
1144 2097 1274 2152 licet
1302 2097 1357 2151 in
1385 2113 1445 2159 re
1477 2105 1583 2151 tam
1609 2097 1703 2151 ob-

149 2203 294 2243 scura
312 2188 636 2244 sententiam
670 2189 877 2253 dicere,
917 2188 1113 2259 Opinor
1148 2189 1434 2258 irrepsisse
1455 2203 1699 2243 errorem

155 2281 205 2334 in
234 2282 432 2335 titulum
453 2323 467 2345 ,
497 2290 784 2351 totamque
826 2282 1113 2351 epistolam
1151 2297 1273 2336 esse
1312 2282 1579 2336 directam
1614 2282 1698 2336 vel

159 2372 211 2425 ad
245 2373 437 2427 clerum
471 2373 804 2435 Romanum,
824 2371 969 2442 quod
997 2372 1179 2426 minus
1203 2372 1489 2434 allirmem,
1515 2372 1601 2427 vel
1632 2372 1696 2425 ad

159 2459 409 2530 episcopos
443 2458 706 2516 Romanae
750 2461 867 2516 sive
908 2461 1265 2516 occidentalis
1303 2462 1517 2534 synodi,
1551 2463 1696 2533 quod

158 2552 461 2620 probabilius
482 2553 721 2607 videtur.

211 2664 286 2719 Vl.
308 2666 362 2719 In
402 2666 544 2721 hanc
576 2666 894 2737 opinionem
923 2667 1124 2721 indicia
1153 2682 1245 2721 sex
1285 2684 1370 2722 me
1396 2667 1695 2723 adducunt.

157 2754 197 2807 l.
239 2754 383 2820 Quod
438 2755 825 2811 Theodoretus
872 2756 941 2810 ad
1002 2757 1190 2827 plures
1241 2757 1478 2824 scribat;
1524 2758 1699 2811 utitur

152 2846 276 2899 enim
300 2861 511 2916 semper
546 2862 783 2902 numero
809 2846 1199 2913 multitudinis,
1234 2849 1427 2903 solitus
1457 2848 1699 2919 singula-

149 2950 223 2990 res
270 2953 658 3007 quoscunque,
709 2938 874 2992 etiam
930 2954 1205 2992 summum
1262 2939 1598 3008 pontiﬁcem,
1643 2947 1699 2993 et

148 3028 414 3099 Augustam
434 3030 786 3084 Pulcheriam
813 3030 1076 3100 singulari
1102 3030 1324 3085 nomine
1346 3031 1693 3099 compellare.
1724 3064 1764 3121 ο

145 3117 280 3185 Quod
331 3129 515 3174 autem
575 3121 850 3190 interpres
896 3120 1099 3190 posuit,
1141 3123 1476 3175 sanctitatem
1524 3130 1694 3185 tuam,

147 3226 240 3265 non
266 3221 525 3267 consonat
548 3211 761 3277 Grreco,
789 3212 1057 3283 ὑμετέραν
1091 3210 1455 3282 ἁγεο›σύνην⁸”
1482 3228 1496 3267 :
1534 3208 1696 3281 345

146 3306 585 3373 quemadmodum
604 3320 709 3359 nec
729 3304 874 3374 quod
890 3304 1134 3368 dixit,vir
1148 3306 1492 3367 sanctissime;
1513 3302 1698 3357 Grzece

148 3398 276 3450 enim
323 3399 527 3469 legitur
592 3395 903 3464 ἁγιώτατοι.
948 3396 1000 3450 ‘2.
1047 3395 1203 3462 Quod
1264 3396 1448 3465 plures
1487 3394 1584 3459 illi,
1630 3393 1695 3447 ad

145 3505 263 3559 quos
289 3492 576 3555 scribitur,
615 3489 797 3543 forent
827 3487 1257 3542 Occidentalium
1302 3487 1567 3558 partium;
1600 3502 1699 3556 op-

145 3582 277 3649 ponit
312 3580 588 3651 siquidem
632 3577 1024 3634 Orientalibus.
1068 3577 1119 3630 5.
1180 3575 1333 3643 Quod
1381 3577 1567 3645 plures
1620 3573 1696 3631 illi

146 3688 333 3742 quoque
354 3671 739 3727 Occidentales
778 3670 982 3725 fuerint
1013 3668 1285 3739 episcopi;
1329 3676 1693 3738 prteterquam

145 3764 266 3831 quod
304 3765 452 3819 enim
489 3762 547 3817 id
596 3762 792 3817 titulos
831 3761 1056 3823 indicat,
1093 3760 1432 3815 demonstrat
1475 3760 1696 3828 insuper

145 3868 231 3908 vox
272 3857 572 3910 sanctitatis
616 3861 821 3917 vestrm,
866 3852 1088 3907 tertium
1140 3851 1404 3906 adhibita.
1442 3852 1495 3905 4.
1537 3849 1694 3917 Quod

144 3947 357 4019 episcopi
390 3949 482 4004 isti
510 3963 623 4002 non
652 3946 955 4001 defecerint
997 3961 1027 4000 a
1078 3945 1203 4009 ﬁde,
1229 3944 1469 3999 Orientis
1501 3944 1692 3998 Eccle-

144 4040 224 4093 siis
257 4054 602 4094 communem
635 4036 999 4092 calamitatem
1034 4035 1228 4105 passis,
1257 4043 1417 4103 atque
1466 4034 1539 4087 ita
1566 4031 1693 4086 inde

145 4146 249 4199 spes
289 4131 454 4186 fuerit
509 4128 865 4185 restituendae
892 4129 972 4183 rei
1007 4146 1020 4181 :
1055 4147 1073 4179 ί
1109 4127 1205 4181 Dei
1249 4127 1423 4197 gratia
1468 4124 1693 4194 reliquit

143 4223 279 4277 nobis
305 4238 497 4278 semen
536 4220 886 4275 sanctitatem
918 4227 1153 4273 vestram
1177 4259 1190 4282 ,
1216 4235 1284 4273 ne
1320 4218 1513 4272 ﬁamus
1551 4216 1693 4271 sicut

143 4310 369 4377 Sodoma,
413 4332 431 4362 ι
465 4320 574 4366 etc.
604 4310 657 4365 5.
700 4308 855 4375 Quod
885 4316 1044 4362 tantm
1076 4308 1151 4361 illi
1185 4308 1365 4361 forent
1391 4305 1689 4359 auctorita-

1806 1842 1973 1897 tionis
2001 1842 2185 1906 modo,
2214 1844 2281 1899 de
2301 1844 2526 1915 judiciis
2562 1861 2900 1903 summorum
2941 1851 3259 1921 pontiﬁcum
3285 1851 3375 1905 illa

1803 1941 2148 2004 tempestate,
2172 1941 2281 1990 etc.

1999 2050 2243 2122 Epistola
2275 2051 2396 2119 118,
2429 2069 2499 2107 aa
2523 2053 2950 2107 archidiaconum
2970 2050 3170 2108 Roma.

1871 2162 1912 2217 1.
1941 2164 2200 2235 Ejusdem
2243 2167 2506 2237 temporis
2542 2174 2705 2237 atque
2754 2163 3063 2234 argumenti
3093 2181 3219 2220 cum
3249 2167 3370 2223 116.

1800 2253 2061 2320 Queritur
2089 2257 2236 2312 enim
2272 2258 2468 2313 factam
2498 2258 2602 2313 sibi
2647 2257 2907 2329 injuriam
2947 2259 3169 2330 Ephesi,
3195 2270 3374 2331 rogat-

1800 2362 1907 2416 que
1949 2362 2102 2401 suam
2142 2356 2198 2402 et
2243 2349 2614 2404 Ecelesiarum
2659 2364 2876 2404 causam
2920 2350 3064 2419 apud
3098 2366 3371 2405 summum

1799 2435 2112 2506 pontiﬁcem
2144 2438 2477 2506 promoveri.

1869 2528 1936 2582 Il.
1981 2527 2114 2595 Quis
2163 2539 2345 2583 autem
2389 2530 2481 2584 ille
2529 2529 2986 2587 archidiaconus?
3029 2529 3269 2595 Hilarus,
3302 2545 3373 2585 an

1799 2620 1981 2674 alter?
2007 2621 2193 2675 Hilaro
2226 2629 2376 2676 certe
2410 2636 2520 2675 non
2551 2621 2844 2677 admodum
2870 2621 3222 2686 conveniunt,
3253 2638 3375 2692 qua:

1798 2711 2081 2765 dicuntur.
2112 2711 2498 2766 Verumtamen
2536 2710 2657 2765 ﬁeri
2692 2713 2892 2781 potuit,
2926 2712 3072 2782 quod
3102 2712 3156 2765 in
3180 2727 3374 2782 repen-

1799 2800 1932 2855 tinis
1960 2801 2178 2856 casibus
2214 2802 2373 2867 solet,
2408 2811 2468 2856 ut
2499 2801 2896 2866 Theodoretus,
2926 2818 3051 2857 cum
3084 2802 3371 2866 scriberet,

1797 2892 2041 2947 nandum
2078 2892 2210 2947 satis
2229 2892 2457 2947 edoctus
2485 2891 2651 2947 fuerit
2677 2891 2743 2947 de
2777 2893 2941 2947 rebus
2971 2892 3039 2947 ab
3074 2892 3260 2947 Hilaro
3283 2909 3370 2963 ge-

1799 2985 1897 3039 stis
1948 2985 2172 3054 Ephesi,
2215 2982 2661 3053 quandoquidem
2714 2985 2926 3038 Renato
2984 2983 3212 3047 tribuit,
3253 2998 3373 3053 qum

1800 3074 1970 3129 Hilari
1993 3081 2142 3138 sunt,
2183 3081 2239 3128 et
2266 3074 2487 3128 sciverit
2520 3082 2699 3128 tamen
2724 3082 2903 3137 antea,
2928 3082 3129 3143 quanta
3155 3073 3374 3127 Hilarus

1797 3167 2028 3236 polleret
2061 3167 2246 3220 Romae
2276 3165 2624 3230 auctoritate,
2644 3174 2756 3218 tum
2791 3174 3017 3234 propter
3052 3164 3372 3234 dignitatem

1797 3257 1959 3329 346
1991 3256 2399 3323 archidiaconi,
2427 3257 2584 3326 cujus
2633 3264 2751 3310 erat
2791 3270 2981 3309 causas
3021 3270 3213 3325 agere;
3255 3264 3371 3309 tum

1798 3356 2022 3418 propter
2044 3348 2414 3419 praestantiam
2439 3347 2567 3413 viri,
2591 3346 2685 3418 qui
2718 3347 2915 3402 merito
2952 3355 3140 3418 postea
3164 3348 3371 3402 electus

1796 3451 1880 3497 est
1906 3441 1960 3494 in
1995 3441 2197 3496 Leonis
2227 3455 2639 3495 successorem:
2673 3454 2841 3509 quare
2874 3455 3001 3494 suas
3043 3439 3142 3509 ipsi
3181 3455 3373 3509 preces

1795 3531 2014 3585 obtulit.

1796 3643 2037 3715 Epistula
2072 3644 2194 3709 119,
2228 3644 2589 3714 deprecatoria
2623 3643 2692 3696 ad
2728 3598 3036 3697 Anatolium
3069 3641 3367 3712 patricium.

1863 3758 1905 3813 l.
1946 3758 2154 3814 Eodem
2200 3766 2467 3828 tempore,
2499 3772 2623 3812 cum
2660 3756 2906 3812 nondum
2938 3772 3191 3827 egressus
3230 3758 3371 3814 foret

1792 3853 1952 3923 Cyro,
1994 3852 2089 3907 sed
2143 3851 2445 3921 ejiciendus
2492 3850 2828 3905 crederetur.
2879 3870 2898 3900 ‹
2949 3850 3075 3904 1ῘέῈο
3127 3860 3186 3906 ut
3224 3866 3384 3905 nunc-

1793 3944 2114 4007 scriberem,
2157 3958 2224 3998 eo
2270 3958 2389 3996 sum
2432 3941 2677 4005 adactus,
2725 3941 2870 4010 quod
2906 3949 2967 3994 ut
3012 3941 3143 3995 hinc
3173 3941 3369 4011 jnbear

1792 4036 1966 4095 abire,
1994 4032 2172 4088 moliri
2203 4032 2469 4101 quosdam
2494 4030 2865 4101 cognoverim.
2900 4048 2916 4080 ι

1862 4126 1926 4179 ll.
1962 4124 2224 4191 Queritur
2245 4123 2311 4185 ⁸⁵,
2341 4137 2398 4175 se
2442 4129 2631 4174 contra
2676 4121 2768 4190 jus
2810 4119 3000 4189 fasque
3033 4118 3367 4188 depositum,

1792 4215 2161 4284 cfilagitatque
2188 4211 2630 4274 lamentabiliter,
2656 4211 2759 4264 sibi
2796 4210 2863 4263 ab
2894 4210 3222 4279 imperatore
3250 4208 3366 4263 ﬁeri

1794 4308 2112 4361 alterutram
2134 4312 2480 4373 potestatem,
2512 4311 2608 4356 aut
2636 4301 2703 4355 ad
2729 4302 3001 4370 judicium
3034 4301 3204 4355 sancti
3230 4300 3369 4355 Leo-

143 4406 217 4467 tis,
250 4424 266 4455 ι
301 4414 361 4459 ut
392 4411 622 4474 possent
643 4400 919 4470 depellere
943 4398 1185 4453 Orientis
1210 4398 1577 4451 Ecclesiarum
1602 4411 1690 4449 ca-
1723 4402 1764 4456 D
1793 4399 1879 4452 nis
1905 4398 2108 4452 eundi:
2145 4416 2162 4449 ι
2201 4396 2625 4466 Magnitudinem
2673 4404 2819 4447 tuam
2854 4393 3119 4457 obtestor,
3150 4393 3291 4447 hanc
3337 4409 3367 4446 a

140 4496 436 4561 lamitatem,
474 4502 725 4549 exortam
758 4492 988 4546 haeresin
1036 4490 1380 4560 proscribere
1405 4529 1419 4553 ,
1457 4503 1552 4542 eos
1594 4486 1687 4556 qui

142 4588 507 4644 incarnationis
528 4586 836 4641 doctrinam
860 4585 1168 4640 adulterare
1190 4583 1307 4637 ausi
1338 4588 1485 4643 sunt,
1502 4589 1688 4650 aperte

140 4678 468 4748 redarguere,
502 4676 720 4729 illorum
773 4673 867 4744 qui
916 4674 1133 4743 pietatis
1185 4687 1349 4727 causa
1400 4678 1685 4733 vexantur,

140 4768 479 4834 patrocinium
495 4774 552 4821 et
578 4764 952 4819 defensionem
986 4763 1284 4833 suscipere,
1314 4777 1410 4831 per
1433 4761 1688 4831 injuriam

140 4856 301 4923 pulsos
329 4872 446 4910 non
494 4853 783 4924 despicere
806 4893 820 4917 ,
850 4852 945 4907 sed
983 4854 1131 4924 justo
1157 4851 1404 4905 subsidio
1437 4850 1689 4920 injuriam

140 4948 433 5015 reprimere,
466 4961 531 5001 ac
558 4945 847 4999 veritatem
877 4943 1159 5013 praefracte
1189 4942 1570 5011 impugnantes
1595 4940 1691 4994 do.

142 5054 264 5103 cere,
302 5058 412 5097 non
459 5043 647 5096 omnia
698 5055 794 5094 eos
841 5052 1001 5108 posse
1043 5034 1285 5103 exsequi,
1330 5034 1423 5102 qui
1463 5034 1692 5087 licenter

144 5132 383 5198 quidlibet
410 5132 638 5205 aggredi
666 5139 957 5188 conantur.
995 5147 1012 5179 ι
1053 5126 1107 5181 6.
1145 5126 1298 5194 Quod
1328 5125 1395 5179 ad
1423 5140 1517 5179 eos
1538 5124 1691 5178 missi

148 5221 233 5276 sint
276 5223 549 5293 legatinc
595 5218 1062 5289 Religiosissimos
1109 5216 1462 5287 presbyteros
1513 5211 1692 5284 llypa~

151 5306 254 5361 tium
283 5319 334 5364 et
360 5309 689 5365 Abramium
734 5306 1179 5376 chorepisc0pos,
1205 5313 1260 5359 et
1292 5305 1542 5375 Alypium
1578 5319 1693 5357 mo-

147 5401 404 5458 nachorum
432 5403 582 5474 apud
633 5416 738 5456 nos
785 5400 1077 5454 exarchum
1116 5396 1182 5451 ad
1231 5396 1574 5451 sanctitatem
1605 5409 1695 5448 ve-

142 5502 276 5550 stram
301 5499 575 5553 misimus.
616 5514 635 5545 ›

1794 4489 2000 4541 victore
2042 4486 2286 4554 Augusto
2334 4490 2486 4552 petat
2531 4483 2781 4552 gratiam,
2810 4489 2869 4535 ut
2910 4481 2965 4534 in
3014 4481 3367 4537 Occidentem

1794 4579 2031 4640 veniam,
2067 4577 2254 4644 ibique
2293 4590 2323 4629 a
2366 4574 2478 4628 Deo
2526 4571 2863 4626 charissimis
2897 4571 3368 4638 sanctissimisque

1794 4669 2068 4740 episcopis
2111 4666 2365 4738 judicer:
2399 4680 2463 4719 ac
2497 4665 2541 4719 si
2582 4665 2671 4719 vel
2701 4664 2992 4717 minimum
3024 4667 3088 4717 a‘
3117 4661 3241 4715 ﬁdei
3278 4676 3367 4715 re-

1795 4762 1917 4831 gula
1968 4758 2257 4813 deﬂectere
2301 4756 2508 4819 videar,
2548 4756 2602 4809 in
2645 4754 2890 4807 medium
2932 4753 3100 4807 maris
3147 4748 3370 4819 profun-

1798 4852 1927 4905 dum
1970 4849 2223 4919 dejieiar;
2264 4866 2281 4899 ι
2340 4855 2435 4900 aut
2489 4846 2543 4899 in
2582 4845 2979 4899 monasterium
3037 4838 3368 4895 secedendi:

1805 4962 1822 4994 ι
1861 4940 2015 5008 Quod
2038 4940 2083 4994 si
2114 4939 2199 4993 his
2228 4937 2486 5007 precibus
2510 4935 2707 4990 vestris
2754 4951 2863 4990 non
2906 4933 3094 4997 cedet,
3120 4931 3369 4985 habitare

1801 5050 1887 5089 me
1932 5034 2124 5087 saltem
2163 5030 2354 5099 jubeat
2394 5027 2449 5080 in
2477 5028 2811 5081 monasterio
2837 5032 3046 5089 nostro,
3073 5021 3217 5092 quod
3244 5020 3369 5090 qui-

1795 5127 1918 5181 dem
1943 5141 1972 5179 a
1991 5123 2267 5196 Cyrestica
2296 5119 2627 5176 milliaribus
2649 5122 2804 5175 abest
2832 5128 3052 5173 centum
3076 5125 3132 5170 et
3154 5113 3367 5186 viginti,

1795 5218 1863 5271 ah
1898 5214 2241 5269 Antiochena
2286 5211 2532 5281 quinque
2560 5221 2618 5268 et
2643 5211 3015 5282 septuaginta;
3063 5207 3240 5262 tribus
3267 5223 3367 5260 au--

1796 5317 1903 5362 tem
1927 5304 2258 5360 milliaribus
2283 5304 2448 5358 distat
2471 5304 2534 5359 ab
2568 5305 2704 5359 urbe
2735 5302 3028 5373 Apameae.
3072 5319 3089 5350 ι

1866 5398 1951 5452 lll.
1979 5394 2415 5459 Observandum,
2456 5396 2602 5465 quod
2645 5396 2723 5451 ait
2763 5395 2829 5448 de
2869 5408 2969 5448 suo
3014 5390 3365 5449 monasrerio,

1796 5491 1953 5559 cujus
1978 5490 2142 5542 situm
2176 5486 2440 5541 describit
2473 5508 2485 5542 :
2520 5489 2644 5543 inde
2675 5487 2821 5542 enim
2849 5484 3056 5555 liquet,
3086 5482 3139 5536 in
3178 5495 3368 5535 mona-

1458 5623 1773 5680 SCIIULZII
1814 5622 2044 5678 NOTJE.

178 5730 217 5764 “
239 5730 361 5805 Legi
392 5730 539 5788 solet
573 5724 865 5794 ἁγιότητα.
906 5721 1028 5778 Vid.
1064 5730 1101 5776 ι.
1133 5721 1220 5786 ιγ,
1255 5736 1306 5789 p.
1336 5718 1489 5773 H09.
1568 5718 1612 5748 ⁸⁸
1642 5717 1700 5770 Vi

1811 5732 1975 5786 inpra,
2005 5731 2057 5785 p.
2093 5715 2209 5768 185.
