  <div class='ocr_page' id='page_1' title='image "/cluster/home/n/w/nwhite01/storage/ocr_20150623/84 pt.5/mdp.39015010572884/155.png"; bbox 0 0 3926 6216; ppageno 0'>
   <div class='ocr_carea' id='block_1_1' title="bbox 522 262 627 324">
    <p class='ocr_par' dir='ltr' id='par_1_1' title="bbox 522 262 627 324">
     <span class='ocr_line' id='line_1_1' title="bbox 522 262 627 324; baseline 0.01 -1"><span class='ocrx_word' id='word_1_1' title='bbox 522 262 627 324; x_wconf 79' lang='lat'><strong>295</strong></span> 
     </span>
    </p>
   </div>
   <div class='ocr_carea' id='block_1_2' title="bbox 527 366 2183 441">
    <p class='ocr_par' dir='ltr' id='par_1_2' title="bbox 527 366 2183 441">
     <span class='ocr_line' id='line_1_2' title="bbox 527 366 2183 441; baseline -0.003 -14"><span class='ocrx_word' id='word_1_2' title='bbox 527 370 695 427; x_wconf 78' lang='lat' dir='ltr'><strong>sterio</strong></span> <span class='ocrx_word' id='word_1_3' title='bbox 733 369 993 441; x_wconf 83' lang='lat' dir='ltr'><strong>Euprepii</strong></span> <span class='ocrx_word' id='word_1_4' title='bbox 1033 368 1347 425; x_wconf 80' lang='lat' dir='ltr'><strong>exercuisse</strong></span> <span class='ocrx_word' id='word_1_5' title='bbox 1383 382 1441 422; x_wconf 88' lang='lat' dir='ltr'><strong>se</strong></span> <span class='ocrx_word' id='word_1_6' title='bbox 1477 366 1760 437; x_wconf 87' lang='lat' dir='ltr'><strong>primum,</strong></span> <span class='ocrx_word' id='word_1_7' title='bbox 1794 367 1925 422; x_wconf 87' lang='lat' dir='ltr'><strong>dum</strong></span> <span class='ocrx_word' id='word_1_8' title='bbox 1957 368 2109 423; x_wconf 88' lang='lat' dir='ltr'><strong>vive-</strong></span> <span class='ocrx_word' id='word_1_9' title='bbox 2142 378 2183 431; x_wconf 77' lang='grc' dir='ltr'><strong>Α</strong></span> 
     </span>
    </p>
   </div>
   <div class='ocr_carea' id='block_1_3' title="bbox 528 459 2110 534">
    <p class='ocr_par' dir='ltr' id='par_1_3' title="bbox 528 459 2110 534">
     <span class='ocr_line' id='line_1_3' title="bbox 528 459 2110 534; baseline -0.001 -17"><span class='ocrx_word' id='word_1_10' title='bbox 528 471 654 519; x_wconf 87' lang='lat' dir='ltr'><strong>rent</strong></span> <span class='ocrx_word' id='word_1_11' title='bbox 679 471 935 534; x_wconf 80' lang='lat' dir='ltr'><strong>parentes</strong></span> <span class='ocrx_word' id='word_1_12' title='bbox 962 478 1121 517; x_wconf 91' lang='lat' dir='ltr'><strong>:cum</strong></span> <span class='ocrx_word' id='word_1_13' title='bbox 1147 469 1330 516; x_wconf 89' lang='lat' dir='ltr'><strong>autem</strong></span> <span class='ocrx_word' id='word_1_14' title='bbox 1356 459 1644 523; x_wconf 78' lang='lat' dir='ltr'><strong>vixissent,</strong></span> <span class='ocrx_word' id='word_1_15' title='bbox 1681 459 1737 513; x_wconf 93' lang='lat' dir='ltr'><strong>in</strong></span> <span class='ocrx_word' id='word_1_16' title='bbox 1768 460 2110 530; x_wconf 84' lang='lat' dir='ltr'><strong>Apamenum</strong></span> 
     </span>
    </p>
   </div>
   <div class='ocr_carea' id='block_1_4' title="bbox 528 551 2113 622">
    <p class='ocr_par' dir='ltr' id='par_1_4' title="bbox 528 551 2113 622">
     <span class='ocr_line' id='line_1_4' title="bbox 528 551 2113 622; baseline -0.001 -13"><span class='ocrx_word' id='word_1_17' title='bbox 528 556 747 611; x_wconf 88' lang='lat' dir='ltr'><strong>venisse</strong></span> <span class='ocrx_word' id='word_1_18' title='bbox 770 596 785 620; x_wconf 89' lang='lat'><strong>,</strong></span> <span class='ocrx_word' id='word_1_19' title='bbox 813 555 909 611; x_wconf 90' lang='lat' dir='ltr'><strong>sed</strong></span> <span class='ocrx_word' id='word_1_20' title='bbox 958 564 1273 610; x_wconf 79' lang='lat' dir='ltr'><strong>revocatum</strong></span> <span class='ocrx_word' id='word_1_21' title='bbox 1308 553 1362 606; x_wconf 91' lang='lat' dir='ltr'><strong>in</strong></span> <span class='ocrx_word' id='word_1_22' title='bbox 1396 552 1636 622; x_wconf 89' lang='lat' dir='ltr'><strong>priorem</strong></span> <span class='ocrx_word' id='word_1_23' title='bbox 1650 551 1866 615; x_wconf 69' lang='lat' dir='ltr'><strong>locum,</strong></span> <span class='ocrx_word' id='word_1_24' title='bbox 1892 551 2113 622; x_wconf 85' lang='lat' dir='ltr'><strong>quando</strong></span> 
     </span>
    </p>
   </div>
   <div class='ocr_carea' id='block_1_5' title="bbox 529 642 2112 713">
    <p class='ocr_par' dir='ltr' id='par_1_5' title="bbox 529 642 2112 713">
     <span class='ocr_line' id='line_1_5' title="bbox 529 642 2112 713; baseline -0.004 -11"><span class='ocrx_word' id='word_1_25' title='bbox 529 648 759 703; x_wconf 74' lang='lat' dir='ltr'><strong>allectus</strong></span> <span class='ocrx_word' id='word_1_26' title='bbox 779 655 863 701; x_wconf 90' lang='lat' dir='ltr'><strong>est</strong></span> <span class='ocrx_word' id='word_1_27' title='bbox 903 646 973 701; x_wconf 89' lang='lat' dir='ltr'><strong>ab</strong></span> <span class='ocrx_word' id='word_1_28' title='bbox 1011 644 1321 700; x_wconf 82' lang='lat' dir='ltr'><strong>Alexandro</strong></span> <span class='ocrx_word' id='word_1_29' title='bbox 1343 643 1602 713; x_wconf 90' lang='lat' dir='ltr'><strong>episcopo</strong></span> <span class='ocrx_word' id='word_1_30' title='bbox 1627 642 1685 697; x_wconf 92' lang='lat' dir='ltr'><strong>in</strong></span> <span class='ocrx_word' id='word_1_31' title='bbox 1708 642 2112 698; x_wconf 78' lang='lat' dir='ltr'><strong>Antiochenum</strong></span> 
     </span>
    </p>
   </div>
   <div class='ocr_carea' id='block_1_6' title="bbox 530 740 757 795">
    <p class='ocr_par' dir='ltr' id='par_1_6' title="bbox 530 740 757 795">
     <span class='ocr_line' id='line_1_6' title="bbox 530 740 757 795; baseline -0.004 -1"><span class='ocrx_word' id='word_1_32' title='bbox 530 740 757 795; x_wconf 88' lang='lat' dir='ltr'><strong>clerum.</strong></span> 
     </span>
    </p>
   </div>
   <div class='ocr_carea' id='block_1_7' title="bbox 695 848 1936 922">
    <p class='ocr_par' dir='ltr' id='par_1_7' title="bbox 695 848 1936 922">
     <span class='ocr_line' id='line_1_7' title="bbox 695 848 1936 922; baseline -0.002 -17"><span class='ocrx_word' id='word_1_33' title='bbox 695 851 938 922; x_wconf 76' lang='lat' dir='ltr'><strong>Epistula</strong></span> <span class='ocrx_word' id='word_1_34' title='bbox 965 851 1082 918; x_wconf 89' lang='grc'><strong>120,</strong></span> <span class='ocrx_word' id='word_1_35' title='bbox 1106 850 1460 905; x_wconf 85' lang='lat' dir='ltr'><strong>consolatoria</strong></span> <span class='ocrx_word' id='word_1_36' title='bbox 1502 848 1572 903; x_wconf 86' lang='lat' dir='ltr'><strong>ad</strong></span> <span class='ocrx_word' id='word_1_37' title='bbox 1607 848 1936 921; x_wconf 75' lang='lat' dir='ltr'><strong>Lupicinum.</strong></span> 
     </span>
    </p>
   </div>
   <div class='ocr_carea' id='block_1_8' title="bbox 600 964 1806 1039">
    <p class='ocr_par' dir='ltr' id='par_1_8' title="bbox 600 964 1806 1039">
     <span class='ocr_line' id='line_1_8' title="bbox 600 964 1806 1039; baseline -0.004 -17"><span class='ocrx_word' id='word_1_38' title='bbox 600 967 643 1022; x_wconf 89' lang='grc' dir='ltr'><strong>Ι.</strong></span> <span class='ocrx_word' id='word_1_39' title='bbox 678 967 883 1023; x_wconf 87' lang='lat' dir='ltr'><strong>Eodem</strong></span> <span class='ocrx_word' id='word_1_40' title='bbox 912 977 1159 1039; x_wconf 88' lang='lat' dir='ltr'><strong>tempore</strong></span> <span class='ocrx_word' id='word_1_41' title='bbox 1187 974 1244 1023; x_wconf 89' lang='lat' dir='ltr'><strong>et</strong></span> <span class='ocrx_word' id='word_1_42' title='bbox 1274 967 1468 1022; x_wconf 87' lang='lat' dir='ltr'><strong>eadem</strong></span> <span class='ocrx_word' id='word_1_43' title='bbox 1497 964 1806 1020; x_wconf 90' lang='lat' dir='ltr'><strong>occasione.</strong></span> 
     </span>
    </p>
   </div>
   <div class='ocr_carea' id='block_1_9' title="bbox 599 1057 2113 1133">
    <p class='ocr_par' dir='ltr' id='par_1_9' title="bbox 599 1057 2113 1133">
     <span class='ocr_line' id='line_1_9' title="bbox 599 1057 2113 1133; baseline -0.002 -18"><span class='ocrx_word' id='word_1_44' title='bbox 599 1061 665 1115; x_wconf 78' lang='lat' dir='ltr'><strong>ll.</strong></span> <span class='ocrx_word' id='word_1_45' title='bbox 698 1062 1130 1117; x_wconf 84' lang='lat' dir='ltr'><strong>Emendavimus</strong></span> <span class='ocrx_word' id='word_1_46' title='bbox 1165 1063 1521 1133; x_wconf 89' lang='lat' dir='ltr'><strong>scriptionem</strong></span> <span class='ocrx_word' id='word_1_47' title='bbox 1548 1101 1562 1124; x_wconf 88' lang='lat'><strong>,</strong></span> <span class='ocrx_word' id='word_1_48' title='bbox 1603 1076 1725 1131; x_wconf 70' lang='lat' dir='ltr'><strong>quae</strong></span> <span class='ocrx_word' id='word_1_49' title='bbox 1751 1060 1914 1130; x_wconf 84' lang='lat' dir='ltr'><strong>vulgo</strong></span> <span class='ocrx_word' id='word_1_50' title='bbox 1950 1057 2113 1112; x_wconf 82' lang='lat' dir='ltr'><strong>habet</strong></span> 
     </span>
    </p>
   </div>
   <div class='ocr_carea' id='block_1_10' title="bbox 529 1151 2112 1227">
    <p class='ocr_par' dir='ltr' id='par_1_10' title="bbox 529 1151 2112 1227">
     <span class='ocr_line' id='line_1_10' title="bbox 529 1151 2112 1227; baseline -0.003 -21"><span class='ocrx_word' id='word_1_51' title='bbox 529 1151 819 1223; x_wconf 90' lang='lat' dir='ltr'><strong>Lupicium</strong></span> <span class='ocrx_word' id='word_1_52' title='bbox 850 1172 863 1209; x_wconf 88' lang='lat'><strong>:</strong></span> <span class='ocrx_word' id='word_1_53' title='bbox 894 1171 961 1210; x_wconf 81' lang='lat' dir='ltr'><strong>ex</strong></span> <span class='ocrx_word' id='word_1_54' title='bbox 1005 1155 1283 1227; x_wconf 85' lang='lat' dir='ltr'><strong>adjunctis</strong></span> <span class='ocrx_word' id='word_1_55' title='bbox 1326 1153 1474 1207; x_wconf 91' lang='lat' dir='ltr'><strong>enim</strong></span> <span class='ocrx_word' id='word_1_56' title='bbox 1518 1161 1769 1221; x_wconf 90' lang='lat' dir='ltr'><strong>apertum</strong></span> <span class='ocrx_word' id='word_1_57' title='bbox 1814 1158 1921 1213; x_wconf 91' lang='lat' dir='ltr'><strong>est,</strong></span> <span class='ocrx_word' id='word_1_58' title='bbox 1963 1164 2112 1212; x_wconf 90' lang='lat' dir='ltr'><strong>eum,</strong></span> 
     </span>
    </p>
   </div>
   <div class='ocr_carea' id='block_1_11' title="bbox 529 1241 2116 1315">
    <p class='ocr_par' dir='ltr' id='par_1_11' title="bbox 529 1241 2116 1315">
     <span class='ocr_line' id='line_1_11' title="bbox 529 1241 2116 1315; baseline -0.003 -16"><span class='ocrx_word' id='word_1_59' title='bbox 529 1245 597 1299; x_wconf 89' lang='lat' dir='ltr'><strong>ad</strong></span> <span class='ocrx_word' id='word_1_60' title='bbox 627 1261 790 1315; x_wconf 89' lang='lat' dir='ltr'><strong>quem</strong></span> <span class='ocrx_word' id='word_1_61' title='bbox 836 1248 1121 1311; x_wconf 87' lang='lat' dir='ltr'><strong>scribitur,</strong></span> <span class='ocrx_word' id='word_1_62' title='bbox 1147 1262 1259 1301; x_wconf 90' lang='lat' dir='ltr'><strong>non</strong></span> <span class='ocrx_word' id='word_1_63' title='bbox 1301 1260 1422 1300; x_wconf 87' lang='lat' dir='ltr'><strong>esse</strong></span> <span class='ocrx_word' id='word_1_64' title='bbox 1454 1244 1642 1307; x_wconf 80' lang='lat' dir='ltr'><strong>alium,</strong></span> <span class='ocrx_word' id='word_1_65' title='bbox 1682 1259 1846 1313; x_wconf 88' lang='lat' dir='ltr'><strong>quam</strong></span> <span class='ocrx_word' id='word_1_66' title='bbox 1877 1242 1965 1297; x_wconf 89' lang='lat' dir='ltr'><strong>cui</strong></span> <span class='ocrx_word' id='word_1_67' title='bbox 1991 1241 2116 1296; x_wconf 85' lang='lat' dir='ltr'><strong>data</strong></span> 
     </span>
    </p>
   </div>
   <div class='ocr_carea' id='block_1_12' title="bbox 528 1333 2115 1409">
    <p class='ocr_par' dir='ltr' id='par_1_12' title="bbox 528 1333 2115 1409">
     <span class='ocr_line' id='line_1_12' title="bbox 528 1333 2115 1409; baseline -0.003 -18"><span class='ocrx_word' id='word_1_68' title='bbox 528 1344 614 1391; x_wconf 86' lang='lat' dir='ltr'><strong>est</strong></span> <span class='ocrx_word' id='word_1_69' title='bbox 660 1339 892 1407; x_wconf 88' lang='lat' dir='ltr'><strong>epistola</strong></span> <span class='ocrx_word' id='word_1_70' title='bbox 932 1340 1039 1405; x_wconf 87' lang='lat'><strong>90;</strong></span> <span class='ocrx_word' id='word_1_71' title='bbox 1081 1355 1245 1409; x_wconf 88' lang='lat' dir='ltr'><strong>quam</strong></span> <span class='ocrx_word' id='word_1_72' title='bbox 1286 1337 1446 1402; x_wconf 90' lang='lat' dir='ltr'><strong>vide,</strong></span> <span class='ocrx_word' id='word_1_73' title='bbox 1478 1346 1539 1389; x_wconf 89' lang='lat' dir='ltr'><strong>ut</strong></span> <span class='ocrx_word' id='word_1_74' title='bbox 1576 1336 1643 1391; x_wconf 93' lang='lat' dir='ltr'><strong>de</strong></span> <span class='ocrx_word' id='word_1_75' title='bbox 1676 1336 1948 1406; x_wconf 83' lang='lat' dir='ltr'><strong>Lupicino</strong></span> <span class='ocrx_word' id='word_1_76' title='bbox 1979 1333 2115 1389; x_wconf 88' lang='lat' dir='ltr'><strong>edo-</strong></span> 
     </span>
    </p>
   </div>
   <div class='ocr_carea' id='block_1_13' title="bbox 529 1430 729 1484">
    <p class='ocr_par' dir='ltr' id='par_1_13' title="bbox 529 1430 729 1484">
     <span class='ocr_line' id='line_1_13' title="bbox 529 1430 729 1484; baseline 0.015 -4"><span class='ocrx_word' id='word_1_77' title='bbox 529 1430 729 1484; x_wconf 83' lang='lat' dir='ltr'><strong>eearis.</strong></span> 
     </span>
    </p>
   </div>
   <div class='ocr_carea' id='block_1_14' title="bbox 604 1518 2116 1594">
    <p class='ocr_par' dir='ltr' id='par_1_14' title="bbox 604 1518 2116 1594">
     <span class='ocr_line' id='line_1_14' title="bbox 604 1518 2116 1594; baseline -0.003 -18"><span class='ocrx_word' id='word_1_78' title='bbox 604 1522 693 1576; x_wconf 86' lang='lat' dir='ltr'><strong>Ill.</strong></span> <span class='ocrx_word' id='word_1_79' title='bbox 718 1522 1137 1579; x_wconf 89' lang='lat' dir='ltr'><strong>Observandum</strong></span> <span class='ocrx_word' id='word_1_80' title='bbox 1174 1533 1379 1589; x_wconf 89' lang='lat' dir='ltr'><strong>autem,</strong></span> <span class='ocrx_word' id='word_1_81' title='bbox 1412 1523 1557 1594; x_wconf 89' lang='lat' dir='ltr'><strong>quod</strong></span> <span class='ocrx_word' id='word_1_82' title='bbox 1585 1521 1886 1592; x_wconf 86' lang='lat' dir='ltr'><strong>Lupicinus</strong></span> <span class='ocrx_word' id='word_1_83' title='bbox 1912 1518 2116 1575; x_wconf 90' lang='lat' dir='ltr'><strong>dicitur</strong></span> 
     </span>
    </p>
   </div>
   <div class='ocr_carea' id='block_1_15' title="bbox 536 1608 2116 1685">
    <p class='ocr_par' dir='ltr' id='par_1_15' title="bbox 536 1608 2116 1685">
     <span class='ocr_line' id='line_1_15' title="bbox 536 1608 2116 1685; baseline -0.002 -20"><span class='ocrx_word' id='word_1_84' title='bbox 536 1610 875 1666; x_wconf 83' lang='lat' dir='ltr'><strong>alumnarum</strong></span> <span class='ocrx_word' id='word_1_85' title='bbox 916 1614 1122 1684; x_wconf 83' lang='lat' dir='ltr'><strong>pietatis</strong></span> <span class='ocrx_word' id='word_1_86' title='bbox 1154 1614 1417 1685; x_wconf 78' lang='lat' dir='ltr'><strong>princeps,</strong></span> <span class='ocrx_word' id='word_1_87' title='bbox 1450 1611 1502 1665; x_wconf 88' lang='lat' dir='ltr'><strong>id</strong></span> <span class='ocrx_word' id='word_1_88' title='bbox 1534 1623 1639 1676; x_wconf 89' lang='lat' dir='ltr'><strong>est,</strong></span> <span class='ocrx_word' id='word_1_89' title='bbox 1669 1609 1907 1680; x_wconf 79' lang='lat' dir='ltr'><strong>partium</strong></span> <span class='ocrx_word' id='word_1_90' title='bbox 1932 1608 2116 1663; x_wconf 89' lang='lat' dir='ltr'><strong>Theo-</strong></span> 
     </span>
    </p>
   </div>
   <div class='ocr_carea' id='block_1_16' title="bbox 535 1691 1874 1761">
    <p class='ocr_par' dir='ltr' id='par_1_16' title="bbox 535 1691 1874 1761">
     <span class='ocr_line' id='line_1_16' title="bbox 535 1691 1874 1761; baseline -0.004 -2"><span class='ocrx_word' id='word_1_91' title='bbox 535 1704 604 1759; x_wconf 91' lang='lat' dir='ltr'><strong>do</strong></span> <span class='ocrx_word' id='word_1_92' title='bbox 615 1703 714 1761; x_wconf 88' lang='lat' dir='ltr'><strong>reti</strong></span> <span class='ocrx_word' id='word_1_93' title='bbox 752 1703 1051 1759; x_wconf 79' lang='lat' dir='ltr'><strong>studiosus.</strong></span> <span class='ocrx_word' id='word_1_94' title='bbox 1868 1691 1874 1698; x_wconf 78' lang='grc'><em>’</em></span> 
     </span>
    </p>
   </div>
   <div class='ocr_carea' id='block_1_17' title="bbox 744 1816 1916 1889">
    <p class='ocr_par' dir='ltr' id='par_1_17' title="bbox 744 1816 1916 1889">
     <span class='ocr_line' id='line_1_17' title="bbox 744 1816 1916 1889; baseline 0 -18"><span class='ocrx_word' id='word_1_95' title='bbox 744 1816 983 1888; x_wconf 84' lang='lat' dir='ltr'><strong>Epistola</strong></span> <span class='ocrx_word' id='word_1_96' title='bbox 1018 1817 1137 1884; x_wconf 86' lang='grc'><strong>121,</strong></span> <span class='ocrx_word' id='word_1_97' title='bbox 1171 1818 1239 1871; x_wconf 86' lang='lat' dir='ltr'><strong>ad</strong></span> <span class='ocrx_word' id='word_1_98' title='bbox 1267 1817 1573 1872; x_wconf 77' lang='lat' dir='ltr'><strong>Anatolium</strong></span> <span class='ocrx_word' id='word_1_99' title='bbox 1613 1817 1916 1889; x_wconf 83' lang='lat' dir='ltr'><strong>patricium.</strong></span> 
     </span>
    </p>
   </div>
   <div class='ocr_carea' id='block_1_18' title="bbox 603 1931 2118 2003">
    <p class='ocr_par' dir='ltr' id='par_1_18' title="bbox 603 1931 2118 2003">
     <span class='ocr_line' id='line_1_18' title="bbox 603 1931 2118 2003; baseline -0.002 -17"><span class='ocrx_word' id='word_1_100' title='bbox 603 1931 646 1986; x_wconf 85' lang='grc' dir='ltr'><strong>Ι.</strong></span> <span class='ocrx_word' id='word_1_101' title='bbox 669 1932 801 1987; x_wconf 89' lang='lat' dir='ltr'><strong>Data</strong></span> <span class='ocrx_word' id='word_1_102' title='bbox 823 1941 907 1987; x_wconf 91' lang='lat' dir='ltr'><strong>est</strong></span> <span class='ocrx_word' id='word_1_103' title='bbox 930 1932 1094 2002; x_wconf 87' lang='lat' dir='ltr'><strong>paulo</strong></span> <span class='ocrx_word' id='word_1_104' title='bbox 1129 1940 1252 2002; x_wconf 90' lang='lat' dir='ltr'><strong>post</strong></span> <span class='ocrx_word' id='word_1_105' title='bbox 1286 1932 1575 2003; x_wconf 78' lang='lat' dir='ltr'><strong>epistolam</strong></span> <span class='ocrx_word' id='word_1_106' title='bbox 1618 1932 1738 1997; x_wconf 85' lang='grc'><strong>119,</strong></span> <span class='ocrx_word' id='word_1_107' title='bbox 1766 1946 1891 1986; x_wconf 90' lang='lat' dir='ltr'><strong>cum</strong></span> <span class='ocrx_word' id='word_1_108' title='bbox 1917 1943 2118 2000; x_wconf 82' lang='lat' dir='ltr'><strong>nempe</strong></span> 
     </span>
    </p>
   </div>
   <div class='ocr_carea' id='block_1_19' title="bbox 528 2019 2117 2092">
    <p class='ocr_par' dir='ltr' id='par_1_19' title="bbox 528 2019 2117 2092">
     <span class='ocr_line' id='line_1_19' title="bbox 528 2019 2117 2092; baseline -0.002 -17"><span class='ocrx_word' id='word_1_109' title='bbox 528 2020 641 2092; x_wconf 87' lang='lat' dir='ltr'><strong>jam</strong></span> <span class='ocrx_word' id='word_1_110' title='bbox 680 2022 983 2091; x_wconf 79' lang='lat' dir='ltr'><strong>accepisset</strong></span> <span class='ocrx_word' id='word_1_111' title='bbox 1012 2022 1417 2092; x_wconf 87' lang='lat' dir='ltr'><strong>antigraphum,</strong></span> <span class='ocrx_word' id='word_1_112' title='bbox 1450 2030 1546 2077; x_wconf 93' lang='lat' dir='ltr'><strong>aut</strong></span> <span class='ocrx_word' id='word_1_113' title='bbox 1575 2022 1838 2077; x_wconf 81' lang='lat' dir='ltr'><strong>Actorum</strong></span> <span class='ocrx_word' id='word_1_114' title='bbox 1883 2019 2117 2091; x_wconf 86' lang='lat' dir='ltr'><strong>Ephesi-</strong></span> 
     </span>
    </p>
   </div>
   <div class='ocr_carea' id='block_1_20' title="bbox 534 2112 2116 2184">
    <p class='ocr_par' dir='ltr' id='par_1_20' title="bbox 534 2112 2116 2184">
     <span class='ocr_line' id='line_1_20' title="bbox 534 2112 2116 2184; baseline -0.002 -17"><span class='ocrx_word' id='word_1_115' title='bbox 534 2127 755 2177; x_wconf 92' lang='lat' dir='ltr'><strong>norum,</strong></span> <span class='ocrx_word' id='word_1_116' title='bbox 792 2122 887 2167; x_wconf 88' lang='lat' dir='ltr'><strong>aut</strong></span> <span class='ocrx_word' id='word_1_117' title='bbox 928 2113 1119 2168; x_wconf 83' lang='lat' dir='ltr'><strong>saltem</strong></span> <span class='ocrx_word' id='word_1_118' title='bbox 1159 2113 1494 2177; x_wconf 89' lang='lat' dir='ltr'><strong>litterarum,</strong></span> <span class='ocrx_word' id='word_1_119' title='bbox 1521 2114 1636 2169; x_wconf 88' lang='lat' dir='ltr'><strong>sive</strong></span> <span class='ocrx_word' id='word_1_120' title='bbox 1668 2128 1805 2184; x_wconf 90' lang='lat' dir='ltr'><strong>quas</strong></span> <span class='ocrx_word' id='word_1_121' title='bbox 1832 2112 2116 2173; x_wconf 84' lang='lat' dir='ltr'><strong>Flaviano,</strong></span> 
     </span>
    </p>
   </div>
   <div class='ocr_carea' id='block_1_21' title="bbox 534 2199 2119 2274">
    <p class='ocr_par' dir='ltr' id='par_1_21' title="bbox 534 2199 2119 2274">
     <span class='ocr_line' id='line_1_21' title="bbox 534 2199 2119 2274; baseline -0.003 -17"><span class='ocrx_word' id='word_1_122' title='bbox 534 2201 650 2258; x_wconf 87' lang='lat' dir='ltr'><strong>sive</strong></span> <span class='ocrx_word' id='word_1_123' title='bbox 673 2218 809 2273; x_wconf 91' lang='lat' dir='ltr'><strong>quas</strong></span> <span class='ocrx_word' id='word_1_124' title='bbox 836 2202 1037 2273; x_wconf 89' lang='lat' dir='ltr'><strong>Ephesi</strong></span> <span class='ocrx_word' id='word_1_125' title='bbox 1062 2202 1408 2274; x_wconf 80' lang='lat' dir='ltr'><strong>congregatis</strong></span> <span class='ocrx_word' id='word_1_126' title='bbox 1432 2203 1707 2274; x_wconf 88' lang='lat' dir='ltr'><strong>episcopis</strong></span> <span class='ocrx_word' id='word_1_127' title='bbox 1749 2209 1973 2257; x_wconf 90' lang='lat' dir='ltr'><strong>sanctus</strong></span> <span class='ocrx_word' id='word_1_128' title='bbox 2007 2199 2119 2253; x_wconf 85' lang='lat' dir='ltr'><strong>Leo</strong></span> 
     </span>
    </p>
   </div>
   <div class='ocr_carea' id='block_1_22' title="bbox 536 2292 2119 2362">
    <p class='ocr_par' dir='ltr' id='par_1_22' title="bbox 536 2292 2119 2362">
     <span class='ocr_line' id='line_1_22' title="bbox 536 2292 2119 2362; baseline -0.002 -15"><span class='ocrx_word' id='word_1_129' title='bbox 536 2293 851 2362; x_wconf 88' lang='lat' dir='ltr'><strong>scripserat.</strong></span> <span class='ocrx_word' id='word_1_130' title='bbox 875 2292 1192 2349; x_wconf 87' lang='lat' dir='ltr'><strong>Gratulatus</strong></span> <span class='ocrx_word' id='word_1_131' title='bbox 1228 2295 1376 2349; x_wconf 89' lang='lat' dir='ltr'><strong>enim</strong></span> <span class='ocrx_word' id='word_1_132' title='bbox 1424 2294 1529 2349; x_wconf 91' lang='lat' dir='ltr'><strong>sibi</strong></span> <span class='ocrx_word' id='word_1_133' title='bbox 1571 2293 1837 2348; x_wconf 63' lang='lat' dir='ltr'><strong>doctrinae</strong></span> <span class='ocrx_word' id='word_1_134' title='bbox 1883 2307 2119 2347; x_wconf 71' lang='lat' dir='ltr'><strong>consen-</strong></span> 
     </span>
    </p>
   </div>
   <div class='ocr_carea' id='block_1_23' title="bbox 535 2384 2121 2456">
    <p class='ocr_par' dir='ltr' id='par_1_23' title="bbox 535 2384 2121 2456">
     <span class='ocr_line' id='line_1_23' title="bbox 535 2384 2121 2456; baseline -0.003 -17"><span class='ocrx_word' id='word_1_135' title='bbox 535 2385 748 2439; x_wconf 91' lang='lat' dir='ltr'><strong>sionem</strong></span> <span class='ocrx_word' id='word_1_136' title='bbox 793 2401 918 2439; x_wconf 92' lang='lat' dir='ltr'><strong>cum</strong></span> <span class='ocrx_word' id='word_1_137' title='bbox 964 2395 1154 2440; x_wconf 83' lang='lat' dir='ltr'><strong>sancto</strong></span> <span class='ocrx_word' id='word_1_138' title='bbox 1200 2385 1415 2450; x_wconf 89' lang='lat' dir='ltr'><strong>Leone,</strong></span> <span class='ocrx_word' id='word_1_139' title='bbox 1450 2401 1612 2456; x_wconf 86' lang='lat' dir='ltr'><strong>quem</strong></span> <span class='ocrx_word' id='word_1_140' title='bbox 1637 2385 1803 2456; x_wconf 79' lang='lat' dir='ltr'><strong>facem</strong></span> <span class='ocrx_word' id='word_1_141' title='bbox 1830 2384 2121 2438; x_wconf 71' lang='lat' dir='ltr'><strong>maximam</strong></span> 
     </span>
    </p>
   </div>
   <div class='ocr_carea' id='block_1_24' title="bbox 537 2478 2118 2546">
    <p class='ocr_par' dir='ltr' id='par_1_24' title="bbox 537 2478 2118 2546">
     <span class='ocr_line' id='line_1_24' title="bbox 537 2478 2118 2546; baseline 0 -17"><span class='ocrx_word' id='word_1_142' title='bbox 537 2479 694 2531; x_wconf 79' lang='lat' dir='ltr'><strong>totius</strong></span> <span class='ocrx_word' id='word_1_143' title='bbox 716 2478 853 2531; x_wconf 82' lang='lat' dir='ltr'><strong>orbis</strong></span> <span class='ocrx_word' id='word_1_144' title='bbox 881 2485 1148 2533; x_wconf 86' lang='lat' dir='ltr'><strong>terrarum</strong></span> <span class='ocrx_word' id='word_1_145' title='bbox 1169 2486 1329 2532; x_wconf 90' lang='lat' dir='ltr'><strong>vocat</strong></span> <span class='ocrx_word' id='word_1_146' title='bbox 1350 2518 1365 2542; x_wconf 90' lang='lat'><strong>,</strong></span> <span class='ocrx_word' id='word_1_147' title='bbox 1402 2478 1688 2534; x_wconf 90' lang='lat' dir='ltr'><strong>continere</strong></span> <span class='ocrx_word' id='word_1_148' title='bbox 1725 2492 1847 2532; x_wconf 90' lang='lat' dir='ltr'><strong>sese</strong></span> <span class='ocrx_word' id='word_1_149' title='bbox 1873 2492 1983 2530; x_wconf 92' lang='lat' dir='ltr'><strong>non</strong></span> <span class='ocrx_word' id='word_1_150' title='bbox 2023 2491 2118 2546; x_wconf 79' lang='lat' dir='ltr'><strong>po-</strong></span> 
     </span>
    </p>
   </div>
   <div class='ocr_carea' id='block_1_25' title="bbox 540 2566 2119 2640">
    <p class='ocr_par' dir='ltr' id='par_1_25' title="bbox 540 2566 2119 2640">
     <span class='ocr_line' id='line_1_25' title="bbox 540 2566 2119 2640; baseline 0.001 -20"><span class='ocrx_word' id='word_1_151' title='bbox 540 2566 661 2632; x_wconf 90' lang='lat' dir='ltr'><strong>tuit,</strong></span> <span class='ocrx_word' id='word_1_152' title='bbox 685 2569 819 2637; x_wconf 92' lang='lat' dir='ltr'><strong>quin</strong></span> <span class='ocrx_word' id='word_1_153' title='bbox 849 2566 976 2622; x_wconf 92' lang='lat' dir='ltr'><strong>inde</strong></span> <span class='ocrx_word' id='word_1_154' title='bbox 1003 2569 1149 2638; x_wconf 88' lang='lat' dir='ltr'><strong>apud</strong></span> <span class='ocrx_word' id='word_1_155' title='bbox 1174 2569 1411 2624; x_wconf 90' lang='lat' dir='ltr'><strong>amicum</strong></span> <span class='ocrx_word' id='word_1_156' title='bbox 1449 2568 1895 2640; x_wconf 81' lang='lat' dir='ltr'><strong>potentissimum</strong></span> <span class='ocrx_word' id='word_1_157' title='bbox 1930 2568 2119 2638; x_wconf 82' lang='lat' dir='ltr'><strong>apolo-</strong></span> 
     </span>
    </p>
   </div>
   <div class='ocr_carea' id='block_1_26' title="bbox 537 2656 2122 2729">
    <p class='ocr_par' dir='ltr' id='par_1_26' title="bbox 537 2656 2122 2729">
     <span class='ocr_line' id='line_1_26' title="bbox 537 2656 2122 2729; baseline 0.001 -19"><span class='ocrx_word' id='word_1_158' title='bbox 537 2656 681 2727; x_wconf 88' lang='lat' dir='ltr'><strong>giam</strong></span> <span class='ocrx_word' id='word_1_159' title='bbox 717 2658 821 2712; x_wconf 86' lang='lat' dir='ltr'><strong>sibi</strong></span> <span class='ocrx_word' id='word_1_160' title='bbox 856 2658 1175 2724; x_wconf 86' lang='lat' dir='ltr'><strong>conﬁceret,</strong></span> <span class='ocrx_word' id='word_1_161' title='bbox 1205 2675 1436 2729; x_wconf 87' lang='lat' dir='ltr'><strong>eamque</strong></span> <span class='ocrx_word' id='word_1_162' title='bbox 1461 2660 1609 2715; x_wconf 87' lang='lat' dir='ltr'><strong>omni</strong></span> <span class='ocrx_word' id='word_1_163' title='bbox 1648 2659 2000 2714; x_wconf 88' lang='lat' dir='ltr'><strong>accusatione</strong></span> <span class='ocrx_word' id='word_1_164' title='bbox 2030 2673 2122 2713; x_wconf 84' lang='lat' dir='ltr'><strong>su-</strong></span> 
     </span>
    </p>
   </div>
   <div class='ocr_carea' id='block_1_27' title="bbox 539 2749 2119 2823">
    <p class='ocr_par' dir='ltr' id='par_1_27' title="bbox 539 2749 2119 2823">
     <span class='ocr_line' id='line_1_27' title="bbox 539 2749 2119 2823; baseline 0.001 -19"><span class='ocrx_word' id='word_1_165' title='bbox 539 2749 854 2819; x_wconf 89' lang='lat' dir='ltr'><strong>periorem,</strong></span> <span class='ocrx_word' id='word_1_166' title='bbox 916 2752 961 2806; x_wconf 90' lang='lat' dir='ltr'><strong>si</strong></span> <span class='ocrx_word' id='word_1_167' title='bbox 1026 2751 1190 2807; x_wconf 93' lang='lat' dir='ltr'><strong>modo</strong></span> <span class='ocrx_word' id='word_1_168' title='bbox 1243 2752 1560 2808; x_wconf 84' lang='lat' dir='ltr'><strong>conferatur</strong></span> <span class='ocrx_word' id='word_1_169' title='bbox 1622 2753 1855 2823; x_wconf 88' lang='lat' dir='ltr'><strong>epistola</strong></span> <span class='ocrx_word' id='word_1_170' title='bbox 1920 2755 2119 2808; x_wconf 89' lang='lat' dir='ltr'><strong>summi</strong></span> 
     </span>
    </p>
   </div>
   <div class='ocr_carea' id='block_1_28' title="bbox 538 2839 2120 2913">
    <p class='ocr_par' dir='ltr' id='par_1_28' title="bbox 538 2839 2120 2913">
     <span class='ocr_line' id='line_1_28' title="bbox 538 2839 2120 2913; baseline 0.002 -20"><span class='ocrx_word' id='word_1_171' title='bbox 538 2839 816 2909; x_wconf 83' lang='lat' dir='ltr'><strong>pontificis</strong></span> <span class='ocrx_word' id='word_1_172' title='bbox 844 2856 968 2895; x_wconf 91' lang='lat' dir='ltr'><strong>cum</strong></span> <span class='ocrx_word' id='word_1_173' title='bbox 994 2842 1113 2906; x_wconf 90' lang='lat' dir='ltr'><strong>bis,</strong></span> <span class='ocrx_word' id='word_1_174' title='bbox 1142 2857 1262 2912; x_wconf 71' lang='lat' dir='ltr'><strong>qua:</strong></span> <span class='ocrx_word' id='word_1_175' title='bbox 1297 2841 1583 2897; x_wconf 81' lang='lat' dir='ltr'><strong>Anatolius</strong></span> <span class='ocrx_word' id='word_1_176' title='bbox 1623 2842 1739 2913; x_wconf 91' lang='lat' dir='ltr'><strong>ipse</strong></span> <span class='ocrx_word' id='word_1_177' title='bbox 1772 2840 2120 2897; x_wconf 86' lang='lat' dir='ltr'><strong>Theodoreto</strong></span> 
     </span>
    </p>
   </div>
   <div class='ocr_carea' id='block_1_29' title="bbox 520 2931 1517 3005">
    <p class='ocr_par' dir='ltr' id='par_1_29' title="bbox 520 2931 1517 3005">
     <span class='ocr_line' id='line_1_29' title="bbox 520 2931 1517 3005; baseline 0.003 -21"><span class='ocrx_word' id='word_1_178' title='bbox 520 2931 835 3005; x_wconf 36' lang='lat' dir='ltr'><strong>Iconciones</strong></span> <span class='ocrx_word' id='word_1_179' title='bbox 861 2932 1098 2987; x_wconf 90' lang='lat' dir='ltr'><strong>habente</strong></span> <span class='ocrx_word' id='word_1_180' title='bbox 1124 2931 1426 2987; x_wconf 88' lang='lat' dir='ltr'><strong>audivisset</strong></span> <span class='ocrx_word' id='word_1_181' title='bbox 1449 2932 1517 2987; x_wconf 78' lang='grc'><strong>⁸⁸.</strong></span> 
     </span>
    </p>
   </div>
   <div class='ocr_carea' id='block_1_30' title="bbox 607 3022 2117 3095">
    <p class='ocr_par' dir='ltr' id='par_1_30' title="bbox 607 3022 2117 3095">
     <span class='ocr_line' id='line_1_30' title="bbox 607 3022 2117 3095; baseline 0.001 -19"><span class='ocrx_word' id='word_1_182' title='bbox 607 3022 672 3078; x_wconf 90' lang='lat' dir='ltr'><strong>ll.</strong></span> <span class='ocrx_word' id='word_1_183' title='bbox 716 3022 1071 3078; x_wconf 88' lang='lat' dir='ltr'><strong>Observanda</strong></span> <span class='ocrx_word' id='word_1_184' title='bbox 1112 3024 1417 3095; x_wconf 80' lang='grc' dir='ltr'><strong>ὀρθοδοξίας</strong></span> <span class='ocrx_word' id='word_1_185' title='bbox 1456 3024 1775 3095; x_wconf 89' lang='lat' dir='ltr'><strong>plenissima</strong></span> <span class='ocrx_word' id='word_1_186' title='bbox 1802 3022 2117 3095; x_wconf 82' lang='lat' dir='ltr'><strong>professio:</strong></span> 
     </span>
    </p>
   </div>
   <div class='ocr_carea' id='block_1_31' title="bbox 545 3113 2123 3187">
    <p class='ocr_par' dir='ltr' id='par_1_31' title="bbox 545 3113 2123 3187">
     <span class='ocr_line' id='line_1_31' title="bbox 545 3113 2123 3187; baseline 0.001 -20"><span class='ocrx_word' id='word_1_187' title='bbox 545 3134 562 3167; x_wconf 75' lang='grc' dir='ltr'>ι</span> <span class='ocrx_word' id='word_1_188' title='bbox 598 3113 729 3181; x_wconf 73' lang='lat' dir='ltr'><strong>Qua:</strong></span> <span class='ocrx_word' id='word_1_189' title='bbox 749 3131 779 3169; x_wconf 92' lang='lat' dir='ltr'><strong>a</strong></span> <span class='ocrx_word' id='word_1_190' title='bbox 803 3115 1008 3170; x_wconf 89' lang='lat' dir='ltr'><strong>sanctis</strong></span> <span class='ocrx_word' id='word_1_191' title='bbox 1032 3115 1317 3187; x_wconf 89' lang='lat' dir='ltr'><strong>beatisque</strong></span> <span class='ocrx_word' id='word_1_192' title='bbox 1352 3116 1635 3187; x_wconf 85' lang='lat' dir='ltr'><strong>prophetis</strong></span> <span class='ocrx_word' id='word_1_193' title='bbox 1667 3124 1723 3171; x_wconf 90' lang='lat' dir='ltr'><strong>et</strong></span> <span class='ocrx_word' id='word_1_194' title='bbox 1758 3116 2038 3185; x_wconf 89' lang='lat' dir='ltr'><strong>apostolis,</strong></span> <span class='ocrx_word' id='word_1_195' title='bbox 2065 3123 2123 3169; x_wconf 92' lang='lat' dir='ltr'><strong>et</strong></span> 
     </span>
    </p>
   </div>
   <div class='ocr_carea' id='block_1_32' title="bbox 536 3204 2117 3278">
    <p class='ocr_par' dir='ltr' id='par_1_32' title="bbox 536 3204 2117 3278">
     <span class='ocr_line' id='line_1_32' title="bbox 536 3204 2117 3278; baseline -0.002 -17"><span class='ocrx_word' id='word_1_196' title='bbox 536 3204 696 3275; x_wconf 63' lang='lat'><strong>3&amp;7</strong></span> <span class='ocrx_word' id='word_1_197' title='bbox 726 3205 794 3259; x_wconf 89' lang='lat' dir='ltr'><strong>ab</strong></span> <span class='ocrx_word' id='word_1_198' title='bbox 819 3206 906 3269; x_wconf 88' lang='lat' dir='ltr'><strong>iis,</strong></span> <span class='ocrx_word' id='word_1_199' title='bbox 937 3205 1029 3276; x_wconf 91' lang='lat' dir='ltr'><strong>qui</strong></span> <span class='ocrx_word' id='word_1_200' title='bbox 1057 3213 1181 3276; x_wconf 89' lang='lat' dir='ltr'><strong>post</strong></span> <span class='ocrx_word' id='word_1_201' title='bbox 1200 3206 1323 3261; x_wconf 90' lang='lat' dir='ltr'><strong>illos</strong></span> <span class='ocrx_word' id='word_1_202' title='bbox 1351 3205 1708 3278; x_wconf 84' lang='lat' dir='ltr'><strong>Evangelium</strong></span> <span class='ocrx_word' id='word_1_203' title='bbox 1731 3204 2117 3276; x_wconf 75' lang='lat' dir='ltr'><strong>praedicarunt,</strong></span> 
     </span>
    </p>
   </div>
   <div class='ocr_carea' id='block_1_33' title="bbox 536 3295 2121 3367">
    <p class='ocr_par' dir='ltr' id='par_1_33' title="bbox 536 3295 2121 3367">
     <span class='ocr_line' id='line_1_33' title="bbox 536 3295 2121 3367; baseline 0.001 -20"><span class='ocrx_word' id='word_1_204' title='bbox 536 3310 767 3365; x_wconf 79' lang='lat' dir='ltr'><strong>quaeque</strong></span> <span class='ocrx_word' id='word_1_205' title='bbox 816 3311 846 3349; x_wconf 85' lang='lat' dir='ltr'><strong>a</strong></span> <span class='ocrx_word' id='word_1_206' title='bbox 879 3296 1085 3350; x_wconf 89' lang='lat' dir='ltr'><strong>sanctis</strong></span> <span class='ocrx_word' id='word_1_207' title='bbox 1126 3296 1382 3350; x_wconf 84' lang='lat' dir='ltr'><strong>Patribus</strong></span> <span class='ocrx_word' id='word_1_208' title='bbox 1410 3295 1603 3351; x_wconf 67' lang='lat' dir='ltr'><strong>Nicaeae</strong></span> <span class='ocrx_word' id='word_1_209' title='bbox 1631 3295 1975 3367; x_wconf 83' lang='lat' dir='ltr'><strong>congregatis</strong></span> <span class='ocrx_word' id='word_1_210' title='bbox 2010 3303 2121 3349; x_wconf 88' lang='lat' dir='ltr'><strong>tra-</strong></span> 
     </span>
    </p>
   </div>
   <div class='ocr_carea' id='block_1_34' title="bbox 538 3385 2121 3457">
    <p class='ocr_par' dir='ltr' id='par_1_34' title="bbox 538 3385 2121 3457">
     <span class='ocr_line' id='line_1_34' title="bbox 538 3385 2121 3457; baseline 0.001 -17"><span class='ocrx_word' id='word_1_211' title='bbox 538 3385 650 3440; x_wconf 90' lang='lat' dir='ltr'><strong>dita</strong></span> <span class='ocrx_word' id='word_1_212' title='bbox 685 3394 831 3449; x_wconf 89' lang='lat' dir='ltr'><strong>sunt,</strong></span> <span class='ocrx_word' id='word_1_213' title='bbox 869 3386 1059 3440; x_wconf 89' lang='lat' dir='ltr'><strong>eadem</strong></span> <span class='ocrx_word' id='word_1_214' title='bbox 1093 3386 1146 3440; x_wconf 90' lang='lat' dir='ltr'><strong>in</strong></span> <span class='ocrx_word' id='word_1_215' title='bbox 1173 3386 1258 3441; x_wconf 92' lang='lat' dir='ltr'><strong>his</strong></span> <span class='ocrx_word' id='word_1_216' title='bbox 1280 3388 1482 3442; x_wconf 86' lang='lat' dir='ltr'><strong>litteris</strong></span> <span class='ocrx_word' id='word_1_217' title='bbox 1505 3388 1649 3441; x_wconf 83' lang='lat' dir='ltr'><strong>nacti</strong></span> <span class='ocrx_word' id='word_1_218' title='bbox 1684 3402 1893 3451; x_wconf 90' lang='lat' dir='ltr'><strong>sumus,</strong></span> <span class='ocrx_word' id='word_1_219' title='bbox 1919 3386 2121 3457; x_wconf 89' lang='lat' dir='ltr'><strong>quibus</strong></span> 
     </span>
    </p>
   </div>
   <div class='ocr_carea' id='block_1_35' title="bbox 537 3476 2119 3547">
    <p class='ocr_par' dir='ltr' id='par_1_35' title="bbox 537 3476 2119 3547">
     <span class='ocr_line' id='line_1_35' title="bbox 537 3476 2119 3547; baseline 0.001 -16"><span class='ocrx_word' id='word_1_220' title='bbox 537 3484 595 3531; x_wconf 88' lang='lat' dir='ltr'><strong>et</strong></span> <span class='ocrx_word' id='word_1_221' title='bbox 628 3492 729 3530; x_wconf 90' lang='lat' dir='ltr'><strong>nos</strong></span> <span class='ocrx_word' id='word_1_222' title='bbox 773 3476 1026 3531; x_wconf 85' lang='lat' dir='ltr'><strong>insistere</strong></span> <span class='ocrx_word' id='word_1_223' title='bbox 1061 3476 1405 3546; x_wconf 86' lang='lat' dir='ltr'><strong>profitemur,</strong></span> <span class='ocrx_word' id='word_1_224' title='bbox 1440 3488 1497 3533; x_wconf 87' lang='lat' dir='ltr'><strong>et</strong></span> <span class='ocrx_word' id='word_1_225' title='bbox 1529 3494 1645 3541; x_wconf 92' lang='lat' dir='ltr'><strong>eos,</strong></span> <span class='ocrx_word' id='word_1_226' title='bbox 1676 3478 1770 3547; x_wconf 88' lang='lat' dir='ltr'><strong>qui</strong></span> <span class='ocrx_word' id='word_1_227' title='bbox 1809 3478 1878 3532; x_wconf 91' lang='lat' dir='ltr'><strong>ab</strong></span> <span class='ocrx_word' id='word_1_228' title='bbox 1907 3478 1993 3532; x_wconf 85' lang='lat' dir='ltr'><strong>his</strong></span> <span class='ocrx_word' id='word_1_229' title='bbox 2032 3477 2119 3532; x_wconf 88' lang='lat' dir='ltr'><strong>di-</strong></span> 
     </span>
    </p>
   </div>
   <div class='ocr_carea' id='block_1_36' title="bbox 539 3564 1755 3635">
    <p class='ocr_par' dir='ltr' id='par_1_36' title="bbox 539 3564 1755 3635">
     <span class='ocr_line' id='line_1_36' title="bbox 539 3564 1755 3635; baseline -0.002 -16"><span class='ocrx_word' id='word_1_230' title='bbox 539 3581 699 3621; x_wconf 90' lang='lat' dir='ltr'><strong>versa</strong></span> <span class='ocrx_word' id='word_1_231' title='bbox 731 3564 995 3630; x_wconf 89' lang='lat' dir='ltr'><strong>sentiunt,</strong></span> <span class='ocrx_word' id='word_1_232' title='bbox 1027 3565 1325 3635; x_wconf 87' lang='lat' dir='ltr'><strong>impietatis</strong></span> <span class='ocrx_word' id='word_1_233' title='bbox 1358 3567 1702 3621; x_wconf 89' lang='lat' dir='ltr'><strong>damnamus.</strong></span> <span class='ocrx_word' id='word_1_234' title='bbox 1738 3586 1755 3617; x_wconf 85' lang='grc'>›</span> 
     </span>
    </p>
   </div>
   <div class='ocr_carea' id='block_1_37' title="bbox 609 3657 2119 3729">
    <p class='ocr_par' dir='ltr' id='par_1_37' title="bbox 609 3657 2119 3729">
     <span class='ocr_line' id='line_1_37' title="bbox 609 3657 2119 3729; baseline 0.001 -17"><span class='ocrx_word' id='word_1_235' title='bbox 609 3658 699 3712; x_wconf 86' lang='lat' dir='ltr'><strong>Ill.</strong></span> <span class='ocrx_word' id='word_1_236' title='bbox 740 3657 847 3713; x_wconf 90' lang='lat' dir='ltr'><strong>Sed</strong></span> <span class='ocrx_word' id='word_1_237' title='bbox 888 3657 1292 3712; x_wconf 88' lang='lat' dir='ltr'><strong>observandum</strong></span> <span class='ocrx_word' id='word_1_238' title='bbox 1326 3658 1491 3713; x_wconf 87' lang='lat' dir='ltr'><strong>etiam</strong></span> <span class='ocrx_word' id='word_1_239' title='bbox 1525 3658 1804 3713; x_wconf 88' lang='lat' dir='ltr'><strong>silentium</strong></span> <span class='ocrx_word' id='word_1_240' title='bbox 1838 3659 1907 3714; x_wconf 90' lang='lat' dir='ltr'><strong>de</strong></span> <span class='ocrx_word' id='word_1_241' title='bbox 1936 3659 2119 3729; x_wconf 86' lang='lat' dir='ltr'><strong>Ephe-</strong></span> 
     </span>
    </p>
   </div>
   <div class='ocr_carea' id='block_1_38' title="bbox 540 3749 2119 3823">
    <p class='ocr_par' dir='ltr' id='par_1_38' title="bbox 540 3749 2119 3823">
     <span class='ocr_line' id='line_1_38' title="bbox 540 3749 2119 3823; baseline -0.001 -17"><span class='ocrx_word' id='word_1_242' title='bbox 540 3752 660 3807; x_wconf 89' lang='lat' dir='ltr'><strong>sina</strong></span> <span class='ocrx_word' id='word_1_243' title='bbox 713 3752 922 3823; x_wconf 81' lang='lat' dir='ltr'><strong>synodo</strong></span> <span class='ocrx_word' id='word_1_244' title='bbox 965 3751 1341 3815; x_wconf 76' lang='lat' dir='ltr'><strong>(ccumenica,</strong></span> <span class='ocrx_word' id='word_1_245' title='bbox 1374 3750 1432 3805; x_wconf 89' lang='lat' dir='ltr'><strong>in</strong></span> <span class='ocrx_word' id='word_1_246' title='bbox 1479 3765 1586 3820; x_wconf 89' lang='lat' dir='ltr'><strong>qua</strong></span> <span class='ocrx_word' id='word_1_247' title='bbox 1630 3749 1920 3805; x_wconf 89' lang='lat' dir='ltr'><strong>Nestorius</strong></span> <span class='ocrx_word' id='word_1_248' title='bbox 1955 3762 2119 3821; x_wconf 88' lang='lat' dir='ltr'><strong>atque</strong></span> 
     </span>
    </p>
   </div>
   <div class='ocr_carea' id='block_1_39' title="bbox 538 3840 1994 3914">
    <p class='ocr_par' dir='ltr' id='par_1_39' title="bbox 538 3840 1994 3914">
     <span class='ocr_line' id='line_1_39' title="bbox 538 3840 1994 3914; baseline 0.001 -18"><span class='ocrx_word' id='word_1_249' title='bbox 538 3842 702 3897; x_wconf 88' lang='lat' dir='ltr'><strong>etiam</strong></span> <span class='ocrx_word' id='word_1_250' title='bbox 730 3843 1054 3899; x_wconf 87' lang='lat' dir='ltr'><strong>Theodorus</strong></span> <span class='ocrx_word' id='word_1_251' title='bbox 1078 3843 1136 3898; x_wconf 89' lang='lat' dir='ltr'><strong>in</strong></span> <span class='ocrx_word' id='word_1_252' title='bbox 1166 3858 1268 3897; x_wconf 90' lang='lat' dir='ltr'><strong>suo</strong></span> <span class='ocrx_word' id='word_1_253' title='bbox 1299 3841 1547 3914; x_wconf 88' lang='lat' dir='ltr'><strong>symbolo</strong></span> <span class='ocrx_word' id='word_1_254' title='bbox 1577 3840 1866 3897; x_wconf 87' lang='lat' dir='ltr'><strong>damnatus</strong></span> <span class='ocrx_word' id='word_1_255' title='bbox 1891 3851 1994 3897; x_wconf 91' lang='lat' dir='ltr'><strong>est.</strong></span> 
     </span>
    </p>
   </div>
   <div class='ocr_carea' id='block_1_40' title="bbox 644 3969 2013 4042">
    <p class='ocr_par' dir='ltr' id='par_1_40' title="bbox 644 3969 2013 4042">
     <span class='ocr_line' id='line_1_40' title="bbox 644 3969 2013 4042; baseline 0 -17"><span class='ocrx_word' id='word_1_256' title='bbox 644 3969 885 4042; x_wconf 77' lang='lat' dir='ltr'><strong>Epistula</strong></span> <span class='ocrx_word' id='word_1_257' title='bbox 920 3971 1023 4027; x_wconf 76' lang='grc'><strong>122</strong></span> <span class='ocrx_word' id='word_1_258' title='bbox 1063 3978 1113 4024; x_wconf 86' lang='lat' dir='ltr'><strong>et</strong></span> <span class='ocrx_word' id='word_1_259' title='bbox 1152 3970 1283 4036; x_wconf 77' lang='grc'><strong>125,</strong></span> <span class='ocrx_word' id='word_1_260' title='bbox 1316 3970 1609 4042; x_wconf 69' lang='lat' dir='ltr'><strong>familiares</strong></span> <span class='ocrx_word' id='word_1_261' title='bbox 1644 3971 1714 4029; x_wconf 83' lang='lat' dir='ltr'><strong>ad</strong></span> <span class='ocrx_word' id='word_1_262' title='bbox 1755 3970 2013 4028; x_wconf 86' lang='lat' dir='ltr'><strong>Uranium</strong></span> 
     </span>
    </p>
   </div>
   <div class='ocr_carea' id='block_1_41' title="bbox 1053 4040 1603 4113">
    <p class='ocr_par' dir='ltr' id='par_1_41' title="bbox 1053 4040 1603 4113">
     <span class='ocr_line' id='line_1_41' title="bbox 1053 4040 1603 4113; baseline 0.002 -19"><span class='ocrx_word' id='word_1_263' title='bbox 1053 4042 1351 4113; x_wconf 83' lang='lat' dir='ltr'><strong>episcOpum</strong></span> <span class='ocrx_word' id='word_1_264' title='bbox 1378 4040 1603 4095; x_wconf 66' lang='lat' dir='ltr'><strong>Emesa.</strong></span> 
     </span>
    </p>
   </div>
   <div class='ocr_carea' id='block_1_42' title="bbox 610 4150 2119 4228">
    <p class='ocr_par' dir='ltr' id='par_1_42' title="bbox 610 4150 2119 4228">
     <span class='ocr_line' id='line_1_42' title="bbox 610 4150 2119 4228; baseline 0.003 -23"><span class='ocrx_word' id='word_1_265' title='bbox 610 4152 651 4206; x_wconf 93' lang='lat' dir='ltr'><strong>l.</strong></span> <span class='ocrx_word' id='word_1_266' title='bbox 682 4150 886 4207; x_wconf 85' lang='lat' dir='ltr'><strong>Scribit</strong></span> <span class='ocrx_word' id='word_1_267' title='bbox 928 4168 959 4208; x_wconf 90' lang='lat' dir='ltr'><strong>e</strong></span> <span class='ocrx_word' id='word_1_268' title='bbox 991 4167 1231 4212; x_wconf 86' lang='lat' dir='ltr'><strong>secessu.</strong></span> <span class='ocrx_word' id='word_1_269' title='bbox 1262 4152 1316 4206; x_wconf 89' lang='lat' dir='ltr'><strong>in</strong></span> <span class='ocrx_word' id='word_1_270' title='bbox 1352 4167 1515 4222; x_wconf 89' lang='lat' dir='ltr'><strong>quem</strong></span> <span class='ocrx_word' id='word_1_271' title='bbox 1554 4168 1613 4208; x_wconf 90' lang='lat' dir='ltr'><strong>se</strong></span> <span class='ocrx_word' id='word_1_272' title='bbox 1640 4164 1942 4225; x_wconf 90' lang='lat' dir='ltr'><strong>receperat,</strong></span> <span class='ocrx_word' id='word_1_273' title='bbox 1978 4154 2119 4228; x_wconf 84' lang='lat' dir='ltr'><strong>Cyro</strong></span> 
     </span>
    </p>
   </div>
   <div class='ocr_carea' id='block_1_43' title="bbox 540 4244 2117 4315">
    <p class='ocr_par' dir='ltr' id='par_1_43' title="bbox 540 4244 2117 4315">
     <span class='ocr_line' id='line_1_43' title="bbox 540 4244 2117 4315; baseline 0.003 -17"><span class='ocrx_word' id='word_1_274' title='bbox 540 4245 732 4315; x_wconf 85' lang='lat' dir='ltr'><strong>pulsus</strong></span> <span class='ocrx_word' id='word_1_275' title='bbox 778 4262 790 4297; x_wconf 91' lang='lat'><strong>:</strong></span> <span class='ocrx_word' id='word_1_276' title='bbox 850 4260 1020 4314; x_wconf 91' lang='lat' dir='ltr'><strong>quare</strong></span> <span class='ocrx_word' id='word_1_277' title='bbox 1066 4244 1295 4314; x_wconf 88' lang='lat' dir='ltr'><strong>epistola</strong></span> <span class='ocrx_word' id='word_1_278' title='bbox 1347 4244 1499 4314; x_wconf 90' lang='lat' dir='ltr'><strong>prior</strong></span> <span class='ocrx_word' id='word_1_279' title='bbox 1537 4246 1758 4301; x_wconf 85' lang='lat' dir='ltr'><strong>videtur</strong></span> <span class='ocrx_word' id='word_1_280' title='bbox 1805 4247 1931 4302; x_wconf 86' lang='lat' dir='ltr'><strong>data</strong></span> <span class='ocrx_word' id='word_1_281' title='bbox 1971 4249 2117 4304; x_wconf 88' lang='lat' dir='ltr'><strong>circa</strong></span> 
     </span>
    </p>
   </div>
   <div class='ocr_carea' id='block_1_44' title="bbox 541 4333 1831 4404">
    <p class='ocr_par' dir='ltr' id='par_1_44' title="bbox 541 4333 1831 4404">
     <span class='ocr_line' id='line_1_44' title="bbox 541 4333 1831 4404; baseline 0 -15"><span class='ocrx_word' id='word_1_282' title='bbox 541 4335 705 4390; x_wconf 86' lang='lat' dir='ltr'><strong>finem</strong></span> <span class='ocrx_word' id='word_1_283' title='bbox 732 4335 859 4388; x_wconf 90' lang='lat' dir='ltr'><strong>anni</strong></span> <span class='ocrx_word' id='word_1_284' title='bbox 886 4335 1009 4398; x_wconf 67' lang='grc'><strong>119,</strong></span> <span class='ocrx_word' id='word_1_285' title='bbox 1042 4334 1313 4404; x_wconf 85' lang='lat' dir='ltr'><strong>posterior</strong></span> <span class='ocrx_word' id='word_1_286' title='bbox 1347 4333 1503 4388; x_wconf 91' lang='lat' dir='ltr'><strong>initio</strong></span> <span class='ocrx_word' id='word_1_287' title='bbox 1532 4335 1831 4403; x_wconf 83' lang='lat' dir='ltr'><strong>sequentis.</strong></span> 
     </span>
    </p>
   </div>
   <div class='ocr_carea' id='block_1_45' title="bbox 610 4424 2116 4495">
    <p class='ocr_par' dir='ltr' id='par_1_45' title="bbox 610 4424 2116 4495">
     <span class='ocr_line' id='line_1_45' title="bbox 610 4424 2116 4495; baseline 0.001 -14"><span class='ocrx_word' id='word_1_288' title='bbox 610 4426 675 4481; x_wconf 88' lang='lat' dir='ltr'><strong>ll.</strong></span> <span class='ocrx_word' id='word_1_289' title='bbox 723 4424 1072 4482; x_wconf 84' lang='lat' dir='ltr'><strong>Observanda</strong></span> <span class='ocrx_word' id='word_1_290' title='bbox 1122 4426 1235 4480; x_wconf 72' lang='lat' dir='ltr'><strong>lucc</strong></span> <span class='ocrx_word' id='word_1_291' title='bbox 1276 4426 1600 4495; x_wconf 89' lang='lat' dir='ltr'><strong>posterioris</strong></span> <span class='ocrx_word' id='word_1_292' title='bbox 1650 4426 1817 4481; x_wconf 89' lang='lat' dir='ltr'><strong>verba</strong></span> <span class='ocrx_word' id='word_1_293' title='bbox 1863 4445 1876 4481; x_wconf 89' lang='lat'><strong>:</strong></span> <span class='ocrx_word' id='word_1_294' title='bbox 1932 4446 1951 4477; x_wconf 72' lang='grc' dir='ltr'>ι</span> <span class='ocrx_word' id='word_1_295' title='bbox 2003 4427 2116 4483; x_wconf 83' lang='lat' dir='ltr'><strong>Hoc</strong></span> 
     </span>
    </p>
   </div>
   <div class='ocr_carea' id='block_1_46' title="bbox 539 4517 2115 4589">
    <p class='ocr_par' dir='ltr' id='par_1_46' title="bbox 539 4517 2115 4589">
     <span class='ocr_line' id='line_1_46' title="bbox 539 4517 2115 4589; baseline 0.001 -17"><span class='ocrx_word' id='word_1_296' title='bbox 539 4518 761 4589; x_wconf 89' lang='lat' dir='ltr'><strong>quidem</strong></span> <span class='ocrx_word' id='word_1_297' title='bbox 787 4558 801 4582; x_wconf 94' lang='lat'><strong>,</strong></span> <span class='ocrx_word' id='word_1_298' title='bbox 832 4517 1054 4572; x_wconf 91' lang='lat' dir='ltr'><strong>domine</strong></span> <span class='ocrx_word' id='word_1_299' title='bbox 1079 4558 1093 4581; x_wconf 92' lang='lat'><strong>,</strong></span> <span class='ocrx_word' id='word_1_300' title='bbox 1130 4517 1209 4572; x_wconf 89' lang='lat' dir='ltr'><strong>sic</strong></span> <span class='ocrx_word' id='word_1_301' title='bbox 1237 4517 1437 4572; x_wconf 88' lang='lat' dir='ltr'><strong>habeto</strong></span> <span class='ocrx_word' id='word_1_302' title='bbox 1457 4558 1471 4581; x_wconf 92' lang='lat'><strong>,</strong></span> <span class='ocrx_word' id='word_1_303' title='bbox 1502 4519 1734 4572; x_wconf 88' lang='lat' dir='ltr'><strong>aliorum</strong></span> <span class='ocrx_word' id='word_1_304' title='bbox 1770 4534 1856 4573; x_wconf 91' lang='lat' dir='ltr'><strong>me</strong></span> <span class='ocrx_word' id='word_1_305' title='bbox 1894 4520 2006 4574; x_wconf 90' lang='lat' dir='ltr'><strong>Deo</strong></span> <span class='ocrx_word' id='word_1_306' title='bbox 2028 4520 2115 4574; x_wconf 90' lang='lat' dir='ltr'><strong>di-</strong></span> 
     </span>
    </p>
   </div>
   <div class='ocr_carea' id='block_1_47' title="bbox 538 4609 2115 4679">
    <p class='ocr_par' dir='ltr' id='par_1_47' title="bbox 538 4609 2115 4679">
     <span class='ocr_line' id='line_1_47' title="bbox 538 4609 2115 4679; baseline 0.001 -14"><span class='ocrx_word' id='word_1_307' title='bbox 538 4610 962 4666; x_wconf 91' lang='lat' dir='ltr'><strong>lectissimorum</strong></span> <span class='ocrx_word' id='word_1_308' title='bbox 1003 4609 1388 4679; x_wconf 89' lang='lat' dir='ltr'><strong>episcoporum</strong></span> <span class='ocrx_word' id='word_1_309' title='bbox 1427 4610 1670 4679; x_wconf 84' lang='lat' dir='ltr'><strong>eulogias</strong></span> <span class='ocrx_word' id='word_1_310' title='bbox 1699 4609 1767 4663; x_wconf 87' lang='lat' dir='ltr'><strong>ad</strong></span> <span class='ocrx_word' id='word_1_311' title='bbox 1807 4626 1893 4665; x_wconf 86' lang='lat' dir='ltr'><strong>me</strong></span> <span class='ocrx_word' id='word_1_312' title='bbox 1923 4611 2115 4667; x_wconf 90' lang='lat' dir='ltr'><strong>missas</strong></span> 
     </span>
    </p>
   </div>
   <div class='ocr_carea' id='block_1_48' title="bbox 537 4699 2117 4772">
    <p class='ocr_par' dir='ltr' id='par_1_48' title="bbox 537 4699 2117 4772">
     <span class='ocr_line' id='line_1_48' title="bbox 537 4699 2117 4772; baseline 0 -15"><span class='ocrx_word' id='word_1_313' title='bbox 537 4718 648 4757; x_wconf 92' lang='lat' dir='ltr'><strong>non</strong></span> <span class='ocrx_word' id='word_1_314' title='bbox 681 4703 957 4772; x_wconf 86' lang='lat' dir='ltr'><strong>accepisse</strong></span> <span class='ocrx_word' id='word_1_315' title='bbox 986 4719 999 4754; x_wconf 92' lang='lat'><strong>:</strong></span> <span class='ocrx_word' id='word_1_316' title='bbox 1034 4717 1145 4755; x_wconf 92' lang='lat' dir='ltr'><strong>non</strong></span> <span class='ocrx_word' id='word_1_317' title='bbox 1196 4699 1343 4770; x_wconf 91' lang='lat' dir='ltr'><strong>quod</strong></span> <span class='ocrx_word' id='word_1_318' title='bbox 1376 4716 1472 4755; x_wconf 89' lang='lat' dir='ltr'><strong>eos</strong></span> <span class='ocrx_word' id='word_1_319' title='bbox 1514 4700 1607 4770; x_wconf 88' lang='lat' dir='ltr'><strong>qui</strong></span> <span class='ocrx_word' id='word_1_320' title='bbox 1653 4701 1956 4767; x_wconf 88' lang='lat' dir='ltr'><strong>miserant,</strong></span> <span class='ocrx_word' id='word_1_321' title='bbox 1986 4718 2117 4757; x_wconf 92' lang='lat' dir='ltr'><strong>con-</strong></span> 
     </span>
    </p>
   </div>
   <div class='ocr_carea' id='block_1_49' title="bbox 538 4792 2114 4862">
    <p class='ocr_par' dir='ltr' id='par_1_49' title="bbox 538 4792 2114 4862">
     <span class='ocr_line' id='line_1_49' title="bbox 538 4792 2114 4862; baseline 0.003 -16"><span class='ocrx_word' id='word_1_322' title='bbox 538 4802 862 4859; x_wconf 89' lang='lat' dir='ltr'><strong>temnerem,</strong></span> <span class='ocrx_word' id='word_1_323' title='bbox 900 4793 1075 4848; x_wconf 85' lang='lat' dir='ltr'><strong>absit!</strong></span> <span class='ocrx_word' id='word_1_324' title='bbox 1110 4793 1205 4848; x_wconf 89' lang='lat' dir='ltr'><strong>sed</strong></span> <span class='ocrx_word' id='word_1_325' title='bbox 1242 4792 1388 4862; x_wconf 92' lang='lat' dir='ltr'><strong>quod</strong></span> <span class='ocrx_word' id='word_1_326' title='bbox 1415 4793 1787 4847; x_wconf 89' lang='lat' dir='ltr'><strong>necessarium</strong></span> <span class='ocrx_word' id='word_1_327' title='bbox 1812 4796 2015 4850; x_wconf 88' lang='lat' dir='ltr'><strong>victum</strong></span> <span class='ocrx_word' id='word_1_328' title='bbox 2046 4796 2114 4851; x_wconf 89' lang='lat' dir='ltr'><strong>ab</strong></span> 
     </span>
    </p>
   </div>
   <div class='ocr_carea' id='block_1_50' title="bbox 538 4884 2114 4955">
    <p class='ocr_par' dir='ltr' id='par_1_50' title="bbox 538 4884 2114 4955">
     <span class='ocr_line' id='line_1_50' title="bbox 538 4884 2114 4955; baseline 0.003 -18"><span class='ocrx_word' id='word_1_329' title='bbox 538 4899 606 4938; x_wconf 91' lang='lat' dir='ltr'><strong>eo</strong></span> <span class='ocrx_word' id='word_1_330' title='bbox 642 4884 850 4939; x_wconf 88' lang='lat' dir='ltr'><strong>interea</strong></span> <span class='ocrx_word' id='word_1_331' title='bbox 875 4901 1147 4942; x_wconf 86' lang='lat' dir='ltr'><strong>sumerem</strong></span> <span class='ocrx_word' id='word_1_332' title='bbox 1177 4926 1192 4950; x_wconf 90' lang='lat'><strong>,</strong></span> <span class='ocrx_word' id='word_1_333' title='bbox 1222 4885 1316 4955; x_wconf 90' lang='lat' dir='ltr'><strong>qui</strong></span> <span class='ocrx_word' id='word_1_334' title='bbox 1348 4885 1497 4939; x_wconf 90' lang='lat' dir='ltr'><strong>hunc</strong></span> <span class='ocrx_word' id='word_1_335' title='bbox 1523 4884 1687 4938; x_wconf 88' lang='lat' dir='ltr'><strong>etiam</strong></span> <span class='ocrx_word' id='word_1_336' title='bbox 1729 4887 1910 4940; x_wconf 80' lang='lat' dir='ltr'><strong>corvis</strong></span> <span class='ocrx_word' id='word_1_337' title='bbox 1935 4887 2114 4941; x_wconf 89' lang='lat' dir='ltr'><strong>abun-</strong></span> 
     </span>
    </p>
   </div>
   <div class='ocr_carea' id='block_1_51' title="bbox 538 4973 2112 5047">
    <p class='ocr_par' dir='ltr' id='par_1_51' title="bbox 538 4973 2112 5047">
     <span class='ocr_line' id='line_1_51' title="bbox 538 4973 2112 5047; baseline 0.004 -20"><span class='ocrx_word' id='word_1_338' title='bbox 538 4973 735 5029; x_wconf 89' lang='lat' dir='ltr'><strong>danter</strong></span> <span class='ocrx_word' id='word_1_339' title='bbox 778 4978 1108 5047; x_wconf 88' lang='lat' dir='ltr'><strong>suppeditat.</strong></span> <span class='ocrx_word' id='word_1_340' title='bbox 1154 4976 1294 5047; x_wconf 86' lang='lat' dir='ltr'><strong>Erga</strong></span> <span class='ocrx_word' id='word_1_341' title='bbox 1328 4991 1461 5030; x_wconf 90' lang='lat' dir='ltr'><strong>vero</strong></span> <span class='ocrx_word' id='word_1_342' title='bbox 1506 4984 1653 5029; x_wconf 90' lang='lat' dir='ltr'><strong>tuam</strong></span> <span class='ocrx_word' id='word_1_343' title='bbox 1697 4976 1957 5046; x_wconf 88' lang='lat' dir='ltr'><strong>pietatem</strong></span> <span class='ocrx_word' id='word_1_344' title='bbox 2008 4979 2112 5033; x_wconf 88' lang='lat' dir='ltr'><strong>tale</strong></span> 
     </span>
    </p>
   </div>
   <div class='ocr_carea' id='block_1_52' title="bbox 537 5059 2113 5133">
    <p class='ocr_par' dir='ltr' id='par_1_52' title="bbox 537 5059 2113 5133">
     <span class='ocr_line' id='line_1_52' title="bbox 537 5059 2113 5133; baseline 0.002 -16"><span class='ocrx_word' id='word_1_345' title='bbox 537 5059 688 5133; x_wconf 51' lang='lat' dir='ltr'><strong>nihil.</strong></span> <span class='ocrx_word' id='word_1_346' title='bbox 718 5064 997 5133; x_wconf 89' lang='lat' dir='ltr'><strong>egi:vieit</strong></span> <span class='ocrx_word' id='word_1_347' title='bbox 1038 5064 1184 5118; x_wconf 92' lang='lat' dir='ltr'><strong>enim</strong></span> <span class='ocrx_word' id='word_1_348' title='bbox 1233 5079 1424 5120; x_wconf 87' lang='lat' dir='ltr'><strong>revera</strong></span> <span class='ocrx_word' id='word_1_349' title='bbox 1481 5063 1766 5119; x_wconf 87' lang='lat' dir='ltr'><strong>charitatis</strong></span> <span class='ocrx_word' id='word_1_350' title='bbox 1818 5066 2003 5131; x_wconf 86' lang='lat' dir='ltr'><strong>ardor,</strong></span> <span class='ocrx_word' id='word_1_351' title='bbox 2058 5068 2113 5120; x_wconf 80' lang='lat' dir='ltr'><strong>id</strong></span> 
     </span>
    </p>
   </div>
   <div class='ocr_carea' id='block_1_53' title="bbox 538 5153 2113 5226">
    <p class='ocr_par' dir='ltr' id='par_1_53' title="bbox 538 5153 2113 5226">
     <span class='ocr_line' id='line_1_53' title="bbox 538 5153 2113 5226; baseline 0.004 -20"><span class='ocrx_word' id='word_1_352' title='bbox 538 5153 676 5224; x_wconf 84' lang='lat' dir='ltr'><strong>quod</strong></span> <span class='ocrx_word' id='word_1_353' title='bbox 722 5155 847 5207; x_wconf 84' lang='lat' dir='ltr'><strong>mihi</strong></span> <span class='ocrx_word' id='word_1_354' title='bbox 909 5155 1112 5209; x_wconf 84' lang='lat' dir='ltr'><strong>tamdiu</strong></span> <span class='ocrx_word' id='word_1_355' title='bbox 1157 5156 1479 5226; x_wconf 83' lang='lat' dir='ltr'><strong>propositum</strong></span> <span class='ocrx_word' id='word_1_356' title='bbox 1538 5157 1712 5226; x_wconf 78' lang='lat' dir='ltr'><strong>fuerat</strong></span> <span class='ocrx_word' id='word_1_357' title='bbox 1734 5156 1800 5210; x_wconf 71' lang='grc' dir='ltr'><strong>θ’.</strong></span> <span class='ocrx_word' id='word_1_358' title='bbox 1840 5176 1858 5208; x_wconf 73' lang='grc' dir='ltr'><strong><em>ι</em></strong></span> <span class='ocrx_word' id='word_1_359' title='bbox 1904 5156 1983 5211; x_wconf 77' lang='lat' dir='ltr'><strong>Ex</strong></span> <span class='ocrx_word' id='word_1_360' title='bbox 2026 5157 2113 5214; x_wconf 87' lang='lat' dir='ltr'><strong>his</strong></span> 
     </span>
    </p>
   </div>
   <div class='ocr_carea' id='block_1_54' title="bbox 535 5246 2109 5317">
    <p class='ocr_par' dir='ltr' id='par_1_54' title="bbox 535 5246 2109 5317">
     <span class='ocr_line' id='line_1_54' title="bbox 535 5246 2109 5317; baseline 0.002 -16"><span class='ocrx_word' id='word_1_361' title='bbox 535 5246 681 5301; x_wconf 91' lang='lat' dir='ltr'><strong>enim</strong></span> <span class='ocrx_word' id='word_1_362' title='bbox 717 5255 949 5311; x_wconf 84' lang='lat' dir='ltr'><strong>constat,</strong></span> <span class='ocrx_word' id='word_1_363' title='bbox 978 5248 1384 5303; x_wconf 88' lang='lat' dir='ltr'><strong>Theodoretum</strong></span> <span class='ocrx_word' id='word_1_364' title='bbox 1415 5248 1501 5303; x_wconf 88' lang='lat' dir='ltr'><strong>vel</strong></span> <span class='ocrx_word' id='word_1_365' title='bbox 1534 5257 1759 5303; x_wconf 77' lang='lat' dir='ltr'><strong>exutum</strong></span> <span class='ocrx_word' id='word_1_366' title='bbox 1786 5264 1906 5304; x_wconf 88' lang='lat' dir='ltr'><strong>esse</strong></span> <span class='ocrx_word' id='word_1_367' title='bbox 1930 5249 2109 5317; x_wconf 88' lang='lat' dir='ltr'><strong>bonis,</strong></span> 
     </span>
    </p>
   </div>
   <div class='ocr_carea' id='block_1_55' title="bbox 534 5338 2113 5410">
    <p class='ocr_par' dir='ltr' id='par_1_55' title="bbox 534 5338 2113 5410">
     <span class='ocr_line' id='line_1_55' title="bbox 534 5338 2113 5410; baseline 0.003 -19"><span class='ocrx_word' id='word_1_368' title='bbox 534 5352 659 5391; x_wconf 89' lang='lat' dir='ltr'><strong>cum</strong></span> <span class='ocrx_word' id='word_1_369' title='bbox 688 5338 830 5409; x_wconf 79' lang='lat' dir='ltr'><strong>Cyro</strong></span> <span class='ocrx_word' id='word_1_370' title='bbox 859 5339 1249 5409; x_wconf 80' lang='lat' dir='ltr'><strong>expelleretur,</strong></span> <span class='ocrx_word' id='word_1_371' title='bbox 1274 5340 1362 5394; x_wconf 89' lang='lat' dir='ltr'><strong>vel</strong></span> <span class='ocrx_word' id='word_1_372' title='bbox 1398 5339 1597 5409; x_wconf 87' lang='lat' dir='ltr'><strong>spretis</strong></span> <span class='ocrx_word' id='word_1_373' title='bbox 1617 5340 1837 5410; x_wconf 86' lang='lat' dir='ltr'><strong>penitus</strong></span> <span class='ocrx_word' id='word_1_374' title='bbox 1858 5341 2113 5397; x_wconf 88' lang='lat' dir='ltr'><strong>omnibus</strong></span> 
     </span>
    </p>
   </div>
   <div class='ocr_carea' id='block_1_56' title="bbox 532 5428 1446 5486">
    <p class='ocr_par' dir='ltr' id='par_1_56' title="bbox 532 5428 1446 5486">
     <span class='ocr_line' id='line_1_56' title="bbox 532 5428 1446 5486; baseline 0.001 -3"><span class='ocrx_word' id='word_1_375' title='bbox 532 5428 601 5483; x_wconf 84' lang='lat' dir='ltr'><strong>ad</strong></span> <span class='ocrx_word' id='word_1_376' title='bbox 630 5436 1021 5485; x_wconf 87' lang='lat' dir='ltr'><strong>monastertum</strong></span> <span class='ocrx_word' id='word_1_377' title='bbox 1042 5445 1101 5486; x_wconf 92' lang='lat' dir='ltr'><strong>se</strong></span> <span class='ocrx_word' id='word_1_378' title='bbox 1125 5430 1446 5486; x_wconf 87' lang='lat' dir='ltr'><strong>contulisse.</strong></span> 
     </span>
    </p>
   </div>
   <div class='ocr_carea' id='block_1_57' title="bbox 1658 255 2695 323">
    <p class='ocr_par' dir='ltr' id='par_1_57' title="bbox 1658 255 2695 323">
     <span class='ocr_line' id='line_1_57' title="bbox 1658 255 2695 323; baseline 0.006 -7"><span class='ocrx_word' id='word_1_379' title='bbox 1658 255 2035 318; x_wconf 75' lang='lat' dir='ltr'><strong>GARNERII</strong></span> <span class='ocrx_word' id='word_1_380' title='bbox 2077 257 2572 320; x_wconf 75' lang='lat' dir='ltr'><strong>DISSERTATIO</strong></span> <span class='ocrx_word' id='word_1_381' title='bbox 2616 262 2695 323; x_wconf 81' lang='lat' dir='ltr'><strong>Il.</strong></span> 
     </span>
    </p>
   </div>
   <div class='ocr_carea' id='block_1_58' title="bbox 3690 260 3799 324">
    <p class='ocr_par' dir='ltr' id='par_1_58' title="bbox 3690 260 3799 324">
     <span class='ocr_line' id='line_1_58' title="bbox 3690 260 3799 324; baseline 0 0"><span class='ocrx_word' id='word_1_382' title='bbox 3690 260 3799 324; x_wconf 74' lang='grc'><strong>296</strong></span> 
     </span>
    </p>
   </div>
   <div class='ocr_carea' id='block_1_59' title="bbox 2286 366 3801 443">
    <p class='ocr_par' dir='ltr' id='par_1_59' title="bbox 2286 366 3801 443">
     <span class='ocr_line' id='line_1_59' title="bbox 2286 366 3801 443; baseline 0.003 -19"><span class='ocrx_word' id='word_1_383' title='bbox 2286 371 2373 424; x_wconf 86' lang='lat' dir='ltr'><strong>lll.</strong></span> <span class='ocrx_word' id='word_1_384' title='bbox 2408 372 2642 427; x_wconf 84' lang='lat' dir='ltr'><strong>Uranius</strong></span> <span class='ocrx_word' id='word_1_385' title='bbox 2671 388 2833 443; x_wconf 85' lang='lat' dir='ltr'><strong>porro</strong></span> <span class='ocrx_word' id='word_1_386' title='bbox 2860 369 3068 427; x_wconf 76' lang='lat' dir='ltr'><strong>Emesa:</strong></span> <span class='ocrx_word' id='word_1_387' title='bbox 3100 369 3155 426; x_wconf 91' lang='lat' dir='ltr'><strong>in</strong></span> <span class='ocrx_word' id='word_1_388' title='bbox 3180 366 3461 426; x_wconf 66' lang='lat' dir='ltr'><strong>Pharnicia</strong></span> <span class='ocrx_word' id='word_1_389' title='bbox 3485 368 3801 428; x_wconf 73' lang='lat' dir='ltr'><strong>Liba&#39;nitide</strong></span> 
     </span>
    </p>
   </div>
   <div class='ocr_carea' id='block_1_60' title="bbox 2212 464 3803 534">
    <p class='ocr_par' dir='ltr' id='par_1_60' title="bbox 2212 464 3803 534">
     <span class='ocr_line' id='line_1_60' title="bbox 2212 464 3803 534; baseline 0.001 -17"><span class='ocrx_word' id='word_1_390' title='bbox 2212 464 2505 534; x_wconf 86' lang='lat' dir='ltr'><strong>episcopus</strong></span> <span class='ocrx_word' id='word_1_391' title='bbox 2560 466 2663 519; x_wconf 89' lang='lat' dir='ltr'><strong>sub</strong></span> <span class='ocrx_word' id='word_1_392' title='bbox 2714 465 3047 519; x_wconf 79' lang='lat' dir='ltr'><strong>Damasceno</strong></span> <span class='ocrx_word' id='word_1_393' title='bbox 3101 465 3485 534; x_wconf 84' lang='lat' dir='ltr'><strong>metropolita,</strong></span> <span class='ocrx_word' id='word_1_394' title='bbox 3552 464 3803 520; x_wconf 83' lang='lat' dir='ltr'><strong>interfuit</strong></span> 
     </span>
    </p>
   </div>
   <div class='ocr_carea' id='block_1_61' title="bbox 2214 554 3804 627">
    <p class='ocr_par' dir='ltr' id='par_1_61' title="bbox 2214 554 3804 627">
     <span class='ocr_line' id='line_1_61' title="bbox 2214 554 3804 627; baseline 0 -18"><span class='ocrx_word' id='word_1_395' title='bbox 2214 556 2435 625; x_wconf 86' lang='lat' dir='ltr'><strong>utrique</strong></span> <span class='ocrx_word' id='word_1_396' title='bbox 2459 556 2672 626; x_wconf 89' lang='lat' dir='ltr'><strong>judicio</strong></span> <span class='ocrx_word' id='word_1_397' title='bbox 2698 554 2764 609; x_wconf 87' lang='lat' dir='ltr'><strong>de</strong></span> <span class='ocrx_word' id='word_1_398' title='bbox 2783 556 2909 610; x_wconf 78' lang='lat' dir='ltr'><strong>Iba:</strong></span> <span class='ocrx_word' id='word_1_399' title='bbox 2935 556 3063 627; x_wconf 84' lang='lat' dir='ltr'><strong>Tyri</strong></span> <span class='ocrx_word' id='word_1_400' title='bbox 3095 571 3316 625; x_wconf 87' lang='lat' dir='ltr'><strong>nempe,</strong></span> <span class='ocrx_word' id='word_1_401' title='bbox 3347 571 3540 609; x_wconf 86' lang='lat' dir='ltr'><strong>mense</strong></span> <span class='ocrx_word' id='word_1_402' title='bbox 3566 556 3804 611; x_wconf 81' lang='lat' dir='ltr'><strong>Februa-</strong></span> 
     </span>
    </p>
   </div>
   <div class='ocr_carea' id='block_1_62' title="bbox 2214 648 3805 721">
    <p class='ocr_par' dir='ltr' id='par_1_62' title="bbox 2214 648 3805 721">
     <span class='ocr_line' id='line_1_62' title="bbox 2214 648 3805 721; baseline 0.002 -20"><span class='ocrx_word' id='word_1_403' title='bbox 2214 648 2318 713; x_wconf 89' lang='lat' dir='ltr'><strong>rio,</strong></span> <span class='ocrx_word' id='word_1_404' title='bbox 2349 658 2405 703; x_wconf 90' lang='lat' dir='ltr'><strong>et</strong></span> <span class='ocrx_word' id='word_1_405' title='bbox 2429 649 2632 721; x_wconf 86' lang='lat' dir='ltr'><strong>Beryti,</strong></span> <span class='ocrx_word' id='word_1_406' title='bbox 2668 664 2858 703; x_wconf 88' lang='lat' dir='ltr'><strong>mense</strong></span> <span class='ocrx_word' id='word_1_407' title='bbox 2886 648 3197 717; x_wconf 85' lang='lat' dir='ltr'><strong>Septembri</strong></span> <span class='ocrx_word' id='word_1_408' title='bbox 3224 664 3368 703; x_wconf 86' lang='lat' dir='ltr'><strong>anno</strong></span> <span class='ocrx_word' id='word_1_409' title='bbox 3389 648 3513 703; x_wconf 67' lang='grc'><strong>448.</strong></span> <span class='ocrx_word' id='word_1_410' title='bbox 3554 649 3805 704; x_wconf 86' lang='lat' dir='ltr'><strong>Interfuit</strong></span> 
     </span>
    </p>
   </div>
   <div class='ocr_carea' id='block_1_63' title="bbox 2213 740 3801 811">
    <p class='ocr_par' dir='ltr' id='par_1_63' title="bbox 2213 740 3801 811">
     <span class='ocr_line' id='line_1_63' title="bbox 2213 740 3801 811; baseline -0.001 -17"><span class='ocrx_word' id='word_1_411' title='bbox 2213 749 2271 795; x_wconf 91' lang='lat' dir='ltr'><strong>et</strong></span> <span class='ocrx_word' id='word_1_412' title='bbox 2301 742 2536 795; x_wconf 88' lang='lat' dir='ltr'><strong>concilio</strong></span> <span class='ocrx_word' id='word_1_413' title='bbox 2565 741 2999 796; x_wconf 87' lang='lat' dir='ltr'><strong>Chalcedonensi</strong></span> <span class='ocrx_word' id='word_1_414' title='bbox 3028 754 3172 795; x_wconf 86' lang='lat' dir='ltr'><strong>anno</strong></span> <span class='ocrx_word' id='word_1_415' title='bbox 3194 741 3318 802; x_wconf 70' lang='grc'><strong>451,</strong></span> <span class='ocrx_word' id='word_1_416' title='bbox 3342 749 3400 795; x_wconf 87' lang='lat' dir='ltr'><strong>et</strong></span> <span class='ocrx_word' id='word_1_417' title='bbox 3431 740 3711 811; x_wconf 56' lang='lat' dir='ltr'><strong>synodica</strong></span> <span class='ocrx_word' id='word_1_418' title='bbox 3735 740 3801 794; x_wconf 88' lang='lat' dir='ltr'><strong>ad</strong></span> 
     </span>
    </p>
   </div>
   <div class='ocr_carea' id='block_1_64' title="bbox 2216 831 3549 902">
    <p class='ocr_par' dir='ltr' id='par_1_64' title="bbox 2216 831 3549 902">
     <span class='ocr_line' id='line_1_64' title="bbox 2216 831 3549 902; baseline 0.001 -17"><span class='ocrx_word' id='word_1_419' title='bbox 2216 831 2458 887; x_wconf 89' lang='lat' dir='ltr'><strong>Leonem</strong></span> <span class='ocrx_word' id='word_1_420' title='bbox 2493 832 2885 902; x_wconf 33' lang='lat' dir='ltr'><strong>imperatorem,</strong></span> <span class='ocrx_word' id='word_1_421' title='bbox 2901 832 3229 901; x_wconf 86' lang='lat' dir='ltr'><strong>subscripsit</strong></span> <span class='ocrx_word' id='word_1_422' title='bbox 3255 847 3401 886; x_wconf 87' lang='lat' dir='ltr'><strong>anno</strong></span> <span class='ocrx_word' id='word_1_423' title='bbox 3423 832 3549 886; x_wconf 67' lang='grc'><strong>458.</strong></span> 
     </span>
    </p>
   </div>
   <div class='ocr_carea' id='block_1_65' title="bbox 2217 970 3802 1044">
    <p class='ocr_par' dir='ltr' id='par_1_65' title="bbox 2217 970 3802 1044">
     <span class='ocr_line' id='line_1_65' title="bbox 2217 970 3802 1044; baseline -0.002 -17"><span class='ocrx_word' id='word_1_424' title='bbox 2217 971 2457 1044; x_wconf 82' lang='lat' dir='ltr'><strong>Epistola</strong></span> <span class='ocrx_word' id='word_1_425' title='bbox 2491 972 2624 1036; x_wconf 69' lang='grc'><strong>124,</strong></span> <span class='ocrx_word' id='word_1_426' title='bbox 2660 970 2946 1041; x_wconf 81' lang='lat' dir='ltr'><strong>familiaris</strong></span> <span class='ocrx_word' id='word_1_427' title='bbox 2978 972 3047 1025; x_wconf 84' lang='lat' dir='ltr'><strong>ad</strong></span> <span class='ocrx_word' id='word_1_428' title='bbox 3087 970 3371 1026; x_wconf 80' lang='lat' dir='ltr'><strong>Maranam</strong></span> <span class='ocrx_word' id='word_1_429' title='bbox 3411 970 3802 1027; x_wconf 64' lang='lat' dir='ltr'><strong>scholasticam.</strong></span> 
     </span>
    </p>
   </div>
   <div class='ocr_carea' id='block_1_66' title="bbox 2287 1106 3807 1179">
    <p class='ocr_par' dir='ltr' id='par_1_66' title="bbox 2287 1106 3807 1179">
     <span class='ocr_line' id='line_1_66' title="bbox 2287 1106 3807 1179; baseline 0 -17"><span class='ocrx_word' id='word_1_430' title='bbox 2287 1106 2504 1179; x_wconf 88' lang='lat' dir='ltr'><strong>Scripta</strong></span> <span class='ocrx_word' id='word_1_431' title='bbox 2533 1117 2618 1164; x_wconf 91' lang='lat' dir='ltr'><strong>est</strong></span> <span class='ocrx_word' id='word_1_432' title='bbox 2649 1124 2679 1163; x_wconf 90' lang='lat' dir='ltr'><strong>e</strong></span> <span class='ocrx_word' id='word_1_433' title='bbox 2710 1108 2852 1172; x_wconf 93' lang='lat' dir='ltr'><strong>loco,</strong></span> <span class='ocrx_word' id='word_1_434' title='bbox 2880 1108 2935 1163; x_wconf 91' lang='lat' dir='ltr'><strong>in</strong></span> <span class='ocrx_word' id='word_1_435' title='bbox 2977 1123 3141 1178; x_wconf 90' lang='lat' dir='ltr'><strong>quem</strong></span> <span class='ocrx_word' id='word_1_436' title='bbox 3179 1106 3503 1178; x_wconf 83' lang='lat' dir='ltr'><strong>confugerat</strong></span> <span class='ocrx_word' id='word_1_437' title='bbox 3542 1107 3807 1178; x_wconf 78' lang='lat' dir='ltr'><strong>expulsus</strong></span> 
     </span>
    </p>
   </div>
   <div class='ocr_carea' id='block_1_67' title="bbox 2215 1199 3805 1271">
    <p class='ocr_par' dir='ltr' id='par_1_67' title="bbox 2215 1199 3805 1271">
     <span class='ocr_line' id='line_1_67' title="bbox 2215 1199 3805 1271; baseline -0.002 -16"><span class='ocrx_word' id='word_1_438' title='bbox 2215 1199 2377 1271; x_wconf 87' lang='lat' dir='ltr'><strong>Cyro,</strong></span> <span class='ocrx_word' id='word_1_439' title='bbox 2402 1208 2459 1255; x_wconf 91' lang='lat' dir='ltr'><strong>et</strong></span> <span class='ocrx_word' id='word_1_440' title='bbox 2478 1200 2571 1255; x_wconf 92' lang='lat' dir='ltr'><strong>ubi</strong></span> <span class='ocrx_word' id='word_1_441' title='bbox 2605 1200 2760 1255; x_wconf 88' lang='lat' dir='ltr'><strong>iratis</strong></span> <span class='ocrx_word' id='word_1_442' title='bbox 2788 1200 3122 1256; x_wconf 87' lang='lat' dir='ltr'><strong>adversariis</strong></span> <span class='ocrx_word' id='word_1_443' title='bbox 3155 1199 3461 1262; x_wconf 89' lang='lat' dir='ltr'><strong>fruebatur,</strong></span> <span class='ocrx_word' id='word_1_444' title='bbox 3487 1199 3687 1269; x_wconf 90' lang='lat' dir='ltr'><strong>procul</strong></span> <span class='ocrx_word' id='word_1_445' title='bbox 3719 1210 3805 1254; x_wconf 88' lang='lat' dir='ltr'><strong>tu-</strong></span> 
     </span>
    </p>
   </div>
   <div class='ocr_carea' id='block_1_68' title="bbox 2216 1286 3720 1359">
    <p class='ocr_par' dir='ltr' id='par_1_68' title="bbox 2216 1286 3720 1359">
     <span class='ocr_line' id='line_1_68' title="bbox 2216 1286 3720 1359; baseline -0.001 -15"><span class='ocrx_word' id='word_1_446' title='bbox 2216 1290 2501 1345; x_wconf 88' lang='lat' dir='ltr'><strong>multibus.</strong></span> <span class='ocrx_word' id='word_1_447' title='bbox 2528 1291 2601 1345; x_wconf 88' lang='lat' dir='ltr'><strong>De</strong></span> <span class='ocrx_word' id='word_1_448' title='bbox 2628 1290 2844 1345; x_wconf 81' lang='lat' dir='ltr'><strong>Marana</strong></span> <span class='ocrx_word' id='word_1_449' title='bbox 2866 1290 3074 1345; x_wconf 90' lang='lat' dir='ltr'><strong>dictum</strong></span> <span class='ocrx_word' id='word_1_450' title='bbox 3092 1295 3178 1344; x_wconf 87' lang='lat' dir='ltr'><strong>est</strong></span> <span class='ocrx_word' id='word_1_451' title='bbox 3209 1288 3277 1343; x_wconf 87' lang='lat' dir='ltr'><strong>ad</strong></span> <span class='ocrx_word' id='word_1_452' title='bbox 3311 1288 3600 1359; x_wconf 87' lang='lat' dir='ltr'><strong>epistolam</strong></span> <span class='ocrx_word' id='word_1_453' title='bbox 3629 1286 3720 1343; x_wconf 87' lang='lat'><strong>61.</strong></span> 
     </span>
    </p>
   </div>
   <div class='ocr_carea' id='block_1_69' title="bbox 2218 1427 3808 1552">
    <p class='ocr_par' dir='ltr' id='par_1_69' title="bbox 2218 1427 3808 1552">
     <span class='ocr_line' id='line_1_69' title="bbox 2218 1427 3808 1552; baseline -0.002 -66"><span class='ocrx_word' id='word_1_454' title='bbox 2218 1430 2464 1502; x_wconf 85' lang='lat' dir='ltr'><strong>Epistola</strong></span> <span class='ocrx_word' id='word_1_455' title='bbox 2501 1431 2623 1496; x_wconf 84' lang='grc'><strong>125,</strong></span> <span class='ocrx_word' id='word_1_456' title='bbox 2660 1430 2959 1501; x_wconf 85' lang='lat' dir='ltr'><strong>dagmatica</strong></span> <span class='ocrx_word' id='word_1_457' title='bbox 2996 1430 3066 1552; x_wconf 56' lang='lat' dir='ltr'><strong>at:</strong></span> <span class='ocrx_word' id='word_1_458' title='bbox 3095 1430 3475 1501; x_wconf 80' lang='lat' dir='ltr'><strong>magistratum</strong></span> <span class='ocrx_word' id='word_1_459' title='bbox 3515 1427 3808 1499; x_wconf 77' lang='lat' dir='ltr'><strong>Zeugmate</strong></span> 
     </span>
     <span class='ocr_line' id='line_1_70' title="bbox 2880 1516 3141 1552; baseline 0 0"><span class='ocrx_word' id='word_1_460' title='bbox 2880 1517 3038 1552; x_wconf 85' lang='lat' dir='ltr'><strong>aeren</strong></span> <span class='ocrx_word' id='word_1_461' title='bbox 3068 1516 3141 1552; x_wconf 79' lang='lat' dir='ltr'><strong>es.</strong></span> 
     </span>
    </p>
   </div>
   <div class='ocr_carea' id='block_1_70' title="bbox 2879 1516 3141 1572">
    <p class='ocr_par' dir='ltr' id='par_1_70' title="bbox 2879 1516 3141 1572">
     <span class='ocr_line' id='line_1_71' title="bbox 2879 1516 3141 1572; baseline 0.004 -19"><span class='ocrx_word' id='word_1_462' title='bbox 2879 1516 3141 1572; x_wconf 77' lang='lat' dir='ltr'><strong>gerentes.</strong></span> 
     </span>
    </p>
   </div>
   <div class='ocr_carea' id='block_1_71' title="bbox 2288 1632 3808 1706">
    <p class='ocr_par' dir='ltr' id='par_1_71' title="bbox 2288 1632 3808 1706">
     <span class='ocr_line' id='line_1_72' title="bbox 2288 1632 3808 1706; baseline -0.001 -15"><span class='ocrx_word' id='word_1_463' title='bbox 2288 1638 2328 1691; x_wconf 88' lang='grc'><strong>1.</strong></span> <span class='ocrx_word' id='word_1_464' title='bbox 2372 1636 2603 1706; x_wconf 86' lang='lat' dir='ltr'><strong>Scripsit</strong></span> <span class='ocrx_word' id='word_1_465' title='bbox 2650 1635 3036 1691; x_wconf 90' lang='lat' dir='ltr'><strong>Theodoretus</strong></span> <span class='ocrx_word' id='word_1_466' title='bbox 3087 1650 3155 1689; x_wconf 82' lang='lat' dir='ltr'><strong>ex</strong></span> <span class='ocrx_word' id='word_1_467' title='bbox 3197 1634 3391 1690; x_wconf 90' lang='lat' dir='ltr'><strong>eodem</strong></span> <span class='ocrx_word' id='word_1_468' title='bbox 3441 1634 3586 1700; x_wconf 91' lang='lat' dir='ltr'><strong>loco,</strong></span> <span class='ocrx_word' id='word_1_469' title='bbox 3638 1632 3808 1703; x_wconf 80' lang='lat' dir='ltr'><strong>idque</strong></span> 
     </span>
    </p>
   </div>
   <div class='ocr_carea' id='block_1_72' title="bbox 2148 1719 3809 1798">
    <p class='ocr_par' dir='ltr' id='par_1_72' title="bbox 2148 1719 3809 1798">
     <span class='ocr_line' id='line_1_73' title="bbox 2148 1719 3809 1798; baseline -0.002 -15"><span class='ocrx_word' id='word_1_470' title='bbox 2148 1719 2191 1775; x_wconf 83' lang='grc' dir='ltr'><strong><em>Β</em></strong></span> <span class='ocrx_word' id='word_1_471' title='bbox 2219 1729 2347 1783; x_wconf 91' lang='lat' dir='ltr'><strong>inde</strong></span> <span class='ocrx_word' id='word_1_472' title='bbox 2372 1735 2606 1791; x_wconf 89' lang='lat' dir='ltr'><strong>constat,</strong></span> <span class='ocrx_word' id='word_1_473' title='bbox 2651 1726 2822 1798; x_wconf 88' lang='lat' dir='ltr'><strong>quod,</strong></span> <span class='ocrx_word' id='word_1_474' title='bbox 2861 1735 2923 1781; x_wconf 92' lang='lat' dir='ltr'><strong>ut</strong></span> <span class='ocrx_word' id='word_1_475' title='bbox 2964 1726 3253 1791; x_wconf 89' lang='lat' dir='ltr'><strong>scriberet,</strong></span> <span class='ocrx_word' id='word_1_476' title='bbox 3277 1734 3500 1798; x_wconf 86' lang='lat' dir='ltr'><strong>rogatus</strong></span> <span class='ocrx_word' id='word_1_477' title='bbox 3521 1726 3593 1781; x_wconf 89' lang='lat' dir='ltr'><strong>sit</strong></span> <span class='ocrx_word' id='word_1_478' title='bbox 3620 1725 3695 1779; x_wconf 86' lang='lat' dir='ltr'><strong>ab</strong></span> <span class='ocrx_word' id='word_1_479' title='bbox 3723 1741 3809 1780; x_wconf 59' lang='lat' dir='ltr'><strong>ars</strong></span> 
     </span>
    </p>
   </div>
   <div class='ocr_carea' id='block_1_73' title="bbox 2218 1816 3809 1891">
    <p class='ocr_par' dir='ltr' id='par_1_73' title="bbox 2218 1816 3809 1891">
     <span class='ocr_line' id='line_1_74' title="bbox 2218 1816 3809 1891; baseline -0.001 -17"><span class='ocrx_word' id='word_1_480' title='bbox 2218 1819 2607 1884; x_wconf 85' lang='lat' dir='ltr'><strong>chimandrita,</strong></span> <span class='ocrx_word' id='word_1_481' title='bbox 2635 1820 2728 1890; x_wconf 89' lang='lat' dir='ltr'><strong>qui</strong></span> <span class='ocrx_word' id='word_1_482' title='bbox 2754 1819 3048 1891; x_wconf 77' lang='lat' dir='ltr'><strong>Zeugmate</strong></span> <span class='ocrx_word' id='word_1_483' title='bbox 3080 1818 3149 1873; x_wconf 89' lang='lat' dir='ltr'><strong>ad</strong></span> <span class='ocrx_word' id='word_1_484' title='bbox 3175 1819 3353 1889; x_wconf 91' lang='lat' dir='ltr'><strong>ipsum</strong></span> <span class='ocrx_word' id='word_1_485' title='bbox 3380 1826 3607 1873; x_wconf 84' lang='lat' dir='ltr'><strong>venerat</strong></span> <span class='ocrx_word' id='word_1_486' title='bbox 3644 1816 3809 1890; x_wconf 86' lang='lat' dir='ltr'><strong>longo</strong></span> 
     </span>
    </p>
   </div>
   <div class='ocr_carea' id='block_1_74' title="bbox 2219 1893 3808 1981">
    <p class='ocr_par' dir='ltr' id='par_1_74' title="bbox 2219 1893 3808 1981">
     <span class='ocr_line' id='line_1_75' title="bbox 2219 1893 3808 1981; baseline -0.001 -15"><span class='ocrx_word' id='word_1_487' title='bbox 2219 1912 2414 1966; x_wconf 90' lang='lat' dir='ltr'><strong>itinere</strong></span> <span class='ocrx_word' id='word_1_488' title='bbox 2447 1928 2461 1964; x_wconf 92' lang='lat'><strong>:</strong></span> <span class='ocrx_word' id='word_1_489' title='bbox 2494 1926 2604 1965; x_wconf 92' lang='lat' dir='ltr'><strong>non</strong></span> <span class='ocrx_word' id='word_1_490' title='bbox 2654 1910 2849 1965; x_wconf 87' lang='lat' dir='ltr'><strong>fuisset</strong></span> <span class='ocrx_word' id='word_1_491' title='bbox 2898 1916 3085 1966; x_wconf 89' lang='lat' dir='ltr'><strong>autem</strong></span> <span class='ocrx_word' id='word_1_492' title='bbox 3130 1910 3236 1965; x_wconf 89' lang='lat' dir='ltr'><strong>iter</strong></span> <span class='ocrx_word' id='word_1_493' title='bbox 3263 1909 3422 1965; x_wconf 81' lang='lat' dir='ltr'><strong>valde</strong></span> <span class='ocrx_word' id='word_1_494' title='bbox 3460 1893 3716 1981; x_wconf 73' lang='lat' dir='ltr'><strong>longum,</strong></span> <span class='ocrx_word' id='word_1_495' title='bbox 3761 1910 3808 1965; x_wconf 82' lang='lat' dir='ltr'><strong>si</strong></span> 
     </span>
    </p>
   </div>
   <div class='ocr_carea' id='block_1_75' title="bbox 2219 2001 3813 2075">
    <p class='ocr_par' dir='ltr' id='par_1_75' title="bbox 2219 2001 3813 2075">
     <span class='ocr_line' id='line_1_76' title="bbox 2219 2001 3813 2075; baseline -0.003 -15"><span class='ocrx_word' id='word_1_496' title='bbox 2219 2014 2353 2060; x_wconf 88' lang='lat' dir='ltr'><strong>tunc</strong></span> <span class='ocrx_word' id='word_1_497' title='bbox 2398 2002 2525 2075; x_wconf 86' lang='lat' dir='ltr'><strong>Cyri</strong></span> <span class='ocrx_word' id='word_1_498' title='bbox 2576 2002 2944 2068; x_wconf 89' lang='lat' dir='ltr'><strong>constitisset;</strong></span> <span class='ocrx_word' id='word_1_499' title='bbox 2988 2001 3093 2056; x_wconf 90' lang='lat' dir='ltr'><strong>fuit</strong></span> <span class='ocrx_word' id='word_1_500' title='bbox 3126 2016 3298 2066; x_wconf 86' lang='lat' dir='ltr'><strong>vero,</strong></span> <span class='ocrx_word' id='word_1_501' title='bbox 3342 2001 3390 2057; x_wconf 87' lang='lat' dir='ltr'><strong>si</strong></span> <span class='ocrx_word' id='word_1_502' title='bbox 3433 2017 3609 2073; x_wconf 89' lang='lat' dir='ltr'><strong>prope</strong></span> <span class='ocrx_word' id='word_1_503' title='bbox 3669 2002 3813 2072; x_wconf 79' lang='lat' dir='ltr'><strong>Apa-</strong></span> 
     </span>
    </p>
   </div>
   <div class='ocr_carea' id='block_1_76' title="bbox 2220 2093 3808 2151">
    <p class='ocr_par' dir='ltr' id='par_1_76' title="bbox 2220 2093 3808 2151">
     <span class='ocr_line' id='line_1_77' title="bbox 2220 2093 3808 2151; baseline -0.001 0"><span class='ocrx_word' id='word_1_504' title='bbox 2220 2111 2394 2151; x_wconf 84' lang='lat' dir='ltr'><strong>meam</strong></span> <span class='ocrx_word' id='word_1_505' title='bbox 2424 2112 2436 2148; x_wconf 91' lang='lat'><strong>:</strong></span> <span class='ocrx_word' id='word_1_506' title='bbox 2467 2095 2523 2149; x_wconf 88' lang='lat' dir='ltr'><strong>in</strong></span> <span class='ocrx_word' id='word_1_507' title='bbox 2560 2095 2828 2150; x_wconf 89' lang='lat' dir='ltr'><strong>alterutro</strong></span> <span class='ocrx_word' id='word_1_508' title='bbox 2863 2101 3048 2149; x_wconf 90' lang='lat' dir='ltr'><strong>autem</strong></span> <span class='ocrx_word' id='word_1_509' title='bbox 3097 2093 3413 2148; x_wconf 88' lang='lat' dir='ltr'><strong>constitisse</strong></span> <span class='ocrx_word' id='word_1_510' title='bbox 3444 2108 3673 2149; x_wconf 88' lang='lat' dir='ltr'><strong>necesse</strong></span> <span class='ocrx_word' id='word_1_511' title='bbox 3703 2105 3808 2149; x_wconf 78' lang='lat' dir='ltr'><strong>est.</strong></span> 
     </span>
    </p>
   </div>
   <div class='ocr_carea' id='block_1_77' title="bbox 2290 2183 3813 2255">
    <p class='ocr_par' dir='ltr' id='par_1_77' title="bbox 2290 2183 3813 2255">
     <span class='ocr_line' id='line_1_78' title="bbox 2290 2183 3813 2255; baseline -0.001 -14"><span class='ocrx_word' id='word_1_512' title='bbox 2290 2188 2356 2241; x_wconf 90' lang='lat' dir='ltr'><strong>ll.</strong></span> <span class='ocrx_word' id='word_1_513' title='bbox 2381 2185 2735 2241; x_wconf 87' lang='lat' dir='ltr'><strong>Observanda</strong></span> <span class='ocrx_word' id='word_1_514' title='bbox 2758 2200 2927 2255; x_wconf 90' lang='lat' dir='ltr'><strong>porro</strong></span> <span class='ocrx_word' id='word_1_515' title='bbox 2954 2192 3148 2239; x_wconf 80' lang='lat' dir='ltr'><strong>exacta</strong></span> <span class='ocrx_word' id='word_1_516' title='bbox 3171 2184 3443 2255; x_wconf 81' lang='lat' dir='ltr'><strong>dogmatis</strong></span> <span class='ocrx_word' id='word_1_517' title='bbox 3465 2183 3534 2239; x_wconf 90' lang='lat' dir='ltr'><strong>de</strong></span> <span class='ocrx_word' id='word_1_518' title='bbox 3555 2185 3813 2239; x_wconf 84' lang='lat' dir='ltr'><strong>incarna-</strong></span> 
     </span>
    </p>
   </div>
   <div class='ocr_carea' id='block_1_78' title="bbox 2224 2274 3808 2347">
    <p class='ocr_par' dir='ltr' id='par_1_78' title="bbox 2224 2274 3808 2347">
     <span class='ocr_line' id='line_1_79' title="bbox 2224 2274 3808 2347; baseline -0.003 -16"><span class='ocrx_word' id='word_1_519' title='bbox 2224 2278 2371 2332; x_wconf 89' lang='lat' dir='ltr'><strong>tione</strong></span> <span class='ocrx_word' id='word_1_520' title='bbox 2402 2277 2694 2347; x_wconf 78' lang='lat' dir='ltr'><strong>expositio,</strong></span> <span class='ocrx_word' id='word_1_521' title='bbox 2714 2276 2821 2330; x_wconf 87' lang='lat' dir='ltr'><strong>nisi</strong></span> <span class='ocrx_word' id='word_1_522' title='bbox 2844 2274 2993 2346; x_wconf 89' lang='lat' dir='ltr'><strong>quod</strong></span> <span class='ocrx_word' id='word_1_523' title='bbox 3020 2274 3089 2330; x_wconf 89' lang='lat' dir='ltr'><strong>de</strong></span> <span class='ocrx_word' id='word_1_524' title='bbox 3112 2274 3303 2328; x_wconf 83' lang='grc' dir='ltr'>ὲνὼσει</span> <span class='ocrx_word' id='word_1_525' title='bbox 3328 2274 3451 2329; x_wconf 80' lang='grc' dir='ltr'><strong>καθ’</strong></span> <span class='ocrx_word' id='word_1_526' title='bbox 3482 2275 3808 2342; x_wconf 72' lang='grc' dir='ltr'><strong>ὑπόστασιν,</strong></span> 
     </span>
    </p>
   </div>
   <div class='ocr_carea' id='block_1_79' title="bbox 2222 2374 2768 2442">
    <p class='ocr_par' dir='ltr' id='par_1_79' title="bbox 2222 2374 2768 2442">
     <span class='ocr_line' id='line_1_80' title="bbox 2222 2374 2768 2442; baseline -0.004 -16"><span class='ocrx_word' id='word_1_527' title='bbox 2222 2387 2320 2426; x_wconf 89' lang='lat' dir='ltr'><strong>seu</strong></span> <span class='ocrx_word' id='word_1_528' title='bbox 2350 2374 2574 2442; x_wconf 80' lang='grc' dir='ltr'><strong>φυσικῇ,</strong></span> <span class='ocrx_word' id='word_1_529' title='bbox 2603 2379 2768 2425; x_wconf 89' lang='lat' dir='ltr'><strong>tacet.</strong></span> 
     </span>
    </p>
   </div>
   <div class='ocr_carea' id='block_1_80' title="bbox 2353 2507 3683 2592">
    <p class='ocr_par' dir='ltr' id='par_1_80' title="bbox 2353 2507 3683 2592">
     <span class='ocr_line' id='line_1_81' title="bbox 2353 2507 3683 2592; baseline -0.002 -25"><span class='ocrx_word' id='word_1_530' title='bbox 2353 2514 2372 2533; x_wconf 82' lang='lat'>&#39;</span> <span class='ocrx_word' id='word_1_531' title='bbox 2401 2507 2643 2577; x_wconf 84' lang='lat' dir='ltr'><strong>Epistola</strong></span> <span class='ocrx_word' id='word_1_532' title='bbox 2675 2509 2796 2574; x_wconf 84' lang='grc'><strong>126,</strong></span> <span class='ocrx_word' id='word_1_533' title='bbox 2833 2509 3195 2592; x_wconf 72' lang='lat' dir='ltr'><strong>increpatet-ia</strong></span> <span class='ocrx_word' id='word_1_534' title='bbox 3228 2509 3300 2565; x_wconf 86' lang='lat' dir='ltr'><strong>ad</strong></span> <span class='ocrx_word' id='word_1_535' title='bbox 3321 2508 3683 2565; x_wconf 84' lang='lat' dir='ltr'><strong>Sabinianum</strong></span> 
     </span>
    </p>
   </div>
   <div class='ocr_carea' id='block_1_81' title="bbox 2857 2597 3181 2652">
    <p class='ocr_par' dir='ltr' id='par_1_81' title="bbox 2857 2597 3181 2652">
     <span class='ocr_line' id='line_1_82' title="bbox 2857 2597 3181 2652; baseline 0.009 -19"><span class='ocrx_word' id='word_1_536' title='bbox 2857 2597 3181 2652; x_wconf 76' lang='lat' dir='ltr'><strong>episcopum.</strong></span> 
     </span>
    </p>
   </div>
   <div class='ocr_carea' id='block_1_82' title="bbox 2292 2715 3744 2773">
    <p class='ocr_par' dir='ltr' id='par_1_82' title="bbox 2292 2715 3744 2773">
     <span class='ocr_line' id='line_1_83' title="bbox 2292 2715 3744 2773; baseline -0.001 0"><span class='ocrx_word' id='word_1_537' title='bbox 2292 2719 2334 2773; x_wconf 93' lang='grc'><strong>1.</strong></span> <span class='ocrx_word' id='word_1_538' title='bbox 2360 2718 2485 2773; x_wconf 72' lang='lat' dir='ltr'><strong>llaec</strong></span> <span class='ocrx_word' id='word_1_539' title='bbox 2511 2717 2677 2773; x_wconf 88' lang='lat' dir='ltr'><strong>etiam</strong></span> <span class='ocrx_word' id='word_1_540' title='bbox 2700 2732 2769 2771; x_wconf 81' lang='lat' dir='ltr'><strong>ex</strong></span> <span class='ocrx_word' id='word_1_541' title='bbox 2800 2715 2997 2771; x_wconf 90' lang='lat' dir='ltr'><strong>eodem</strong></span> <span class='ocrx_word' id='word_1_542' title='bbox 3020 2716 3144 2770; x_wconf 91' lang='lat' dir='ltr'><strong>loco</strong></span> <span class='ocrx_word' id='word_1_543' title='bbox 3170 2715 3299 2772; x_wconf 90' lang='lat' dir='ltr'><strong>data</strong></span> <span class='ocrx_word' id='word_1_544' title='bbox 3333 2724 3418 2771; x_wconf 91' lang='lat' dir='ltr'><strong>est</strong></span> <span class='ocrx_word' id='word_1_545' title='bbox 3442 2731 3589 2771; x_wconf 87' lang='lat' dir='ltr'><strong>anno</strong></span> <span class='ocrx_word' id='word_1_546' title='bbox 3609 2715 3744 2773; x_wconf 63' lang='lat'><strong>450.</strong></span> 
     </span>
    </p>
   </div>
   <div class='ocr_carea' id='block_1_83' title="bbox 2292 2807 3815 2865">
    <p class='ocr_par' dir='ltr' id='par_1_83' title="bbox 2292 2807 3815 2865">
     <span class='ocr_line' id='line_1_84' title="bbox 2292 2807 3815 2865; baseline -0.001 0"><span class='ocrx_word' id='word_1_547' title='bbox 2292 2810 2357 2865; x_wconf 92' lang='lat' dir='ltr'><strong>ll.</strong></span> <span class='ocrx_word' id='word_1_548' title='bbox 2386 2810 2716 2865; x_wconf 89' lang='lat' dir='ltr'><strong>Sabinianus</strong></span> <span class='ocrx_word' id='word_1_549' title='bbox 2756 2824 2881 2863; x_wconf 89' lang='lat' dir='ltr'><strong>cum</strong></span> <span class='ocrx_word' id='word_1_550' title='bbox 2908 2808 3232 2863; x_wconf 85' lang='lat' dir='ltr'><strong>Perrhensis</strong></span> <span class='ocrx_word' id='word_1_551' title='bbox 3256 2808 3514 2864; x_wconf 75' lang='lat' dir='ltr'><strong>Ecclesia:</strong></span> <span class='ocrx_word' id='word_1_552' title='bbox 3539 2807 3733 2863; x_wconf 88' lang='lat' dir='ltr'><strong>sedem</strong></span> <span class='ocrx_word' id='word_1_553' title='bbox 3759 2808 3815 2864; x_wconf 86' lang='lat' dir='ltr'><strong>in</strong></span> 
     </span>
    </p>
   </div>
   <div class='ocr_carea' id='block_1_84' title="bbox 2222 2899 3813 2972">
    <p class='ocr_par' dir='ltr' id='par_1_84' title="bbox 2222 2899 3813 2972">
     <span class='ocr_line' id='line_1_85' title="bbox 2222 2899 3813 2972; baseline -0.002 -16"><span class='ocrx_word' id='word_1_554' title='bbox 2222 2901 2497 2972; x_wconf 85' lang='lat' dir='ltr'><strong>Ephesina</strong></span> <span class='ocrx_word' id='word_1_555' title='bbox 2529 2899 2771 2955; x_wconf 83' lang='lat' dir='ltr'><strong>Dioscuri</strong></span> <span class='ocrx_word' id='word_1_556' title='bbox 2805 2899 3015 2970; x_wconf 84' lang='lat' dir='ltr'><strong>synodo</strong></span> <span class='ocrx_word' id='word_1_557' title='bbox 3044 2899 3665 2964; x_wconf 87' lang='lat' dir='ltr'><strong>amisisset,tentaverat</strong></span> <span class='ocrx_word' id='word_1_558' title='bbox 3690 2915 3813 2955; x_wconf 90' lang='lat' dir='ltr'><strong>eam</strong></span> 
     </span>
    </p>
   </div>
   <div class='ocr_carea' id='block_1_85' title="bbox 2224 2991 3813 3063">
    <p class='ocr_par' dir='ltr' id='par_1_85' title="bbox 2224 2991 3813 3063">
     <span class='ocr_line' id='line_1_86' title="bbox 2224 2991 3813 3063; baseline -0.001 -16"><span class='ocrx_word' id='word_1_559' title='bbox 2224 2993 2493 3049; x_wconf 89' lang='lat' dir='ltr'><strong>redimere</strong></span> <span class='ocrx_word' id='word_1_560' title='bbox 2516 2993 2723 3063; x_wconf 84' lang='lat' dir='ltr'><strong>abjecta</strong></span> <span class='ocrx_word' id='word_1_561' title='bbox 2748 2991 2983 3062; x_wconf 87' lang='lat' dir='ltr'><strong>quadam</strong></span> <span class='ocrx_word' id='word_1_562' title='bbox 3012 2993 3098 3047; x_wconf 87' lang='lat' dir='ltr'><strong>vel</strong></span> <span class='ocrx_word' id='word_1_563' title='bbox 3125 3007 3288 3062; x_wconf 90' lang='lat' dir='ltr'><strong>prece</strong></span> <span class='ocrx_word' id='word_1_564' title='bbox 3307 2992 3394 3047; x_wconf 90' lang='lat' dir='ltr'><strong>vel</strong></span> <span class='ocrx_word' id='word_1_565' title='bbox 3417 2993 3735 3048; x_wconf 66' lang='lat' dir='ltr'><strong>meonomia</strong></span> <span class='ocrx_word' id='word_1_566' title='bbox 3749 2992 3813 3045; x_wconf 80' lang='grc'><strong>³³.</strong></span> 
     </span>
    </p>
   </div>
   <div class='ocr_carea' id='block_1_86' title="bbox 2148 3057 3814 3163">
    <p class='ocr_par' dir='ltr' id='par_1_86' title="bbox 2148 3057 3814 3163">
     <span class='ocr_line' id='line_1_87' title="bbox 2148 3057 3814 3163; baseline 0.001 -25"><span class='ocrx_word' id='word_1_567' title='bbox 2148 3057 2189 3114; x_wconf 74' lang='lat' dir='ltr'><strong><em>C</em></strong></span> <span class='ocrx_word' id='word_1_568' title='bbox 2222 3084 2415 3156; x_wconf 81' lang='lat' dir='ltr'><strong>Arguit</strong></span> <span class='ocrx_word' id='word_1_569' title='bbox 2445 3057 2744 3139; x_wconf 74' lang='lat' dir='ltr'><strong>tentantem</strong></span> <span class='ocrx_word' id='word_1_570' title='bbox 2768 3057 3352 3163; x_wconf 53' lang='lat' dir='ltr'><strong>348Theodoretus</strong></span> <span class='ocrx_word' id='word_1_571' title='bbox 3376 3126 3390 3148; x_wconf 91' lang='lat'><strong>,</strong></span> <span class='ocrx_word' id='word_1_572' title='bbox 3415 3100 3657 3155; x_wconf 90' lang='lat' dir='ltr'><strong>cumque</strong></span> <span class='ocrx_word' id='word_1_573' title='bbox 3685 3100 3814 3141; x_wconf 89' lang='lat' dir='ltr'><strong>eum</strong></span> 
     </span>
    </p>
   </div>
   <div class='ocr_carea' id='block_1_87' title="bbox 2224 3176 3813 3249">
    <p class='ocr_par' dir='ltr' id='par_1_87' title="bbox 2224 3176 3813 3249">
     <span class='ocr_line' id='line_1_88' title="bbox 2224 3176 3813 3249; baseline 0.002 -18"><span class='ocrx_word' id='word_1_574' title='bbox 2224 3177 2529 3231; x_wconf 77' lang='lat' dir='ltr'><strong>induxisset</strong></span> <span class='ocrx_word' id='word_1_575' title='bbox 2553 3176 2829 3232; x_wconf 88' lang='lat' dir='ltr'><strong>dicentem</strong></span> <span class='ocrx_word' id='word_1_576' title='bbox 2863 3196 2875 3233; x_wconf 92' lang='lat'>:</span> <span class='ocrx_word' id='word_1_577' title='bbox 2910 3197 2928 3229; x_wconf 84' lang='grc'><strong>‹</strong></span> <span class='ocrx_word' id='word_1_578' title='bbox 2962 3176 3104 3245; x_wconf 85' lang='lat' dir='ltr'><strong>Quid</strong></span> <span class='ocrx_word' id='word_1_579' title='bbox 3135 3177 3302 3248; x_wconf 83' lang='lat' dir='ltr'><strong>igitur</strong></span> <span class='ocrx_word' id='word_1_580' title='bbox 3330 3178 3477 3233; x_wconf 83' lang='lat' dir='ltr'><strong>facto</strong></span> <span class='ocrx_word' id='word_1_581' title='bbox 3515 3193 3660 3249; x_wconf 90' lang='lat' dir='ltr'><strong>opus</strong></span> <span class='ocrx_word' id='word_1_582' title='bbox 3706 3188 3813 3243; x_wconf 88' lang='lat' dir='ltr'><strong>est,</strong></span> 
     </span>
    </p>
   </div>
   <div class='ocr_carea' id='block_1_88' title="bbox 2223 3266 3817 3340">
    <p class='ocr_par' dir='ltr' id='par_1_88' title="bbox 2223 3266 3817 3340">
     <span class='ocr_line' id='line_1_89' title="bbox 2223 3266 3817 3340; baseline 0.001 -18"><span class='ocrx_word' id='word_1_583' title='bbox 2223 3267 2292 3322; x_wconf 90' lang='lat' dir='ltr'><strong>iis</strong></span> <span class='ocrx_word' id='word_1_584' title='bbox 2315 3267 2409 3337; x_wconf 92' lang='lat' dir='ltr'><strong>qui</strong></span> <span class='ocrx_word' id='word_1_585' title='bbox 2450 3267 2551 3322; x_wconf 88' lang='lat' dir='ltr'><strong>ista</strong></span> <span class='ocrx_word' id='word_1_586' title='bbox 2576 3266 2961 3323; x_wconf 87' lang='lat' dir='ltr'><strong>detestantur?</strong></span> <span class='ocrx_word' id='word_1_587' title='bbox 2992 3288 3011 3320; x_wconf 78' lang='grc' dir='ltr'><strong><em>ι</em></strong></span> <span class='ocrx_word' id='word_1_588' title='bbox 3050 3268 3323 3340; x_wconf 84' lang='lat' dir='ltr'><strong>(dogmata</strong></span> <span class='ocrx_word' id='word_1_589' title='bbox 3353 3268 3566 3323; x_wconf 89' lang='lat' dir='ltr'><strong>scilicet</strong></span> <span class='ocrx_word' id='word_1_590' title='bbox 3596 3268 3666 3323; x_wconf 89' lang='lat' dir='ltr'><strong>de</strong></span> <span class='ocrx_word' id='word_1_591' title='bbox 3708 3284 3817 3323; x_wconf 86' lang='lat' dir='ltr'><strong>una</strong></span> 
     </span>
    </p>
   </div>
   <div class='ocr_carea' id='block_1_89' title="bbox 2222 3359 3815 3433">
    <p class='ocr_par' dir='ltr' id='par_1_89' title="bbox 2222 3359 3815 3433">
     <span class='ocr_line' id='line_1_90' title="bbox 2222 3359 3815 3433; baseline 0.001 -19"><span class='ocrx_word' id='word_1_592' title='bbox 2222 3367 2417 3414; x_wconf 90' lang='lat' dir='ltr'><strong>natura</strong></span> <span class='ocrx_word' id='word_1_593' title='bbox 2453 3367 2510 3414; x_wconf 86' lang='lat' dir='ltr'><strong>et</strong></span> <span class='ocrx_word' id='word_1_594' title='bbox 2542 3360 2654 3415; x_wconf 92' lang='lat' dir='ltr'><strong>Deo</strong></span> <span class='ocrx_word' id='word_1_595' title='bbox 2696 3361 2910 3433; x_wconf 89' lang='lat' dir='ltr'><strong>passo);</strong></span> <span class='ocrx_word' id='word_1_596' title='bbox 2952 3361 3248 3432; x_wconf 89' lang='lat' dir='ltr'><strong>respondet</strong></span> <span class='ocrx_word' id='word_1_597' title='bbox 3285 3359 3661 3432; x_wconf 74' lang='lat' dir='ltr'><strong>prtestandum</strong></span> <span class='ocrx_word' id='word_1_598' title='bbox 3694 3376 3815 3415; x_wconf 90' lang='lat' dir='ltr'><strong>esse</strong></span> 
     </span>
    </p>
   </div>
   <div class='ocr_carea' id='block_1_90' title="bbox 2230 3451 3815 3522">
    <p class='ocr_par' dir='ltr' id='par_1_90' title="bbox 2230 3451 3815 3522">
     <span class='ocr_line' id='line_1_91' title="bbox 2230 3451 3815 3522; baseline 0.002 -20"><span class='ocrx_word' id='word_1_599' title='bbox 2230 3471 2246 3502; x_wconf 76' lang='grc' dir='ltr'>ι</span> <span class='ocrx_word' id='word_1_600' title='bbox 2285 3451 2516 3506; x_wconf 89' lang='lat' dir='ltr'><strong>duorum</strong></span> <span class='ocrx_word' id='word_1_601' title='bbox 2570 3452 2803 3506; x_wconf 89' lang='lat' dir='ltr'><strong>alterum</strong></span> <span class='ocrx_word' id='word_1_602' title='bbox 2841 3470 2853 3506; x_wconf 75' lang='grc' dir='ltr'>ε</span> <span class='ocrx_word' id='word_1_603' title='bbox 2884 3467 3101 3522; x_wconf 91' lang='lat' dir='ltr'><strong>nempe,</strong></span> <span class='ocrx_word' id='word_1_604' title='bbox 3134 3461 3196 3507; x_wconf 91' lang='lat' dir='ltr'><strong>ut</strong></span> <span class='ocrx_word' id='word_1_605' title='bbox 3233 3461 3329 3507; x_wconf 88' lang='lat' dir='ltr'><strong>aut</strong></span> <span class='ocrx_word' id='word_1_606' title='bbox 3370 3453 3558 3522; x_wconf 90' lang='lat' dir='ltr'><strong>potius</strong></span> <span class='ocrx_word' id='word_1_607' title='bbox 3587 3466 3815 3505; x_wconf 88' lang='lat' dir='ltr'><strong>manum</strong></span> 
     </span>
    </p>
   </div>
   <div class='ocr_carea' id='block_1_91' title="bbox 2221 3541 3818 3613">
    <p class='ocr_par' dir='ltr' id='par_1_91' title="bbox 2221 3541 3818 3613">
     <span class='ocr_line' id='line_1_92' title="bbox 2221 3541 3818 3613; baseline -0.001 -15"><span class='ocrx_word' id='word_1_608' title='bbox 2221 3549 2533 3606; x_wconf 91' lang='lat' dir='ltr'><strong>conserant,</strong></span> <span class='ocrx_word' id='word_1_609' title='bbox 2576 3548 2633 3611; x_wconf 76' lang='lat' dir='ltr'><strong>et</strong></span> <span class='ocrx_word' id='word_1_610' title='bbox 2682 3541 2997 3613; x_wconf 85' lang='lat' dir='ltr'><strong>dogmatum</strong></span> <span class='ocrx_word' id='word_1_611' title='bbox 3044 3542 3340 3597; x_wconf 84' lang='lat' dir='ltr'><strong>falsitatem</strong></span> <span class='ocrx_word' id='word_1_612' title='bbox 3388 3541 3669 3606; x_wconf 87' lang='lat' dir='ltr'><strong>refellant,</strong></span> <span class='ocrx_word' id='word_1_613' title='bbox 3720 3551 3818 3596; x_wconf 87' lang='lat' dir='ltr'><strong>aut</strong></span> 
     </span>
    </p>
   </div>
   <div class='ocr_carea' id='block_1_92' title="bbox 2220 3633 3808 3705">
    <p class='ocr_par' dir='ltr' id='par_1_92' title="bbox 2220 3633 3808 3705">
     <span class='ocr_line' id='line_1_93' title="bbox 2220 3633 3808 3705; baseline -0.003 -16"><span class='ocrx_word' id='word_1_614' title='bbox 2220 3634 2431 3705; x_wconf 83' lang='lat' dir='ltr'><strong>fugiant</strong></span> <span class='ocrx_word' id='word_1_615' title='bbox 2457 3645 2717 3703; x_wconf 89' lang='lat' dir='ltr'><strong>tanquam</strong></span> <span class='ocrx_word' id='word_1_616' title='bbox 2749 3644 2938 3705; x_wconf 90' lang='lat' dir='ltr'><strong>aperte</strong></span> <span class='ocrx_word' id='word_1_617' title='bbox 2963 3634 3257 3704; x_wconf 89' lang='lat' dir='ltr'><strong>impiorum</strong></span> <span class='ocrx_word' id='word_1_618' title='bbox 3278 3633 3758 3688; x_wconf 87' lang='lat' dir='ltr'><strong>communionem.</strong></span> <span class='ocrx_word' id='word_1_619' title='bbox 3790 3652 3808 3684; x_wconf 78' lang='grc' dir='ltr'><strong><em>ι</em></strong></span> 
     </span>
    </p>
   </div>
   <div class='ocr_carea' id='block_1_93' title="bbox 2289 3722 3812 3795">
    <p class='ocr_par' dir='ltr' id='par_1_93' title="bbox 2289 3722 3812 3795">
     <span class='ocr_line' id='line_1_94' title="bbox 2289 3722 3812 3795; baseline -0.001 -16"><span class='ocrx_word' id='word_1_620' title='bbox 2289 3724 2379 3780; x_wconf 88' lang='lat' dir='ltr'><strong>lll.</strong></span> <span class='ocrx_word' id='word_1_621' title='bbox 2413 3724 2717 3790; x_wconf 88' lang='lat' dir='ltr'><strong>Sabiniani,</strong></span> <span class='ocrx_word' id='word_1_622' title='bbox 2742 3732 3031 3795; x_wconf 89' lang='lat' dir='ltr'><strong>postquam</strong></span> <span class='ocrx_word' id='word_1_623' title='bbox 3056 3723 3195 3778; x_wconf 82' lang='lat' dir='ltr'><strong>dixit</strong></span> <span class='ocrx_word' id='word_1_624' title='bbox 3213 3723 3507 3778; x_wconf 89' lang='lat' dir='ltr'><strong>anathema</strong></span> <span class='ocrx_word' id='word_1_625' title='bbox 3529 3722 3812 3788; x_wconf 86' lang='lat' dir='ltr'><strong>Nestorio,</strong></span> 
     </span>
    </p>
   </div>
   <div class='ocr_carea' id='block_1_94' title="bbox 2208 3813 3815 3894">
    <p class='ocr_par' dir='ltr' id='par_1_94' title="bbox 2208 3813 3815 3894">
     <span class='ocr_line' id='line_1_95' title="bbox 2208 3813 3815 3894; baseline -0.002 -21"><span class='ocrx_word' id='word_1_626' title='bbox 2208 3832 2386 3894; x_wconf 61' lang='lat' dir='ltr'><strong>causa</strong></span> <span class='ocrx_word' id='word_1_627' title='bbox 2406 3817 2672 3872; x_wconf 88' lang='lat' dir='ltr'><strong>adversus</strong></span> <span class='ocrx_word' id='word_1_628' title='bbox 2700 3816 3061 3872; x_wconf 83' lang='lat' dir='ltr'><strong>Athanasium</strong></span> <span class='ocrx_word' id='word_1_629' title='bbox 3094 3815 3163 3871; x_wconf 89' lang='lat' dir='ltr'><strong>de</strong></span> <span class='ocrx_word' id='word_1_630' title='bbox 3187 3815 3315 3871; x_wconf 88' lang='lat' dir='ltr'><strong>sede</strong></span> <span class='ocrx_word' id='word_1_631' title='bbox 3347 3814 3679 3871; x_wconf 88' lang='lat' dir='ltr'><strong>Perrhensis</strong></span> <span class='ocrx_word' id='word_1_632' title='bbox 3705 3813 3815 3869; x_wconf 76' lang='lat' dir='ltr'><strong>Ec—</strong></span> 
     </span>
    </p>
   </div>
   <div class='ocr_carea' id='block_1_95' title="bbox 2220 3905 3812 3979">
    <p class='ocr_par' dir='ltr' id='par_1_95' title="bbox 2220 3905 3812 3979">
     <span class='ocr_line' id='line_1_96' title="bbox 2220 3905 3812 3979; baseline -0.002 -15"><span class='ocrx_word' id='word_1_633' title='bbox 2220 3908 2400 3964; x_wconf 72' lang='lat' dir='ltr'><strong>clesiae</strong></span> <span class='ocrx_word' id='word_1_634' title='bbox 2437 3924 2536 3979; x_wconf 89' lang='lat' dir='ltr'><strong>per</strong></span> <span class='ocrx_word' id='word_1_635' title='bbox 2566 3916 2734 3962; x_wconf 88' lang='lat' dir='ltr'><strong>totam</strong></span> <span class='ocrx_word' id='word_1_636' title='bbox 2782 3906 3051 3962; x_wconf 90' lang='lat' dir='ltr'><strong>decimam</strong></span> <span class='ocrx_word' id='word_1_637' title='bbox 3087 3915 3341 3978; x_wconf 85' lang='lat' dir='ltr'><strong>quartam</strong></span> <span class='ocrx_word' id='word_1_638' title='bbox 3378 3905 3604 3963; x_wconf 80' lang='lat' dir='ltr'><strong>concilii</strong></span> <span class='ocrx_word' id='word_1_639' title='bbox 3641 3905 3812 3962; x_wconf 86' lang='lat' dir='ltr'><strong>Chal-</strong></span> 
     </span>
    </p>
   </div>
   <div class='ocr_carea' id='block_1_96' title="bbox 2220 3998 3204 4069">
    <p class='ocr_par' dir='ltr' id='par_1_96' title="bbox 2220 3998 3204 4069">
     <span class='ocr_line' id='line_1_97' title="bbox 2220 3998 3204 4069; baseline 0 -16"><span class='ocrx_word' id='word_1_640' title='bbox 2220 3999 2545 4053; x_wconf 89' lang='lat' dir='ltr'><strong>cedonensis</strong></span> <span class='ocrx_word' id='word_1_641' title='bbox 2571 3999 2842 4055; x_wconf 90' lang='lat' dir='ltr'><strong>actionem</strong></span> <span class='ocrx_word' id='word_1_642' title='bbox 2868 3998 3072 4069; x_wconf 88' lang='lat' dir='ltr'><strong>agitata</strong></span> <span class='ocrx_word' id='word_1_643' title='bbox 3100 4006 3204 4053; x_wconf 91' lang='lat' dir='ltr'><strong>est.</strong></span> 
     </span>
    </p>
   </div>
   <div class='ocr_carea' id='block_1_97' title="bbox 2221 4136 3810 4211">
    <p class='ocr_par' dir='ltr' id='par_1_97' title="bbox 2221 4136 3810 4211">
     <span class='ocr_line' id='line_1_98' title="bbox 2221 4136 3810 4211; baseline -0.001 -19"><span class='ocrx_word' id='word_1_644' title='bbox 2221 4139 2461 4211; x_wconf 84' lang='lat' dir='ltr'><strong>Epistola</strong></span> <span class='ocrx_word' id='word_1_645' title='bbox 2506 4139 2628 4201; x_wconf 80' lang='grc'><strong>127,</strong></span> <span class='ocrx_word' id='word_1_646' title='bbox 2668 4136 3027 4211; x_wconf 79' lang='lat' dir='ltr'><strong>gratulatoria</strong></span> <span class='ocrx_word' id='word_1_647' title='bbox 3068 4136 3395 4211; x_wconf 24' lang='lat' dir='ltr'><strong>adAJobium</strong></span> <span class='ocrx_word' id='word_1_648' title='bbox 3443 4137 3810 4209; x_wconf 79' lang='lat' dir='ltr'><strong>presbyterum</strong></span> 
     </span>
    </p>
   </div>
   <div class='ocr_carea' id='block_1_98' title="bbox 2719 4208 3297 4263">
    <p class='ocr_par' dir='ltr' id='par_1_98' title="bbox 2719 4208 3297 4263">
     <span class='ocr_line' id='line_1_99' title="bbox 2719 4208 3297 4263; baseline -0.002 -2"><span class='ocrx_word' id='word_1_649' title='bbox 2719 4216 2766 4261; x_wconf 85' lang='lat' dir='ltr'><strong>et</strong></span> <span class='ocrx_word' id='word_1_650' title='bbox 2799 4208 3297 4263; x_wconf 79' lang='lat' dir='ltr'><strong>archimandritam.</strong></span> 
     </span>
    </p>
   </div>
   <div class='ocr_carea' id='block_1_99' title="bbox 2288 4341 3806 4415">
    <p class='ocr_par' dir='ltr' id='par_1_99' title="bbox 2288 4341 3806 4415">
     <span class='ocr_line' id='line_1_100' title="bbox 2288 4341 3806 4415; baseline -0.001 -17"><span class='ocrx_word' id='word_1_651' title='bbox 2288 4344 2329 4398; x_wconf 87' lang='grc' dir='ltr'><strong>Ι.</strong></span> <span class='ocrx_word' id='word_1_652' title='bbox 2378 4342 2694 4399; x_wconf 88' lang='lat' dir='ltr'><strong>Gratulatur</strong></span> <span class='ocrx_word' id='word_1_653' title='bbox 2722 4343 2881 4398; x_wconf 87' lang='lat' dir='ltr'><strong>Jobio</strong></span> <span class='ocrx_word' id='word_1_654' title='bbox 2921 4343 2988 4398; x_wconf 91' lang='lat' dir='ltr'><strong>de</strong></span> <span class='ocrx_word' id='word_1_655' title='bbox 3032 4359 3297 4415; x_wconf 87' lang='lat' dir='ltr'><strong>generosa</strong></span> <span class='ocrx_word' id='word_1_656' title='bbox 3338 4342 3580 4413; x_wconf 87' lang='lat' dir='ltr'><strong>pietatis,</strong></span> <span class='ocrx_word' id='word_1_657' title='bbox 3611 4341 3669 4398; x_wconf 90' lang='lat' dir='ltr'><strong>id</strong></span> <span class='ocrx_word' id='word_1_658' title='bbox 3699 4352 3806 4408; x_wconf 89' lang='lat' dir='ltr'><strong>est,</strong></span> 
     </span>
    </p>
   </div>
   <div class='ocr_carea' id='block_1_100' title="bbox 2220 4433 3177 4489">
    <p class='ocr_par' dir='ltr' id='par_1_100' title="bbox 2220 4433 3177 4489">
     <span class='ocr_line' id='line_1_101' title="bbox 2220 4433 3177 4489; baseline 0.001 -1"><span class='ocrx_word' id='word_1_659' title='bbox 2220 4434 2453 4489; x_wconf 90' lang='lat' dir='ltr'><strong>duarum</strong></span> <span class='ocrx_word' id='word_1_660' title='bbox 2480 4442 2799 4489; x_wconf 89' lang='lat' dir='ltr'><strong>naturarum</strong></span> <span class='ocrx_word' id='word_1_661' title='bbox 2835 4433 3177 4489; x_wconf 90' lang='lat' dir='ltr'><strong>defensione.</strong></span> 
     </span>
    </p>
   </div>
   <div class='ocr_carea' id='block_1_101' title="bbox 2290 4513 3811 4596">
    <p class='ocr_par' dir='ltr' id='par_1_101' title="bbox 2290 4513 3811 4596">
     <span class='ocr_line' id='line_1_102' title="bbox 2290 4513 3811 4596; baseline 0.001 -17"><span class='ocrx_word' id='word_1_662' title='bbox 2290 4525 2356 4580; x_wconf 88' lang='grc'><strong>11.</strong></span> <span class='ocrx_word' id='word_1_663' title='bbox 2387 4524 2520 4593; x_wconf 83' lang='lat' dir='ltr'><strong>Quis</strong></span> <span class='ocrx_word' id='word_1_664' title='bbox 2548 4525 2712 4581; x_wconf 88' lang='lat' dir='ltr'><strong>fuerit</strong></span> <span class='ocrx_word' id='word_1_665' title='bbox 2753 4513 2921 4581; x_wconf 77' lang='lat' dir='ltr'><strong>senex</strong></span> <span class='ocrx_word' id='word_1_666' title='bbox 2954 4526 3074 4588; x_wconf 86' lang='lat' dir='ltr'><strong>ille,</strong></span> <span class='ocrx_word' id='word_1_667' title='bbox 3115 4534 3171 4581; x_wconf 90' lang='lat' dir='ltr'><strong>et</strong></span> <span class='ocrx_word' id='word_1_668' title='bbox 3216 4526 3305 4583; x_wconf 93' lang='lat' dir='ltr'><strong>cui</strong></span> <span class='ocrx_word' id='word_1_669' title='bbox 3342 4526 3585 4582; x_wconf 70' lang='lat' dir='ltr'><strong>mandras</strong></span> <span class='ocrx_word' id='word_1_670' title='bbox 3614 4525 3811 4596; x_wconf 57' lang='lat' dir='ltr'><strong>praete.</strong></span> 
     </span>
    </p>
   </div>
   <div class='ocr_carea' id='block_1_102' title="bbox 2220 4617 3809 4689">
    <p class='ocr_par' dir='ltr' id='par_1_102' title="bbox 2220 4617 3809 4689">
     <span class='ocr_line' id='line_1_103' title="bbox 2220 4617 3809 4689; baseline -0.001 -17"><span class='ocrx_word' id='word_1_671' title='bbox 2220 4624 2363 4682; x_wconf 91' lang='lat' dir='ltr'><strong>ctus,</strong></span> <span class='ocrx_word' id='word_1_672' title='bbox 2404 4618 2674 4672; x_wconf 88' lang='lat' dir='ltr'><strong>incertum</strong></span> <span class='ocrx_word' id='word_1_673' title='bbox 2703 4617 2837 4672; x_wconf 90' lang='lat' dir='ltr'><strong>mihi</strong></span> <span class='ocrx_word' id='word_1_674' title='bbox 2875 4628 2995 4673; x_wconf 91' lang='lat' dir='ltr'><strong>est:</strong></span> <span class='ocrx_word' id='word_1_675' title='bbox 3024 4634 3204 4689; x_wconf 90' lang='lat' dir='ltr'><strong>neque</strong></span> <span class='ocrx_word' id='word_1_676' title='bbox 3232 4619 3380 4674; x_wconf 88' lang='lat' dir='ltr'><strong>enim</strong></span> <span class='ocrx_word' id='word_1_677' title='bbox 3410 4618 3551 4674; x_wconf 90' lang='lat' dir='ltr'><strong>ratio</strong></span> <span class='ocrx_word' id='word_1_678' title='bbox 3586 4626 3809 4687; x_wconf 82' lang='lat' dir='ltr'><strong>tempo-</strong></span> 
     </span>
    </p>
   </div>
   <div class='ocr_carea' id='block_1_103' title="bbox 2222 4709 3813 4782">
    <p class='ocr_par' dir='ltr' id='par_1_103' title="bbox 2222 4709 3813 4782">
     <span class='ocr_line' id='line_1_104' title="bbox 2222 4709 3813 4782; baseline 0.002 -20"><span class='ocrx_word' id='word_1_679' title='bbox 2222 4726 2342 4763; x_wconf 91' lang='lat' dir='ltr'><strong>rum</strong></span> <span class='ocrx_word' id='word_1_680' title='bbox 2371 4709 2521 4773; x_wconf 91' lang='lat' dir='ltr'><strong>sinit,</strong></span> <span class='ocrx_word' id='word_1_681' title='bbox 2559 4720 2617 4765; x_wconf 92' lang='lat' dir='ltr'><strong>ut</strong></span> <span class='ocrx_word' id='word_1_682' title='bbox 2649 4710 2868 4766; x_wconf 88' lang='lat' dir='ltr'><strong>dicatur</strong></span> <span class='ocrx_word' id='word_1_683' title='bbox 2905 4727 3024 4767; x_wconf 88' lang='lat' dir='ltr'><strong>esse</strong></span> <span class='ocrx_word' id='word_1_684' title='bbox 3063 4712 3258 4768; x_wconf 84' lang='lat' dir='ltr'><strong>Jobius</strong></span> <span class='ocrx_word' id='word_1_685' title='bbox 3288 4712 3400 4776; x_wconf 90' lang='lat' dir='ltr'><strong>ille,</strong></span> <span class='ocrx_word' id='word_1_686' title='bbox 3428 4726 3593 4782; x_wconf 92' lang='lat' dir='ltr'><strong>quem</strong></span> <span class='ocrx_word' id='word_1_687' title='bbox 3620 4711 3813 4765; x_wconf 86' lang='lat' dir='ltr'><strong>laudat</strong></span> 
     </span>
    </p>
   </div>
   <div class='ocr_carea' id='block_1_104' title="bbox 2219 4797 3813 4868">
    <p class='ocr_par' dir='ltr' id='par_1_104' title="bbox 2219 4797 3813 4868">
     <span class='ocr_line' id='line_1_105' title="bbox 2219 4797 3813 4868; baseline 0.001 -17"><span class='ocrx_word' id='word_1_688' title='bbox 2219 4797 2469 4861; x_wconf 85' lang='lat' dir='ltr'><strong>Photius,</strong></span> <span class='ocrx_word' id='word_1_689' title='bbox 2516 4798 2790 4868; x_wconf 87' lang='lat' dir='ltr'><strong>traditque</strong></span> <span class='ocrx_word' id='word_1_690' title='bbox 2830 4798 3092 4855; x_wconf 84' lang='lat' dir='ltr'><strong>adversus</strong></span> <span class='ocrx_word' id='word_1_691' title='bbox 3122 4799 3391 4856; x_wconf 90' lang='lat' dir='ltr'><strong>Severum</strong></span> <span class='ocrx_word' id='word_1_692' title='bbox 3438 4800 3506 4855; x_wconf 92' lang='lat' dir='ltr'><strong>de</strong></span> <span class='ocrx_word' id='word_1_693' title='bbox 3549 4799 3813 4853; x_wconf 86' lang='lat' dir='ltr'><strong>incarna-</strong></span> 
     </span>
    </p>
   </div>
   <div class='ocr_carea' id='block_1_105' title="bbox 2219 4891 2699 4961">
    <p class='ocr_par' dir='ltr' id='par_1_105' title="bbox 2219 4891 2699 4961">
     <span class='ocr_line' id='line_1_106' title="bbox 2219 4891 2699 4961; baseline 0.002 -16"><span class='ocrx_word' id='word_1_694' title='bbox 2219 4891 2369 4945; x_wconf 86' lang='lat' dir='ltr'><strong>tione</strong></span> <span class='ocrx_word' id='word_1_695' title='bbox 2393 4891 2699 4961; x_wconf 80' lang='lat' dir='ltr'><strong>scripsisse.</strong></span> 
     </span>
    </p>
   </div>
   <div class='ocr_carea' id='block_1_106' title="bbox 2288 4981 3812 5053">
    <p class='ocr_par' dir='ltr' id='par_1_106' title="bbox 2288 4981 3812 5053">
     <span class='ocr_line' id='line_1_107' title="bbox 2288 4981 3812 5053; baseline -0.001 -16"><span class='ocrx_word' id='word_1_696' title='bbox 2288 4982 2377 5037; x_wconf 88' lang='lat' dir='ltr'><strong>lll.</strong></span> <span class='ocrx_word' id='word_1_697' title='bbox 2425 4982 2557 5036; x_wconf 86' lang='lat' dir='ltr'><strong>Data</strong></span> <span class='ocrx_word' id='word_1_698' title='bbox 2601 4990 2686 5037; x_wconf 90' lang='lat' dir='ltr'><strong>est</strong></span> <span class='ocrx_word' id='word_1_699' title='bbox 2737 4983 2968 5053; x_wconf 87' lang='lat' dir='ltr'><strong>epistola</strong></span> <span class='ocrx_word' id='word_1_700' title='bbox 3017 4992 3144 5039; x_wconf 90' lang='lat' dir='ltr'><strong>ante</strong></span> <span class='ocrx_word' id='word_1_701' title='bbox 3183 4982 3539 5039; x_wconf 84' lang='lat' dir='ltr'><strong>latrocinium</strong></span> <span class='ocrx_word' id='word_1_702' title='bbox 3568 4981 3812 5052; x_wconf 65' lang='lat' dir='ltr'><strong>Ephesi-r</strong></span> 
     </span>
    </p>
   </div>
   <div class='ocr_carea' id='block_1_107' title="bbox 2218 5071 3809 5146">
    <p class='ocr_par' dir='ltr' id='par_1_107' title="bbox 2218 5071 3809 5146">
     <span class='ocr_line' id='line_1_108' title="bbox 2218 5071 3809 5146; baseline 0.001 -23"><span class='ocrx_word' id='word_1_703' title='bbox 2218 5085 2372 5134; x_wconf 91' lang='lat' dir='ltr'><strong>num,</strong></span> <span class='ocrx_word' id='word_1_704' title='bbox 2400 5086 2511 5139; x_wconf 90' lang='lat' dir='ltr'><strong>quo</strong></span> <span class='ocrx_word' id='word_1_705' title='bbox 2546 5080 2789 5142; x_wconf 88' lang='lat' dir='ltr'><strong>tempore</strong></span> <span class='ocrx_word' id='word_1_706' title='bbox 2829 5071 3182 5128; x_wconf 85' lang='lat' dir='ltr'><strong>detinebatur</strong></span> <span class='ocrx_word' id='word_1_707' title='bbox 3214 5073 3361 5146; x_wconf 85' lang='lat' dir='ltr'><strong>Cyri.</strong></span> <span class='ocrx_word' id='word_1_708' title='bbox 3403 5092 3421 5125; x_wconf 87' lang='grc'><em>‹</em></span> <span class='ocrx_word' id='word_1_709' title='bbox 3457 5072 3809 5141; x_wconf 78' lang='lat' dir='ltr'><strong>Amplexari,</strong></span> 
     </span>
    </p>
   </div>
   <div class='ocr_carea' id='block_1_108' title="bbox 2215 5161 3811 5243">
    <p class='ocr_par' dir='ltr' id='par_1_108' title="bbox 2215 5161 3811 5243">
     <span class='ocr_line' id='line_1_109' title="bbox 2215 5161 3811 5243; baseline 0.001 -29"><span class='ocrx_word' id='word_1_710' title='bbox 2215 5161 2427 5231; x_wconf 88' lang='lat' dir='ltr'><strong>inquit,</strong></span> <span class='ocrx_word' id='word_1_711' title='bbox 2456 5162 2982 5218; x_wconf 87' lang='lat' dir='ltr'><strong>venerandissimam</strong></span> <span class='ocrx_word' id='word_1_712' title='bbox 3031 5164 3290 5243; x_wconf 66' lang='lat' dir='ltr'><strong>canitipm</strong></span> <span class='ocrx_word' id='word_1_713' title='bbox 3325 5173 3505 5229; x_wconf 88' lang='lat' dir='ltr'><strong>tuam,</strong></span> <span class='ocrx_word' id='word_1_714' title='bbox 3534 5162 3633 5219; x_wconf 91' lang='lat' dir='ltr'><strong>sed</strong></span> <span class='ocrx_word' id='word_1_715' title='bbox 3674 5163 3811 5232; x_wconf 91' lang='lat' dir='ltr'><strong>quia</strong></span> 
     </span>
    </p>
   </div>
   <div class='ocr_carea' id='block_1_109' title="bbox 2214 5254 3808 5329">
    <p class='ocr_par' dir='ltr' id='par_1_109' title="bbox 2214 5254 3808 5329">
     <span class='ocr_line' id='line_1_110' title="bbox 2214 5254 3808 5329; baseline 0.001 -23"><span class='ocrx_word' id='word_1_716' title='bbox 2214 5254 2318 5307; x_wconf 85' lang='lat' dir='ltr'><strong>hoc</strong></span> <span class='ocrx_word' id='word_1_717' title='bbox 2355 5254 2534 5309; x_wconf 85' lang='lat' dir='ltr'><strong>facere</strong></span> <span class='ocrx_word' id='word_1_718' title='bbox 2568 5271 2779 5325; x_wconf 81' lang='lat' dir='ltr'><strong>nequeo</strong></span> <span class='ocrx_word' id='word_1_719' title='bbox 2804 5295 2820 5320; x_wconf 93' lang='lat'><strong>,</strong></span> <span class='ocrx_word' id='word_1_720' title='bbox 2847 5272 2914 5310; x_wconf 94' lang='lat' dir='ltr'><strong>eo</strong></span> <span class='ocrx_word' id='word_1_721' title='bbox 2952 5257 3099 5327; x_wconf 91' lang='lat' dir='ltr'><strong>quod</strong></span> <span class='ocrx_word' id='word_1_722' title='bbox 3142 5260 3405 5329; x_wconf 89' lang='lat' dir='ltr'><strong>pietatem</strong></span> <span class='ocrx_word' id='word_1_723' title='bbox 3446 5266 3598 5313; x_wconf 88' lang='lat' dir='ltr'><strong>tuam</strong></span> <span class='ocrx_word' id='word_1_724' title='bbox 3650 5254 3808 5310; x_wconf 89' lang='lat' dir='ltr'><strong>domi</strong></span> 
     </span>
    </p>
   </div>
   <div class='ocr_carea' id='block_1_110' title="bbox 2214 5348 3809 5421">
    <p class='ocr_par' dir='ltr' id='par_1_110' title="bbox 2214 5348 3809 5421">
     <span class='ocr_line' id='line_1_111' title="bbox 2214 5348 3809 5421; baseline 0 -22"><span class='ocrx_word' id='word_1_725' title='bbox 2214 5356 2469 5400; x_wconf 84' lang='lat' dir='ltr'><strong>senectus</strong></span> <span class='ocrx_word' id='word_1_726' title='bbox 2520 5348 2758 5414; x_wconf 83' lang='lat' dir='ltr'><strong>retinet;</strong></span> <span class='ocrx_word' id='word_1_727' title='bbox 2810 5364 2896 5403; x_wconf 92' lang='lat' dir='ltr'><strong>me</strong></span> <span class='ocrx_word' id='word_1_728' title='bbox 2946 5363 3080 5403; x_wconf 90' lang='lat' dir='ltr'><strong>vero</strong></span> <span class='ocrx_word' id='word_1_729' title='bbox 3140 5349 3228 5404; x_wconf 77' lang='lat' dir='ltr'><strong>lex</strong></span> <span class='ocrx_word' id='word_1_730' title='bbox 3291 5349 3439 5421; x_wconf 82' lang='lat' dir='ltr'><strong>regia</strong></span> <span class='ocrx_word' id='word_1_731' title='bbox 3491 5349 3582 5403; x_wconf 87' lang='lat' dir='ltr'><strong>hic</strong></span> <span class='ocrx_word' id='word_1_732' title='bbox 3646 5361 3809 5401; x_wconf 87' lang='lat' dir='ltr'><strong>coer-</strong></span> 
     </span>
    </p>
   </div>
   <div class='ocr_carea' id='block_1_111' title="bbox 2215 5445 2516 5501">
    <p class='ocr_par' dir='ltr' id='par_1_111' title="bbox 2215 5445 2516 5501">
     <span class='ocr_line' id='line_1_112' title="bbox 2215 5445 2516 5501; baseline 0.003 -11"><span class='ocrx_word' id='word_1_733' title='bbox 2215 5445 2323 5501; x_wconf 82' lang='lat' dir='ltr'><strong>cet,</strong></span> <span class='ocrx_word' id='word_1_734' title='bbox 2358 5456 2374 5487; x_wconf 74' lang='grc' dir='ltr'><strong><em>ι</em></strong></span> <span class='ocrx_word' id='word_1_735' title='bbox 2407 5446 2516 5491; x_wconf 89' lang='lat' dir='ltr'><strong>etc.</strong></span> 
     </span>
    </p>
   </div>
   <div class='ocr_carea' id='block_1_112' title="bbox 1864 5546 2448 5606">
    <p class='ocr_par' dir='ltr' id='par_1_112' title="bbox 1864 5546 2448 5606">
     <span class='ocr_line' id='line_1_113' title="bbox 1864 5546 2448 5606; baseline 0.003 -2"><span class='ocrx_word' id='word_1_736' title='bbox 1864 5546 2176 5605; x_wconf 85' lang='lat' dir='ltr'><strong>SCHULZII</strong></span> <span class='ocrx_word' id='word_1_737' title='bbox 2219 5550 2448 5606; x_wconf 65' lang='lat' dir='ltr'><strong>NOTIE.</strong></span> 
     </span>
    </p>
   </div>
   <div class='ocr_carea' id='block_1_113' title="bbox 532 5702 653 5761">
    <p class='ocr_par' dir='ltr' id='par_1_113' title="bbox 532 5702 653 5761">
     <span class='ocr_line' id='line_1_114' title="bbox 532 5702 653 5761; baseline -0.033 0"><span class='ocrx_word' id='word_1_738' title='bbox 532 5702 653 5761; x_wconf 81' lang='grc'><strong>187.</strong></span> 
     </span>
    </p>
   </div>
   <div class='ocr_carea' id='block_1_114' title="bbox 598 5632 3799 5720">
    <p class='ocr_par' dir='ltr' id='par_1_114' title="bbox 598 5632 3799 5720">
     <span class='ocr_line' id='line_1_115' title="bbox 598 5632 3799 5720; baseline 0.002 -28"><span class='ocrx_word' id='word_1_739' title='bbox 598 5632 645 5720; x_wconf 57' lang='lat'><strong>1‘</strong></span> <span class='ocrx_word' id='word_1_740' title='bbox 677 5633 799 5692; x_wconf 70' lang='lat' dir='ltr'><strong>Vid.</strong></span> <span class='ocrx_word' id='word_1_741' title='bbox 849 5651 1033 5708; x_wconf 85' lang='lat' dir='ltr'><strong>supra,</strong></span> <span class='ocrx_word' id='word_1_742' title='bbox 1069 5654 1188 5711; x_wconf 84' lang='lat' dir='ltr'><strong>pag.</strong></span> <span class='ocrx_word' id='word_1_743' title='bbox 1239 5639 1359 5695; x_wconf 81' lang='grc'><strong>188.</strong></span> <span class='ocrx_word' id='word_1_744' title='bbox 1435 5641 1480 5673; x_wconf 86' lang='grc'><strong>⁸⁷</strong></span> <span class='ocrx_word' id='word_1_745' title='bbox 1504 5641 1604 5696; x_wconf 87' lang='lat' dir='ltr'><strong>Ed.</strong></span> <span class='ocrx_word' id='word_1_746' title='bbox 1641 5641 1813 5711; x_wconf 87' lang='lat' dir='ltr'><strong>prior,</strong></span> <span class='ocrx_word' id='word_1_747' title='bbox 1846 5642 1899 5695; x_wconf 78' lang='lat' dir='ltr'><strong>id</strong></span> <span class='ocrx_word' id='word_1_748' title='bbox 1958 5642 2095 5712; x_wconf 81' lang='lat' dir='ltr'><strong>quod</strong></span> <span class='ocrx_word' id='word_1_749' title='bbox 2136 5644 2259 5697; x_wconf 79' lang='lat' dir='ltr'><strong>mihi</strong></span> <span class='ocrx_word' id='word_1_750' title='bbox 2296 5646 2617 5720; x_wconf 80' lang='lat' dir='ltr'><strong>propositum</strong></span> <span class='ocrx_word' id='word_1_751' title='bbox 2659 5649 2871 5701; x_wconf 84' lang='lat' dir='ltr'><strong>tandem</strong></span> <span class='ocrx_word' id='word_1_752' title='bbox 2912 5647 3109 5718; x_wconf 77' lang='lat' dir='ltr'><strong>fuerat.</strong></span> <span class='ocrx_word' id='word_1_753' title='bbox 3187 5647 3232 5680; x_wconf 78' lang='grc'>⁸⁸</span> <span class='ocrx_word' id='word_1_754' title='bbox 3278 5646 3402 5702; x_wconf 85' lang='lat' dir='ltr'><strong>Vid.</strong></span> <span class='ocrx_word' id='word_1_755' title='bbox 3449 5661 3639 5716; x_wconf 83' lang='lat' dir='ltr'><strong>supra,</strong></span> <span class='ocrx_word' id='word_1_756' title='bbox 3672 5661 3799 5719; x_wconf 73' lang='lat' dir='ltr'><strong>pag.</strong></span> 
     </span>
    </p>
   </div>
  </div>
