  <div class='ocr_page' id='page_1' title='image "/cluster/home/n/w/nwhite01/storage/ocr_20150623/84 pt.5/mdp.39015010572884/156.png"; bbox 0 0 3926 6216; ppageno 0'>
   <div class='ocr_carea' id='block_1_1' title="bbox 238 296 344 362">
    <p class='ocr_par' dir='ltr' id='par_1_1' title="bbox 238 296 344 362">
     <span class='ocr_line' id='line_1_1' title="bbox 238 296 344 362; baseline 0 0"><span class='ocrx_word' id='word_1_1' title='bbox 238 296 344 362; x_wconf 71' lang='grc'><strong>297</strong></span> 
     </span>
    </p>
   </div>
   <div class='ocr_carea' id='block_1_2' title="bbox 1408 283 2343 351">
    <p class='ocr_par' dir='ltr' id='par_1_2' title="bbox 1408 283 2343 351">
     <span class='ocr_line' id='line_1_2' title="bbox 1408 283 2343 351; baseline -0.009 0"><span class='ocrx_word' id='word_1_2' title='bbox 1408 289 1507 351; x_wconf 87' lang='lat' dir='ltr'><strong>DE</strong></span> <span class='ocrx_word' id='word_1_3' title='bbox 1544 283 1799 348; x_wconf 76' lang='lat' dir='ltr'><strong>LIBRIS</strong></span> <span class='ocrx_word' id='word_1_4' title='bbox 1834 283 2322 345; x_wconf 77' lang='lat' dir='ltr'><strong>THEODORETI</strong></span> <span class='ocrx_word' id='word_1_5' title='bbox 2332 332 2343 343; x_wconf 93' lang='lat'><strong>.</strong></span> 
     </span>
    </p>
   </div>
   <div class='ocr_carea' id='block_1_3' title="bbox 3365 292 3496 357">
    <p class='ocr_par' dir='ltr' id='par_1_3' title="bbox 3365 292 3496 357">
     <span class='ocr_line' id='line_1_3' title="bbox 3365 292 3496 357; baseline 0 0"><span class='ocrx_word' id='word_1_6' title='bbox 3365 292 3496 357; x_wconf 70' lang='grc'><strong>-298</strong></span> 
     </span>
    </p>
   </div>
   <div class='ocr_carea' id='block_1_4' title="bbox 246 394 3499 489">
    <p class='ocr_par' dir='ltr' id='par_1_4' title="bbox 246 394 3499 489">
     <span class='ocr_line' id='line_1_4' title="bbox 246 394 3499 489; baseline -0.005 -19"><span class='ocrx_word' id='word_1_7' title='bbox 246 410 481 489; x_wconf 64' lang='lat' dir='ltr'><strong>Epicteti:</strong></span> <span class='ocrx_word' id='word_1_8' title='bbox 519 409 652 476; x_wconf 70' lang='grc'><strong>128,</strong></span> <span class='ocrx_word' id='word_1_9' title='bbox 682 410 979 489; x_wconf 64' lang='lat' dir='ltr'><strong>hortatoriu</strong></span> <span class='ocrx_word' id='word_1_10' title='bbox 1022 409 1093 463; x_wconf 78' lang='lat' dir='ltr'><strong>ad</strong></span> <span class='ocrx_word' id='word_1_11' title='bbox 1117 406 1422 489; x_wconf 60' lang='lat' dir='ltr'><strong>pandidum</strong></span> <span class='ocrx_word' id='word_1_12' title='bbox 1463 400 1823 476; x_wconf 71' lang='lat' dir='ltr'><strong>presbyterum</strong></span> <span class='ocrx_word' id='word_1_13' title='bbox 1852 398 1894 456; x_wconf 78' lang='grc' dir='ltr'><strong>Α</strong></span> <span class='ocrx_word' id='word_1_14' title='bbox 1924 406 2171 489; x_wconf 56' lang='lat' dir='ltr'><strong>atrorum</strong></span> <span class='ocrx_word' id='word_1_15' title='bbox 2202 394 2502 489; x_wconf 74' lang='lat' dir='ltr'><strong>sententias</strong></span> <span class='ocrx_word' id='word_1_16' title='bbox 2525 410 2623 489; x_wconf 62' lang='lat' dir='ltr'><strong>cas</strong></span> <span class='ocrx_word' id='word_1_17' title='bbox 2667 396 2814 470; x_wconf 73' lang='lat' dir='ltr'><strong>ipsas</strong></span> <span class='ocrx_word' id='word_1_18' title='bbox 2850 412 2991 464; x_wconf 77' lang='lat' dir='ltr'><strong>esse,</strong></span> <span class='ocrx_word' id='word_1_19' title='bbox 3020 413 3142 471; x_wconf 59' lang='lat' dir='ltr'><strong>qua</strong></span> <span class='ocrx_word' id='word_1_20' title='bbox 3180 408 3234 456; x_wconf 82' lang='lat' dir='ltr'><strong>et</strong></span> <span class='ocrx_word' id='word_1_21' title='bbox 3255 408 3499 463; x_wconf 69' lang='lat' dir='ltr'><strong>secundo</strong></span> 
     </span>
    </p>
   </div>
   <div class='ocr_carea' id='block_1_5' title="bbox 729 479 1311 535">
    <p class='ocr_par' dir='ltr' id='par_1_5' title="bbox 729 479 1311 535">
     <span class='ocr_line' id='line_1_5' title="bbox 729 479 1311 535; baseline -0.009 0"><span class='ocrx_word' id='word_1_22' title='bbox 729 490 783 535; x_wconf 86' lang='lat' dir='ltr'><strong>et</strong></span> <span class='ocrx_word' id='word_1_23' title='bbox 814 479 1311 535; x_wconf 77' lang='lat' dir='ltr'><strong>archimandritam.</strong></span> 
     </span>
    </p>
   </div>
   <div class='ocr_carea' id='block_1_6' title="bbox 312 586 1818 668">
    <p class='ocr_par' dir='ltr' id='par_1_6' title="bbox 312 586 1818 668">
     <span class='ocr_line' id='line_1_6' title="bbox 312 586 1818 668; baseline -0.01 -13"><span class='ocrx_word' id='word_1_24' title='bbox 312 599 583 655; x_wconf 73' lang='lat' dir='ltr'><strong>Videntur</strong></span> <span class='ocrx_word' id='word_1_25' title='bbox 622 596 798 668; x_wconf 83' lang='lat' dir='ltr'><strong>magis</strong></span> <span class='ocrx_word' id='word_1_26' title='bbox 838 594 1071 651; x_wconf 88' lang='lat' dir='ltr'><strong>indicari</strong></span> <span class='ocrx_word' id='word_1_27' title='bbox 1116 601 1363 663; x_wconf 88' lang='lat' dir='ltr'><strong>tempora</strong></span> <span class='ocrx_word' id='word_1_28' title='bbox 1403 589 1586 661; x_wconf 81' lang='lat' dir='ltr'><strong>priora</strong></span> <span class='ocrx_word' id='word_1_29' title='bbox 1609 586 1818 659; x_wconf 81' lang='lat' dir='ltr'><strong>synodo</strong></span> 
     </span>
    </p>
   </div>
   <div class='ocr_carea' id='block_1_7' title="bbox 242 677 1821 760">
    <p class='ocr_par' dir='ltr' id='par_1_7' title="bbox 242 677 1821 760">
     <span class='ocr_line' id='line_1_7' title="bbox 242 677 1821 760; baseline -0.013 -8"><span class='ocrx_word' id='word_1_30' title='bbox 242 690 707 756; x_wconf 84' lang='lat' dir='ltr'><strong>Chaicedonensi,</strong></span> <span class='ocrx_word' id='word_1_31' title='bbox 734 704 899 760; x_wconf 91' lang='lat' dir='ltr'><strong>quam</strong></span> <span class='ocrx_word' id='word_1_32' title='bbox 940 684 1352 756; x_wconf 75' lang='lat' dir='ltr'><strong>consequentia.</strong></span> <span class='ocrx_word' id='word_1_33' title='bbox 1376 682 1512 749; x_wconf 84' lang='lat' dir='ltr'><strong>Quis</strong></span> <span class='ocrx_word' id='word_1_34' title='bbox 1552 678 1642 734; x_wconf 89' lang='lat' dir='ltr'><strong>ille</strong></span> <span class='ocrx_word' id='word_1_35' title='bbox 1677 677 1821 732; x_wconf 84' lang='lat' dir='ltr'><strong>Can-</strong></span> 
     </span>
    </p>
   </div>
   <div class='ocr_carea' id='block_1_8' title="bbox 245 770 1820 850">
    <p class='ocr_par' dir='ltr' id='par_1_8' title="bbox 245 770 1820 850">
     <span class='ocr_line' id='line_1_8' title="bbox 245 770 1820 850; baseline -0.008 -14"><span class='ocrx_word' id='word_1_36' title='bbox 245 780 409 836; x_wconf 80' lang='lat' dir='ltr'><strong>didus</strong></span> <span class='ocrx_word' id='word_1_37' title='bbox 432 779 633 843; x_wconf 87' lang='lat' dir='ltr'><strong>fuerit,</strong></span> <span class='ocrx_word' id='word_1_38' title='bbox 660 779 907 850; x_wconf 89' lang='lat' dir='ltr'><strong>ignotum</strong></span> <span class='ocrx_word' id='word_1_39' title='bbox 930 789 1015 833; x_wconf 92' lang='lat' dir='ltr'><strong>est</strong></span> <span class='ocrx_word' id='word_1_40' title='bbox 1041 794 1054 830; x_wconf 89' lang='lat'><strong>:</strong></span> <span class='ocrx_word' id='word_1_41' title='bbox 1079 777 1230 831; x_wconf 89' lang='lat' dir='ltr'><strong>hunc</strong></span> <span class='ocrx_word' id='word_1_42' title='bbox 1262 776 1517 829; x_wconf 75' lang='lat' dir='ltr'><strong>hortatur</strong></span> <span class='ocrx_word' id='word_1_43' title='bbox 1547 770 1616 826; x_wconf 86' lang='lat' dir='ltr'><strong>ad</strong></span> <span class='ocrx_word' id='word_1_44' title='bbox 1658 784 1820 825; x_wconf 84' lang='lat' dir='ltr'><strong>oran-</strong></span> 
     </span>
    </p>
   </div>
   <div class='ocr_carea' id='block_1_9' title="bbox 245 865 1554 942">
    <p class='ocr_par' dir='ltr' id='par_1_9' title="bbox 245 865 1554 942">
     <span class='ocr_line' id='line_1_9' title="bbox 245 865 1554 942; baseline -0.007 -15"><span class='ocrx_word' id='word_1_45' title='bbox 245 872 373 927; x_wconf 83' lang='lat' dir='ltr'><strong>dum</strong></span> <span class='ocrx_word' id='word_1_46' title='bbox 396 885 499 942; x_wconf 90' lang='lat' dir='ltr'><strong>pro</strong></span> <span class='ocrx_word' id='word_1_47' title='bbox 519 869 744 940; x_wconf 87' lang='lat' dir='ltr'><strong>pietatis</strong></span> <span class='ocrx_word' id='word_1_48' title='bbox 771 868 1175 931; x_wconf 82' lang='lat' dir='ltr'><strong>defensoribus,</strong></span> <span class='ocrx_word' id='word_1_49' title='bbox 1203 866 1257 923; x_wconf 92' lang='lat' dir='ltr'><strong>id</strong></span> <span class='ocrx_word' id='word_1_50' title='bbox 1289 874 1393 931; x_wconf 87' lang='lat' dir='ltr'><strong>est,</strong></span> <span class='ocrx_word' id='word_1_51' title='bbox 1420 865 1554 920; x_wconf 85' lang='lat' dir='ltr'><strong>suis.</strong></span> 
     </span>
    </p>
   </div>
   <div class='ocr_carea' id='block_1_10' title="bbox 245 976 1817 1054">
    <p class='ocr_par' dir='ltr' id='par_1_10' title="bbox 245 976 1817 1054">
     <span class='ocr_line' id='line_1_10' title="bbox 245 976 1817 1054; baseline -0.006 -15"><span class='ocrx_word' id='word_1_52' title='bbox 245 980 481 1054; x_wconf 77' lang='lat' dir='ltr'><strong>Epistula</strong></span> <span class='ocrx_word' id='word_1_53' title='bbox 525 979 1064 1054; x_wconf 30' lang='lat' dir='ltr'><strong>129,‘ea:hortatoria</strong></span> <span class='ocrx_word' id='word_1_54' title='bbox 1103 979 1174 1054; x_wconf 70' lang='lat' dir='ltr'><strong>ad</strong></span> <span class='ocrx_word' id='word_1_55' title='bbox 1211 978 1464 1054; x_wconf 71' lang='lat' dir='ltr'><strong>Magnum</strong></span> <span class='ocrx_word' id='word_1_56' title='bbox 1494 976 1817 1031; x_wconf 76' lang='lat' dir='ltr'><strong>Antoninum</strong></span> 
     </span>
    </p>
   </div>
   <div class='ocr_carea' id='block_1_11' title="bbox 546 1048 1512 1121">
    <p class='ocr_par' dir='ltr' id='par_1_11' title="bbox 546 1048 1512 1121">
     <span class='ocr_line' id='line_1_11' title="bbox 546 1048 1512 1121; baseline -0.004 -17"><span class='ocrx_word' id='word_1_57' title='bbox 546 1050 910 1121; x_wconf 69' lang='lat' dir='ltr'><strong>presbyterum</strong></span> <span class='ocrx_word' id='word_1_58' title='bbox 940 1058 990 1103; x_wconf 83' lang='lat' dir='ltr'><strong>et</strong></span> <span class='ocrx_word' id='word_1_59' title='bbox 1019 1048 1512 1104; x_wconf 78' lang='lat' dir='ltr'><strong>arcln&#39;mandritam.</strong></span> 
     </span>
    </p>
   </div>
   <div class='ocr_carea' id='block_1_12' title="bbox 305 1156 1815 1232">
    <p class='ocr_par' dir='ltr' id='par_1_12' title="bbox 305 1156 1815 1232">
     <span class='ocr_line' id='line_1_12' title="bbox 305 1156 1815 1232; baseline -0.007 -12"><span class='ocrx_word' id='word_1_60' title='bbox 305 1165 350 1220; x_wconf 91' lang='lat' dir='ltr'><strong>I.</strong></span> <span class='ocrx_word' id='word_1_61' title='bbox 378 1165 529 1221; x_wconf 86' lang='lat' dir='ltr'><strong>Idem</strong></span> <span class='ocrx_word' id='word_1_62' title='bbox 554 1162 845 1219; x_wconf 90' lang='lat' dir='ltr'><strong>ferendum</strong></span> <span class='ocrx_word' id='word_1_63' title='bbox 880 1163 946 1217; x_wconf 92' lang='lat' dir='ltr'><strong>de</strong></span> <span class='ocrx_word' id='word_1_64' title='bbox 977 1163 1080 1217; x_wconf 87' lang='lat' dir='ltr'><strong>hac</strong></span> <span class='ocrx_word' id='word_1_65' title='bbox 1104 1160 1393 1232; x_wconf 82' lang='lat' dir='ltr'><strong>judicium,</strong></span> <span class='ocrx_word' id='word_1_66' title='bbox 1428 1173 1492 1214; x_wconf 90' lang='lat' dir='ltr'><strong>ac</strong></span> <span class='ocrx_word' id='word_1_67' title='bbox 1514 1158 1583 1213; x_wconf 93' lang='lat' dir='ltr'><strong>de</strong></span> <span class='ocrx_word' id='word_1_68' title='bbox 1611 1156 1815 1228; x_wconf 81' lang='lat' dir='ltr'><strong>praece-</strong></span> 
     </span>
    </p>
   </div>
   <div class='ocr_carea' id='block_1_13' title="bbox 244 1253 1816 1327">
    <p class='ocr_par' dir='ltr' id='par_1_13' title="bbox 244 1253 1816 1327">
     <span class='ocr_line' id='line_1_13' title="bbox 244 1253 1816 1327; baseline -0.008 -10"><span class='ocrx_word' id='word_1_69' title='bbox 244 1261 423 1317; x_wconf 83' lang='lat' dir='ltr'><strong>dente.</strong></span> <span class='ocrx_word' id='word_1_70' title='bbox 456 1258 876 1316; x_wconf 77' lang='lat' dir='ltr'><strong>Observandum</strong></span> <span class='ocrx_word' id='word_1_71' title='bbox 896 1273 1051 1323; x_wconf 84' lang='lat' dir='ltr'><strong>vero,</strong></span> <span class='ocrx_word' id='word_1_72' title='bbox 1087 1264 1292 1327; x_wconf 89' lang='lat' dir='ltr'><strong>quanta</strong></span> <span class='ocrx_word' id='word_1_73' title='bbox 1314 1253 1595 1326; x_wconf 79' lang='lat' dir='ltr'><strong>diligentia</strong></span> <span class='ocrx_word' id='word_1_74' title='bbox 1623 1262 1816 1306; x_wconf 88' lang='lat' dir='ltr'><strong>mona-</strong></span> 
     </span>
    </p>
   </div>
   <div class='ocr_carea' id='block_1_14' title="bbox 244 1343 1817 1413">
    <p class='ocr_par' dir='ltr' id='par_1_14' title="bbox 244 1343 1817 1413">
     <span class='ocr_line' id='line_1_14' title="bbox 244 1343 1817 1413; baseline -0.008 -3"><span class='ocrx_word' id='word_1_75' title='bbox 244 1353 533 1410; x_wconf 86' lang='lat' dir='ltr'><strong>steriorum</strong></span> <span class='ocrx_word' id='word_1_76' title='bbox 579 1350 880 1406; x_wconf 85' lang='lat' dir='ltr'><strong>amicitiam</strong></span> <span class='ocrx_word' id='word_1_77' title='bbox 919 1348 1301 1404; x_wconf 89' lang='lat' dir='ltr'><strong>Theodoretus</strong></span> <span class='ocrx_word' id='word_1_78' title='bbox 1338 1343 1578 1411; x_wconf 86' lang='lat' dir='ltr'><strong>foveret;</strong></span> <span class='ocrx_word' id='word_1_79' title='bbox 1611 1349 1817 1413; x_wconf 86' lang='lat' dir='ltr'><strong>quanta</strong></span> 
     </span>
    </p>
   </div>
   <div class='ocr_carea' id='block_1_15' title="bbox 244 1440 1396 1499">
    <p class='ocr_par' dir='ltr' id='par_1_15' title="bbox 244 1440 1396 1499">
     <span class='ocr_line' id='line_1_15' title="bbox 244 1440 1396 1499; baseline -0.008 0"><span class='ocrx_word' id='word_1_80' title='bbox 244 1445 481 1499; x_wconf 73' lang='lat' dir='ltr'><strong>vicissim</strong></span> <span class='ocrx_word' id='word_1_81' title='bbox 516 1443 586 1496; x_wconf 89' lang='lat' dir='ltr'><strong>ab</strong></span> <span class='ocrx_word' id='word_1_82' title='bbox 624 1442 694 1496; x_wconf 93' lang='lat' dir='ltr'><strong>iis</strong></span> <span class='ocrx_word' id='word_1_83' title='bbox 720 1441 1072 1497; x_wconf 77' lang='lat' dir='ltr'><strong>observantia</strong></span> <span class='ocrx_word' id='word_1_84' title='bbox 1094 1440 1396 1499; x_wconf 76' lang='lat' dir='ltr'><strong>coleretur.</strong></span> 
     </span>
    </p>
   </div>
   <div class='ocr_carea' id='block_1_16' title="bbox 308 1526 1815 1603">
    <p class='ocr_par' dir='ltr' id='par_1_16' title="bbox 308 1526 1815 1603">
     <span class='ocr_line' id='line_1_16' title="bbox 308 1526 1815 1603; baseline -0.007 -13"><span class='ocrx_word' id='word_1_85' title='bbox 308 1536 375 1590; x_wconf 89' lang='lat' dir='ltr'><strong>II.</strong></span> <span class='ocrx_word' id='word_1_86' title='bbox 412 1534 539 1589; x_wconf 84' lang='lat' dir='ltr'><strong>Fuit</strong></span> <span class='ocrx_word' id='word_1_87' title='bbox 577 1533 667 1588; x_wconf 86' lang='lat' dir='ltr'><strong>his</strong></span> <span class='ocrx_word' id='word_1_88' title='bbox 696 1532 1037 1603; x_wconf 84' lang='lat' dir='ltr'><strong>temporibus</strong></span> <span class='ocrx_word' id='word_1_89' title='bbox 1064 1531 1299 1587; x_wconf 86' lang='lat' dir='ltr'><strong>celebris</strong></span> <span class='ocrx_word' id='word_1_90' title='bbox 1334 1528 1556 1599; x_wconf 90' lang='lat' dir='ltr'><strong>quidam</strong></span> <span class='ocrx_word' id='word_1_91' title='bbox 1582 1526 1815 1582; x_wconf 82' lang='lat' dir='ltr'><strong>Antoni-</strong></span> 
     </span>
    </p>
   </div>
   <div class='ocr_carea' id='block_1_17' title="bbox 245 1619 1818 1699">
    <p class='ocr_par' dir='ltr' id='par_1_17' title="bbox 245 1619 1818 1699">
     <span class='ocr_line' id='line_1_17' title="bbox 245 1619 1818 1699; baseline -0.008 -15"><span class='ocrx_word' id='word_1_92' title='bbox 245 1644 365 1695; x_wconf 86' lang='lat' dir='ltr'><strong>nus,</strong></span> <span class='ocrx_word' id='word_1_93' title='bbox 398 1628 555 1699; x_wconf 91' lang='lat' dir='ltr'><strong>cujus</strong></span> <span class='ocrx_word' id='word_1_94' title='bbox 579 1626 831 1681; x_wconf 88' lang='lat' dir='ltr'><strong>meminit</strong></span> <span class='ocrx_word' id='word_1_95' title='bbox 857 1633 1109 1695; x_wconf 89' lang='lat' dir='ltr'><strong>tanquam</strong></span> <span class='ocrx_word' id='word_1_96' title='bbox 1136 1622 1452 1677; x_wconf 77' lang='lat' dir='ltr'><strong>exsistentis</strong></span> <span class='ocrx_word' id='word_1_97' title='bbox 1491 1620 1633 1674; x_wconf 87' lang='lat' dir='ltr'><strong>inter</strong></span> <span class='ocrx_word' id='word_1_98' title='bbox 1664 1619 1818 1672; x_wconf 83' lang='lat' dir='ltr'><strong>vivos</strong></span> 
     </span>
    </p>
   </div>
   <div class='ocr_carea' id='block_1_18' title="bbox 1918 484 3498 563">
    <p class='ocr_par' dir='ltr' id='par_1_18' title="bbox 1918 484 3498 563">
     <span class='ocr_line' id='line_1_18' title="bbox 1918 484 3498 563; baseline 0.008 -24"><span class='ocrx_word' id='word_1_99' title='bbox 1918 484 2189 542; x_wconf 69' lang='lat' dir='ltr'><strong>Eranista</strong></span> <span class='ocrx_word' id='word_1_100' title='bbox 2212 486 2450 558; x_wconf 78' lang='lat' dir='ltr'><strong>dialogo,</strong></span> <span class='ocrx_word' id='word_1_101' title='bbox 2476 496 2535 543; x_wconf 81' lang='lat' dir='ltr'><strong>et</strong></span> <span class='ocrx_word' id='word_1_102' title='bbox 2556 487 2757 544; x_wconf 86' lang='lat' dir='ltr'><strong>litteris</strong></span> <span class='ocrx_word' id='word_1_103' title='bbox 2775 490 2949 545; x_wconf 85' lang='lat' dir='ltr'><strong>sancti</strong></span> <span class='ocrx_word' id='word_1_104' title='bbox 2970 489 3172 547; x_wconf 84' lang='lat' dir='ltr'><strong>Leonis</strong></span> <span class='ocrx_word' id='word_1_105' title='bbox 3193 493 3498 563; x_wconf 64' lang='lat' dir='ltr'><strong>subjuneta</strong></span> 
     </span>
    </p>
   </div>
   <div class='ocr_carea' id='block_1_19' title="bbox 1918 589 2069 637">
    <p class='ocr_par' dir='ltr' id='par_1_19' title="bbox 1918 589 2069 637">
     <span class='ocr_line' id='line_1_19' title="bbox 1918 589 2069 637; baseline -0.026 0"><span class='ocrx_word' id='word_1_106' title='bbox 1918 589 2069 637; x_wconf 84' lang='lat' dir='ltr'><strong>sunt.</strong></span> 
     </span>
    </p>
   </div>
   <div class='ocr_carea' id='block_1_20' title="bbox 1919 691 3498 767">
    <p class='ocr_par' dir='ltr' id='par_1_20' title="bbox 1919 691 3498 767">
     <span class='ocr_line' id='line_1_20' title="bbox 1919 691 3498 767; baseline 0.005 -22"><span class='ocrx_word' id='word_1_107' title='bbox 1919 691 2164 763; x_wconf 78' lang='lat' dir='ltr'><strong>Epistula</strong></span> <span class='ocrx_word' id='word_1_108' title='bbox 2195 692 2289 746; x_wconf 74' lang='lat' dir='ltr'><strong>I3!</strong></span> <span class='ocrx_word' id='word_1_109' title='bbox 2321 735 2334 758; x_wconf 91' lang='lat'><strong>,</strong></span> <span class='ocrx_word' id='word_1_110' title='bbox 2364 694 2726 767; x_wconf 61' lang='lat' dir='ltr'><strong>eucharistica</strong></span> <span class='ocrx_word' id='word_1_111' title='bbox 2742 695 2813 767; x_wconf 73' lang='lat' dir='ltr'><strong>ad</strong></span> <span class='ocrx_word' id='word_1_112' title='bbox 2864 694 3159 767; x_wconf 80' lang='lat' dir='ltr'><strong>Longinum</strong></span> <span class='ocrx_word' id='word_1_113' title='bbox 3198 700 3498 753; x_wconf 83' lang='lat' dir='ltr'><strong>archiman-</strong></span> 
     </span>
    </p>
   </div>
   <div class='ocr_carea' id='block_1_21' title="bbox 2446 764 2949 819">
    <p class='ocr_par' dir='ltr' id='par_1_21' title="bbox 2446 764 2949 819">
     <span class='ocr_line' id='line_1_21' title="bbox 2446 764 2949 819; baseline 0 0"><span class='ocrx_word' id='word_1_114' title='bbox 2446 765 2648 819; x_wconf 81' lang='lat' dir='ltr'><strong>dritam</strong></span> <span class='ocrx_word' id='word_1_115' title='bbox 2687 764 2949 819; x_wconf 66' lang='lat' dir='ltr'><strong>Doliches.</strong></span> 
     </span>
    </p>
   </div>
   <div class='ocr_carea' id='block_1_22' title="bbox 1992 875 3497 948">
    <p class='ocr_par' dir='ltr' id='par_1_22' title="bbox 1992 875 3497 948">
     <span class='ocr_line' id='line_1_22' title="bbox 1992 875 3497 948; baseline 0.006 -19"><span class='ocrx_word' id='word_1_116' title='bbox 1992 875 2032 929; x_wconf 93' lang='lat' dir='ltr'><strong>l.</strong></span> <span class='ocrx_word' id='word_1_117' title='bbox 2074 876 2238 932; x_wconf 79' lang='lat' dir='ltr'><strong>Missa</strong></span> <span class='ocrx_word' id='word_1_118' title='bbox 2265 885 2352 932; x_wconf 87' lang='lat' dir='ltr'><strong>est</strong></span> <span class='ocrx_word' id='word_1_119' title='bbox 2389 892 2517 932; x_wconf 91' lang='lat' dir='ltr'><strong>cum</strong></span> <span class='ocrx_word' id='word_1_120' title='bbox 2560 877 2865 948; x_wconf 82' lang='lat' dir='ltr'><strong>superiore,</strong></span> <span class='ocrx_word' id='word_1_121' title='bbox 2905 892 2973 931; x_wconf 78' lang='lat' dir='ltr'><strong>ex</strong></span> <span class='ocrx_word' id='word_1_122' title='bbox 3002 877 3196 933; x_wconf 89' lang='lat' dir='ltr'><strong>eodem</strong></span> <span class='ocrx_word' id='word_1_123' title='bbox 3237 880 3379 947; x_wconf 89' lang='lat' dir='ltr'><strong>loco,</strong></span> <span class='ocrx_word' id='word_1_124' title='bbox 3429 883 3497 938; x_wconf 86' lang='lat' dir='ltr'><strong>ad</strong></span> 
     </span>
    </p>
   </div>
   <div class='ocr_carea' id='block_1_23' title="bbox 1918 967 2494 1023">
    <p class='ocr_par' dir='ltr' id='par_1_23' title="bbox 1918 967 2494 1023">
     <span class='ocr_line' id='line_1_23' title="bbox 1918 967 2494 1023; baseline 0.002 -1"><span class='ocrx_word' id='word_1_125' title='bbox 1918 967 2169 1022; x_wconf 83' lang='lat' dir='ltr'><strong>eamdem</strong></span> <span class='ocrx_word' id='word_1_126' title='bbox 2191 968 2494 1023; x_wconf 83' lang='lat' dir='ltr'><strong>civitatem.</strong></span> 
     </span>
    </p>
   </div>
   <div class='ocr_carea' id='block_1_24' title="bbox 1989 1059 3494 1138">
    <p class='ocr_par' dir='ltr' id='par_1_24' title="bbox 1989 1059 3494 1138">
     <span class='ocr_line' id='line_1_24' title="bbox 1989 1059 3494 1138; baseline 0.009 -24"><span class='ocrx_word' id='word_1_127' title='bbox 1989 1059 2054 1115; x_wconf 85' lang='lat' dir='ltr'><strong>II.</strong></span> <span class='ocrx_word' id='word_1_128' title='bbox 2102 1060 2179 1115; x_wconf 82' lang='lat' dir='ltr'><strong>De</strong></span> <span class='ocrx_word' id='word_1_129' title='bbox 2231 1060 2479 1131; x_wconf 80' lang='lat' dir='ltr'><strong>Longino</strong></span> <span class='ocrx_word' id='word_1_130' title='bbox 2534 1062 2668 1117; x_wconf 89' lang='lat' dir='ltr'><strong>nihil</strong></span> <span class='ocrx_word' id='word_1_131' title='bbox 2697 1063 2991 1122; x_wconf 87' lang='lat' dir='ltr'><strong>admodum</strong></span> <span class='ocrx_word' id='word_1_132' title='bbox 3029 1077 3371 1138; x_wconf 90' lang='lat' dir='ltr'><strong>compertum</strong></span> <span class='ocrx_word' id='word_1_133' title='bbox 3392 1082 3494 1137; x_wconf 81' lang='lat' dir='ltr'><strong>est,</strong></span> 
     </span>
    </p>
   </div>
   <div class='ocr_carea' id='block_1_25' title="bbox 1918 1150 3499 1222">
    <p class='ocr_par' dir='ltr' id='par_1_25' title="bbox 1918 1150 3499 1222">
     <span class='ocr_line' id='line_1_25' title="bbox 1918 1150 3499 1222; baseline 0.01 -18"><span class='ocrx_word' id='word_1_134' title='bbox 1918 1150 2025 1205; x_wconf 90' lang='lat' dir='ltr'><strong>nisi</strong></span> <span class='ocrx_word' id='word_1_135' title='bbox 2045 1152 2193 1222; x_wconf 91' lang='lat' dir='ltr'><strong>quod</strong></span> <span class='ocrx_word' id='word_1_136' title='bbox 2204 1152 2272 1207; x_wconf 89' lang='lat' dir='ltr'><strong>ad</strong></span> <span class='ocrx_word' id='word_1_137' title='bbox 2287 1152 2696 1210; x_wconf 89' lang='lat' dir='ltr'><strong>Theodoretum</strong></span> <span class='ocrx_word' id='word_1_138' title='bbox 2710 1157 3067 1216; x_wconf 34' lang='lat' dir='ltr'><strong>.invisendum</strong></span> <span class='ocrx_word' id='word_1_139' title='bbox 3085 1161 3346 1219; x_wconf 88' lang='lat' dir='ltr'><strong>diaconos</strong></span> <span class='ocrx_word' id='word_1_140' title='bbox 3358 1164 3499 1221; x_wconf 85' lang='lat' dir='ltr'><strong>duos</strong></span> 
     </span>
    </p>
   </div>
   <div class='ocr_carea' id='block_1_26' title="bbox 1920 1247 3496 1319">
    <p class='ocr_par' dir='ltr' id='par_1_26' title="bbox 1920 1247 3496 1319">
     <span class='ocr_line' id='line_1_26' title="bbox 1920 1247 3496 1319; baseline 0.006 -18"><span class='ocrx_word' id='word_1_141' title='bbox 1920 1247 2155 1311; x_wconf 88' lang='lat' dir='ltr'><strong>miserit,</strong></span> <span class='ocrx_word' id='word_1_142' title='bbox 2176 1248 2436 1319; x_wconf 81' lang='lat' dir='ltr'><strong>quodque</strong></span> <span class='ocrx_word' id='word_1_143' title='bbox 2448 1248 2669 1318; x_wconf 78' lang='lat' dir='ltr'><strong>pietatis</strong></span> <span class='ocrx_word' id='word_1_144' title='bbox 2696 1250 2881 1307; x_wconf 84' lang='lat' dir='ltr'><strong>studio</strong></span> <span class='ocrx_word' id='word_1_145' title='bbox 2900 1261 2953 1307; x_wconf 83' lang='lat' dir='ltr'><strong>et</strong></span> <span class='ocrx_word' id='word_1_146' title='bbox 2972 1254 3261 1309; x_wconf 82' lang='lat' dir='ltr'><strong>sanctitate</strong></span> <span class='ocrx_word' id='word_1_147' title='bbox 3279 1270 3496 1310; x_wconf 90' lang='lat' dir='ltr'><strong>morum</strong></span> 
     </span>
    </p>
   </div>
   <div class='ocr_carea' id='block_1_27' title="bbox 1918 1338 2174 1395">
    <p class='ocr_par' dir='ltr' id='par_1_27' title="bbox 1918 1338 2174 1395">
     <span class='ocr_line' id='line_1_27' title="bbox 1918 1338 2174 1395; baseline -0.008 -1"><span class='ocrx_word' id='word_1_148' title='bbox 1918 1338 2174 1395; x_wconf 69' lang='lat' dir='ltr'><strong>eluserit.</strong></span> 
     </span>
    </p>
   </div>
   <div class='ocr_carea' id='block_1_28' title="bbox 1922 1447 3498 1531">
    <p class='ocr_par' dir='ltr' id='par_1_28' title="bbox 1922 1447 3498 1531">
     <span class='ocr_line' id='line_1_28' title="bbox 1922 1447 3498 1531; baseline 0.01 -29"><span class='ocrx_word' id='word_1_149' title='bbox 1922 1447 2163 1519; x_wconf 80' lang='lat' dir='ltr'><strong>Epistula</strong></span> <span class='ocrx_word' id='word_1_150' title='bbox 2200 1451 2323 1515; x_wconf 72' lang='lat' dir='ltr'><strong>I52,</strong></span> <span class='ocrx_word' id='word_1_151' title='bbox 2353 1452 2708 1508; x_wconf 76' lang='lat' dir='ltr'><strong>consolatoria</strong></span> <span class='ocrx_word' id='word_1_152' title='bbox 2744 1454 2815 1508; x_wconf 86' lang='lat' dir='ltr'><strong>ad</strong></span> <span class='ocrx_word' id='word_1_153' title='bbox 2856 1455 3007 1510; x_wconf 72' lang='lat' dir='ltr'><strong>Ibam</strong></span> <span class='ocrx_word' id='word_1_154' title='bbox 3044 1457 3258 1513; x_wconf 67' lang='lat' dir='ltr'><strong>Edessa</strong></span> <span class='ocrx_word' id='word_1_155' title='bbox 3302 1461 3498 1531; x_wconf 81' lang='lat' dir='ltr'><strong>episco-</strong></span> 
     </span>
    </p>
   </div>
   <div class='ocr_carea' id='block_1_29' title="bbox 2633 1541 2781 1594">
    <p class='ocr_par' dir='ltr' id='par_1_29' title="bbox 2633 1541 2781 1594">
     <span class='ocr_line' id='line_1_29' title="bbox 2633 1541 2781 1594; baseline -0.007 -15"><span class='ocrx_word' id='word_1_156' title='bbox 2633 1541 2781 1594; x_wconf 87' lang='lat' dir='ltr'><strong>pum.</strong></span> 
     </span>
    </p>
   </div>
   <div class='ocr_carea' id='block_1_30' title="bbox 1992 1631 3497 1709">
    <p class='ocr_par' dir='ltr' id='par_1_30' title="bbox 1992 1631 3497 1709">
     <span class='ocr_line' id='line_1_30' title="bbox 1992 1631 3497 1709; baseline 0.01 -23"><span class='ocrx_word' id='word_1_157' title='bbox 1992 1631 2032 1686; x_wconf 94' lang='lat' dir='ltr'><strong>I.</strong></span> <span class='ocrx_word' id='word_1_158' title='bbox 2061 1632 2142 1687; x_wconf 81' lang='lat' dir='ltr'><strong>Ex</strong></span> <span class='ocrx_word' id='word_1_159' title='bbox 2173 1632 2366 1689; x_wconf 85' lang='lat' dir='ltr'><strong>eodem</strong></span> <span class='ocrx_word' id='word_1_160' title='bbox 2412 1635 2556 1701; x_wconf 90' lang='lat' dir='ltr'><strong>loco,</strong></span> <span class='ocrx_word' id='word_1_161' title='bbox 2587 1636 2657 1692; x_wconf 87' lang='lat' dir='ltr'><strong>ad</strong></span> <span class='ocrx_word' id='word_1_162' title='bbox 2715 1638 2888 1704; x_wconf 81' lang='lat' dir='ltr'><strong>Ibam,</strong></span> <span class='ocrx_word' id='word_1_163' title='bbox 2942 1640 3062 1709; x_wconf 86' lang='lat' dir='ltr'><strong>pari</strong></span> <span class='ocrx_word' id='word_1_164' title='bbox 3116 1656 3302 1698; x_wconf 89' lang='lat' dir='ltr'><strong>secum</strong></span> <span class='ocrx_word' id='word_1_165' title='bbox 3357 1644 3497 1701; x_wconf 87' lang='lat' dir='ltr'><strong>forte</strong></span> 
     </span>
    </p>
   </div>
   <div class='ocr_carea' id='block_1_31' title="bbox 245 1711 3500 1805">
    <p class='ocr_par' dir='ltr' id='par_1_31' title="bbox 245 1711 3500 1805">
     <span class='ocr_line' id='line_1_31' title="bbox 245 1711 3500 1805; baseline 0.001 -12"><span class='ocrx_word' id='word_1_166' title='bbox 245 1719 625 1775; x_wconf 66' lang='grc' dir='ltr'><strong>Τδθοάοτθῑυε</strong></span> <span class='ocrx_word' id='word_1_167' title='bbox 657 1734 780 1789; x_wconf 68' lang='grc'><strong>0³1)-</strong></span> <span class='ocrx_word' id='word_1_168' title='bbox 810 1718 909 1772; x_wconf 64' lang='grc'><strong>251</strong></span> <span class='ocrx_word' id='word_1_169' title='bbox 956 1717 1205 1772; x_wconf 66' lang='grc' dir='ltr'><strong>Ηίθεονίατ</strong></span> <span class='ocrx_word' id='word_1_170' title='bbox 1234 1715 1491 1787; x_wconf 60' lang='lat' dir='ltr'><strong>religiosa?</strong></span> <span class='ocrx_word' id='word_1_171' title='bbox 1519 1730 1535 1767; x_wconf 86' lang='lat'><strong>-&#39;</strong></span> <span class='ocrx_word' id='word_1_172' title='bbox 1568 1712 1663 1805; x_wconf 63' lang='lat' dir='ltr'><strong>Sed</strong></span> <span class='ocrx_word' id='word_1_173' title='bbox 1689 1711 1820 1805; x_wconf 63' lang='grc' dir='ltr'><strong>δοῙίξ</strong></span> <span class='ocrx_word' id='word_1_174' title='bbox 1853 1741 1893 1795; x_wconf 76' lang='grc' dir='ltr'>Β</span> <span class='ocrx_word' id='word_1_175' title='bbox 1923 1724 2235 1793; x_wconf 89' lang='lat' dir='ltr'><strong>depositum</strong></span> <span class='ocrx_word' id='word_1_176' title='bbox 2270 1726 2328 1780; x_wconf 90' lang='lat' dir='ltr'><strong>in</strong></span> <span class='ocrx_word' id='word_1_177' title='bbox 2358 1728 2597 1783; x_wconf 90' lang='lat' dir='ltr'><strong>concilio</strong></span> <span class='ocrx_word' id='word_1_178' title='bbox 2616 1728 2867 1786; x_wconf 86' lang='lat' dir='ltr'><strong>Dioscori</strong></span> <span class='ocrx_word' id='word_1_179' title='bbox 2902 1749 2916 1785; x_wconf 89' lang='lat'><strong>:</strong></span> <span class='ocrx_word' id='word_1_180' title='bbox 2953 1742 3188 1805; x_wconf 86' lang='lat' dir='ltr'><strong>uterque</strong></span> <span class='ocrx_word' id='word_1_181' title='bbox 3213 1737 3362 1793; x_wconf 89' lang='lat' dir='ltr'><strong>enim</strong></span> <span class='ocrx_word' id='word_1_182' title='bbox 3404 1742 3500 1795; x_wconf 87' lang='lat' dir='ltr'><strong>ab-</strong></span> 
     </span>
    </p>
   </div>
   <div class='ocr_carea' id='block_1_32' title="bbox 243 1804 1815 1876">
    <p class='ocr_par' dir='ltr' id='par_1_32' title="bbox 243 1804 1815 1876">
     <span class='ocr_line' id='line_1_32' title="bbox 243 1804 1815 1876; baseline -0.007 -9"><span class='ocrx_word' id='word_1_183' title='bbox 243 1812 413 1867; x_wconf 87' lang='lat' dir='ltr'><strong>tarius</strong></span> <span class='ocrx_word' id='word_1_184' title='bbox 451 1811 623 1867; x_wconf 87' lang='lat' dir='ltr'><strong>fuisse</strong></span> <span class='ocrx_word' id='word_1_185' title='bbox 666 1811 910 1876; x_wconf 85' lang='lat' dir='ltr'><strong>videtur,</strong></span> <span class='ocrx_word' id='word_1_186' title='bbox 942 1825 1052 1865; x_wconf 88' lang='lat' dir='ltr'><strong>non</strong></span> <span class='ocrx_word' id='word_1_187' title='bbox 1090 1810 1221 1864; x_wconf 88' lang='lat' dir='ltr'><strong>item</strong></span> <span class='ocrx_word' id='word_1_188' title='bbox 1263 1804 1698 1863; x_wconf 84' lang='lat' dir='ltr'><strong>archimandrita</strong></span> <span class='ocrx_word' id='word_1_189' title='bbox 1732 1804 1815 1857; x_wconf 84' lang='lat' dir='ltr'><strong>vel</strong></span> 
     </span>
    </p>
   </div>
   <div class='ocr_carea' id='block_1_33' title="bbox 244 1896 1818 1976">
    <p class='ocr_par' dir='ltr' id='par_1_33' title="bbox 244 1896 1818 1976">
     <span class='ocr_line' id='line_1_33' title="bbox 244 1896 1818 1976; baseline -0.008 -15"><span class='ocrx_word' id='word_1_190' title='bbox 244 1905 548 1976; x_wconf 78' lang='lat' dir='ltr'><strong>presbyter,</strong></span> <span class='ocrx_word' id='word_1_191' title='bbox 588 1903 698 1959; x_wconf 87' lang='lat' dir='ltr'><strong>nisi</strong></span> <span class='ocrx_word' id='word_1_192' title='bbox 725 1901 902 1958; x_wconf 88' lang='lat' dir='ltr'><strong>factus</strong></span> <span class='ocrx_word' id='word_1_193' title='bbox 921 1903 992 1958; x_wconf 93' lang='lat' dir='ltr'><strong>sit</strong></span> <span class='ocrx_word' id='word_1_194' title='bbox 1028 1911 1152 1972; x_wconf 90' lang='lat' dir='ltr'><strong>post</strong></span> <span class='ocrx_word' id='word_1_195' title='bbox 1179 1914 1385 1957; x_wconf 83' lang='lat' dir='ltr'><strong>annum</strong></span> <span class='ocrx_word' id='word_1_196' title='bbox 1413 1899 1540 1962; x_wconf 71' lang='grc'><strong>445,</strong></span> <span class='ocrx_word' id='word_1_197' title='bbox 1575 1913 1687 1967; x_wconf 88' lang='lat' dir='ltr'><strong>quo</strong></span> <span class='ocrx_word' id='word_1_198' title='bbox 1717 1896 1818 1950; x_wconf 80' lang='lat' dir='ltr'><strong>lli-</strong></span> 
     </span>
    </p>
   </div>
   <div class='ocr_carea' id='block_1_34' title="bbox 242 1995 1135 2066">
    <p class='ocr_par' dir='ltr' id='par_1_34' title="bbox 242 1995 1135 2066">
     <span class='ocr_line' id='line_1_34' title="bbox 242 1995 1135 2066; baseline -0.004 -16"><span class='ocrx_word' id='word_1_199' title='bbox 242 1998 403 2050; x_wconf 77' lang='lat' dir='ltr'><strong>storia</strong></span> <span class='ocrx_word' id='word_1_200' title='bbox 428 1995 679 2066; x_wconf 78' lang='lat' dir='ltr'><strong>religiosa</strong></span> <span class='ocrx_word' id='word_1_201' title='bbox 700 1995 1010 2064; x_wconf 85' lang='lat' dir='ltr'><strong>composita</strong></span> <span class='ocrx_word' id='word_1_202' title='bbox 1030 2001 1135 2049; x_wconf 89' lang='lat' dir='ltr'><strong>est.</strong></span> 
     </span>
    </p>
   </div>
   <div class='ocr_carea' id='block_1_35' title="bbox 245 2107 1813 2182">
    <p class='ocr_par' dir='ltr' id='par_1_35' title="bbox 245 2107 1813 2182">
     <span class='ocr_line' id='line_1_35' title="bbox 245 2107 1813 2182; baseline -0.001 -18"><span class='ocrx_word' id='word_1_203' title='bbox 245 2108 481 2182; x_wconf 76' lang='lat' dir='ltr'><strong>Epistula</strong></span> <span class='ocrx_word' id='word_1_204' title='bbox 517 2108 641 2175; x_wconf 75' lang='lat' dir='ltr'><strong>I50,</strong></span> <span class='ocrx_word' id='word_1_205' title='bbox 667 2108 968 2180; x_wconf 82' lang='lat' dir='ltr'><strong>dogmatica</strong></span> <span class='ocrx_word' id='word_1_206' title='bbox 1009 2107 1078 2161; x_wconf 85' lang='lat' dir='ltr'><strong>ad</strong></span> <span class='ocrx_word' id='word_1_207' title='bbox 1123 2107 1447 2163; x_wconf 80' lang='lat' dir='ltr'><strong>Timotheum</strong></span> <span class='ocrx_word' id='word_1_208' title='bbox 1493 2109 1813 2179; x_wconf 79' lang='lat' dir='ltr'><strong>episcOpum.</strong></span> 
     </span>
    </p>
   </div>
   <div class='ocr_carea' id='block_1_36' title="bbox 306 2219 1817 2295">
    <p class='ocr_par' dir='ltr' id='par_1_36' title="bbox 306 2219 1817 2295">
     <span class='ocr_line' id='line_1_36' title="bbox 306 2219 1817 2295; baseline -0.005 -15"><span class='ocrx_word' id='word_1_209' title='bbox 306 2224 351 2280; x_wconf 93' lang='lat' dir='ltr'><strong>I.</strong></span> <span class='ocrx_word' id='word_1_210' title='bbox 384 2223 597 2295; x_wconf 86' lang='lat' dir='ltr'><strong>Scripta</strong></span> <span class='ocrx_word' id='word_1_211' title='bbox 637 2237 785 2277; x_wconf 89' lang='lat' dir='ltr'><strong>anno</strong></span> <span class='ocrx_word' id='word_1_212' title='bbox 806 2221 909 2277; x_wconf 76' lang='grc'><strong>450</strong></span> <span class='ocrx_word' id='word_1_213' title='bbox 932 2236 996 2275; x_wconf 82' lang='lat' dir='ltr'><strong>ex</strong></span> <span class='ocrx_word' id='word_1_214' title='bbox 1035 2221 1157 2275; x_wconf 89' lang='lat' dir='ltr'><strong>loco</strong></span> <span class='ocrx_word' id='word_1_215' title='bbox 1180 2219 1380 2284; x_wconf 84' lang='lat' dir='ltr'><strong>exsilii,</strong></span> <span class='ocrx_word' id='word_1_216' title='bbox 1414 2219 1468 2274; x_wconf 90' lang='lat' dir='ltr'><strong>id</strong></span> <span class='ocrx_word' id='word_1_217' title='bbox 1499 2227 1605 2284; x_wconf 87' lang='lat' dir='ltr'><strong>est,</strong></span> <span class='ocrx_word' id='word_1_218' title='bbox 1636 2235 1667 2274; x_wconf 92' lang='lat' dir='ltr'><strong>e</strong></span> <span class='ocrx_word' id='word_1_219' title='bbox 1697 2234 1817 2273; x_wconf 89' lang='lat' dir='ltr'><strong>mo-</strong></span> 
     </span>
    </p>
   </div>
   <div class='ocr_carea' id='block_1_37' title="bbox 246 2310 1816 2381">
    <p class='ocr_par' dir='ltr' id='par_1_37' title="bbox 246 2310 1816 2381">
     <span class='ocr_line' id='line_1_37' title="bbox 246 2310 1816 2381; baseline -0.006 -9"><span class='ocrx_word' id='word_1_220' title='bbox 246 2316 477 2372; x_wconf 89' lang='lat' dir='ltr'><strong>nasterio</strong></span> <span class='ocrx_word' id='word_1_221' title='bbox 506 2315 688 2369; x_wconf 88' lang='lat' dir='ltr'><strong>tribus</strong></span> <span class='ocrx_word' id='word_1_222' title='bbox 728 2312 1055 2368; x_wconf 89' lang='lat' dir='ltr'><strong>milliaribus</strong></span> <span class='ocrx_word' id='word_1_223' title='bbox 1081 2311 1318 2366; x_wconf 86' lang='lat' dir='ltr'><strong>distante</strong></span> <span class='ocrx_word' id='word_1_224' title='bbox 1346 2327 1375 2365; x_wconf 93' lang='lat' dir='ltr'><strong>a</strong></span> <span class='ocrx_word' id='word_1_225' title='bbox 1409 2311 1631 2366; x_wconf 76' lang='lat' dir='ltr'><strong>civitate</strong></span> <span class='ocrx_word' id='word_1_226' title='bbox 1671 2310 1816 2381; x_wconf 84' lang='lat' dir='ltr'><strong>Apa-</strong></span> 
     </span>
    </p>
   </div>
   <div class='ocr_carea' id='block_1_38' title="bbox 247 2423 418 2463">
    <p class='ocr_par' dir='ltr' id='par_1_38' title="bbox 247 2423 418 2463">
     <span class='ocr_line' id='line_1_38' title="bbox 247 2423 418 2463; baseline -0.006 -1"><span class='ocrx_word' id='word_1_227' title='bbox 247 2423 418 2463; x_wconf 88' lang='lat' dir='ltr'><strong>mena.</strong></span> 
     </span>
    </p>
   </div>
   <div class='ocr_carea' id='block_1_39' title="bbox 309 2493 1817 2567">
    <p class='ocr_par' dir='ltr' id='par_1_39' title="bbox 309 2493 1817 2567">
     <span class='ocr_line' id='line_1_39' title="bbox 309 2493 1817 2567; baseline -0.007 -11"><span class='ocrx_word' id='word_1_228' title='bbox 309 2501 375 2556; x_wconf 88' lang='lat' dir='ltr'><strong>II.</strong></span> <span class='ocrx_word' id='word_1_229' title='bbox 414 2499 740 2555; x_wconf 85' lang='lat' dir='ltr'><strong>Timotheus</strong></span> <span class='ocrx_word' id='word_1_230' title='bbox 781 2498 872 2554; x_wconf 90' lang='lat' dir='ltr'><strong>ille</strong></span> <span class='ocrx_word' id='word_1_231' title='bbox 906 2495 1011 2552; x_wconf 85' lang='lat' dir='ltr'><strong>fuit</strong></span> <span class='ocrx_word' id='word_1_232' title='bbox 1036 2496 1328 2567; x_wconf 89' lang='lat' dir='ltr'><strong>episcopus</strong></span> <span class='ocrx_word' id='word_1_233' title='bbox 1366 2493 1623 2549; x_wconf 89' lang='lat' dir='ltr'><strong>Doliches</strong></span> <span class='ocrx_word' id='word_1_234' title='bbox 1651 2512 1662 2546; x_wconf 95' lang='lat'><strong>:</strong></span> <span class='ocrx_word' id='word_1_235' title='bbox 1696 2507 1817 2563; x_wconf 63' lang='lat' dir='ltr'><strong>quae</strong></span> 
     </span>
    </p>
   </div>
   <div class='ocr_carea' id='block_1_40' title="bbox 248 2582 1814 2661">
    <p class='ocr_par' dir='ltr' id='par_1_40' title="bbox 248 2582 1814 2661">
     <span class='ocr_line' id='line_1_40' title="bbox 248 2582 1814 2661; baseline -0.006 -14"><span class='ocrx_word' id='word_1_236' title='bbox 248 2592 429 2647; x_wconf 82' lang='lat' dir='ltr'><strong>civitas</strong></span> <span class='ocrx_word' id='word_1_237' title='bbox 454 2592 510 2646; x_wconf 93' lang='lat' dir='ltr'><strong>in</strong></span> <span class='ocrx_word' id='word_1_238' title='bbox 541 2589 906 2661; x_wconf 85' lang='lat' dir='ltr'><strong>Euphratesia</strong></span> <span class='ocrx_word' id='word_1_239' title='bbox 929 2587 1231 2659; x_wconf 83' lang='lat' dir='ltr'><strong>provincia,</strong></span> <span class='ocrx_word' id='word_1_240' title='bbox 1262 2600 1373 2640; x_wconf 88' lang='lat' dir='ltr'><strong>non</strong></span> <span class='ocrx_word' id='word_1_241' title='bbox 1403 2583 1596 2655; x_wconf 86' lang='lat' dir='ltr'><strong>procul</strong></span> <span class='ocrx_word' id='word_1_242' title='bbox 1622 2599 1652 2637; x_wconf 93' lang='lat' dir='ltr'><strong>a</strong></span> <span class='ocrx_word' id='word_1_243' title='bbox 1675 2582 1814 2638; x_wconf 84' lang='lat' dir='ltr'><strong>civi-</strong></span> 
     </span>
    </p>
   </div>
   <div class='ocr_carea' id='block_1_41' title="bbox 252 2676 1815 2759">
    <p class='ocr_par' dir='ltr' id='par_1_41' title="bbox 252 2676 1815 2759">
     <span class='ocr_line' id='line_1_41' title="bbox 252 2676 1815 2759; baseline -0.006 -17"><span class='ocrx_word' id='word_1_244' title='bbox 252 2697 352 2742; x_wconf 87' lang='lat' dir='ltr'><strong>tate</strong></span> <span class='ocrx_word' id='word_1_245' title='bbox 384 2686 526 2759; x_wconf 78' lang='lat' dir='ltr'><strong>Cyro</strong></span> <span class='ocrx_word' id='word_1_246' title='bbox 546 2726 560 2750; x_wconf 92' lang='lat'><strong>,</strong></span> <span class='ocrx_word' id='word_1_247' title='bbox 590 2685 693 2740; x_wconf 89' lang='lat' dir='ltr'><strong>sub</strong></span> <span class='ocrx_word' id='word_1_248' title='bbox 725 2684 919 2739; x_wconf 90' lang='lat' dir='ltr'><strong>eadem</strong></span> <span class='ocrx_word' id='word_1_249' title='bbox 953 2680 1245 2753; x_wconf 90' lang='lat' dir='ltr'><strong>metropoli</strong></span> <span class='ocrx_word' id='word_1_250' title='bbox 1271 2721 1286 2747; x_wconf 91' lang='lat'><strong>,</strong></span> <span class='ocrx_word' id='word_1_251' title='bbox 1321 2679 1586 2735; x_wconf 89' lang='lat' dir='ltr'><strong>nimirum</strong></span> <span class='ocrx_word' id='word_1_252' title='bbox 1618 2676 1815 2733; x_wconf 83' lang='lat' dir='ltr'><strong>Hiera-</strong></span> 
     </span>
    </p>
   </div>
   <div class='ocr_carea' id='block_1_42' title="bbox 253 2772 1391 2851">
    <p class='ocr_par' dir='ltr' id='par_1_42' title="bbox 253 2772 1391 2851">
     <span class='ocr_line' id='line_1_42' title="bbox 253 2772 1391 2851; baseline -0.008 -17"><span class='ocrx_word' id='word_1_253' title='bbox 253 2780 373 2851; x_wconf 91' lang='lat' dir='ltr'><strong>poli.</strong></span> <span class='ocrx_word' id='word_1_254' title='bbox 394 2777 652 2834; x_wconf 90' lang='lat' dir='ltr'><strong>Interfuit</strong></span> <span class='ocrx_word' id='word_1_255' title='bbox 676 2775 914 2832; x_wconf 88' lang='lat' dir='ltr'><strong>concilio</strong></span> <span class='ocrx_word' id='word_1_256' title='bbox 936 2772 1391 2831; x_wconf 88' lang='lat' dir='ltr'><strong>Chalcedonensi.</strong></span> 
     </span>
    </p>
   </div>
   <div class='ocr_carea' id='block_1_43' title="bbox 312 2860 1816 2934">
    <p class='ocr_par' dir='ltr' id='par_1_43' title="bbox 312 2860 1816 2934">
     <span class='ocr_line' id='line_1_43' title="bbox 312 2860 1816 2934; baseline -0.006 -8"><span class='ocrx_word' id='word_1_257' title='bbox 312 2871 395 2927; x_wconf 90' lang='lat' dir='ltr'><strong>III.</strong></span> <span class='ocrx_word' id='word_1_258' title='bbox 422 2871 667 2926; x_wconf 86' lang='lat' dir='ltr'><strong>Petierat</strong></span> <span class='ocrx_word' id='word_1_259' title='bbox 687 2910 702 2934; x_wconf 90' lang='lat'><strong>,</strong></span> <span class='ocrx_word' id='word_1_260' title='bbox 727 2880 789 2923; x_wconf 91' lang='lat' dir='ltr'><strong>ut</strong></span> <span class='ocrx_word' id='word_1_261' title='bbox 817 2867 1045 2922; x_wconf 86' lang='lat' dir='ltr'><strong>ardebat</strong></span> <span class='ocrx_word' id='word_1_262' title='bbox 1069 2864 1253 2920; x_wconf 89' lang='lat' dir='ltr'><strong>studio</strong></span> <span class='ocrx_word' id='word_1_263' title='bbox 1277 2860 1608 2918; x_wconf 77' lang='lat' dir='ltr'><strong>defendendi</strong></span> <span class='ocrx_word' id='word_1_264' title='bbox 1633 2871 1816 2932; x_wconf 84' lang='lat' dir='ltr'><strong>partes</strong></span> 
     </span>
    </p>
   </div>
   <div class='ocr_carea' id='block_1_44' title="bbox 250 2953 1813 3033">
    <p class='ocr_par' dir='ltr' id='par_1_44' title="bbox 250 2953 1813 3033">
     <span class='ocr_line' id='line_1_44' title="bbox 250 2953 1813 3033; baseline -0.008 -14"><span class='ocrx_word' id='word_1_265' title='bbox 250 2962 612 3027; x_wconf 87' lang='lat' dir='ltr'><strong>Theodoreti,</strong></span> <span class='ocrx_word' id='word_1_266' title='bbox 654 2977 790 3033; x_wconf 91' lang='lat' dir='ltr'><strong>quas</strong></span> <span class='ocrx_word' id='word_1_267' title='bbox 823 2960 1046 3015; x_wconf 90' lang='lat' dir='ltr'><strong>nomine</strong></span> <span class='ocrx_word' id='word_1_268' title='bbox 1092 2955 1314 3028; x_wconf 89' lang='lat' dir='ltr'><strong>pietatis</strong></span> <span class='ocrx_word' id='word_1_269' title='bbox 1354 2956 1620 3020; x_wconf 88' lang='lat' dir='ltr'><strong>vocabat,</strong></span> <span class='ocrx_word' id='word_1_270' title='bbox 1646 2953 1813 3009; x_wconf 87' lang='lat' dir='ltr'><strong>scribi</strong></span> 
     </span>
    </p>
   </div>
   <div class='ocr_carea' id='block_1_45' title="bbox 249 3046 1815 3127">
    <p class='ocr_par' dir='ltr' id='par_1_45' title="bbox 249 3046 1815 3127">
     <span class='ocr_line' id='line_1_45' title="bbox 249 3046 1815 3127; baseline -0.008 -16"><span class='ocrx_word' id='word_1_271' title='bbox 249 3056 380 3122; x_wconf 85' lang='lat' dir='ltr'><strong>sibi,</strong></span> <span class='ocrx_word' id='word_1_272' title='bbox 428 3072 680 3127; x_wconf 67' lang='lat' dir='ltr'><strong>quianam</strong></span> <span class='ocrx_word' id='word_1_273' title='bbox 728 3052 792 3107; x_wconf 84' lang='lat' dir='ltr'><strong>de</strong></span> <span class='ocrx_word' id='word_1_274' title='bbox 830 3052 1058 3108; x_wconf 80' lang='lat' dir='ltr'><strong>salutari</strong></span> <span class='ocrx_word' id='word_1_275' title='bbox 1110 3050 1351 3123; x_wconf 76' lang='lat' dir='ltr'><strong>passione</strong></span> <span class='ocrx_word' id='word_1_276' title='bbox 1403 3050 1691 3120; x_wconf 68' lang='lat' dir='ltr'><strong>praedicare</strong></span> <span class='ocrx_word' id='word_1_277' title='bbox 1733 3046 1815 3100; x_wconf 83' lang='lat' dir='ltr'><strong>vel</strong></span> 
     </span>
    </p>
   </div>
   <div class='ocr_carea' id='block_1_46' title="bbox 247 3139 1812 3221">
    <p class='ocr_par' dir='ltr' id='par_1_46' title="bbox 247 3139 1812 3221">
     <span class='ocr_line' id='line_1_46' title="bbox 247 3139 1812 3221; baseline -0.008 -16"><span class='ocrx_word' id='word_1_278' title='bbox 247 3152 427 3205; x_wconf 79' lang='lat' dir='ltr'><strong>sentire</strong></span> <span class='ocrx_word' id='word_1_279' title='bbox 464 3154 727 3221; x_wconf 88' lang='lat' dir='ltr'><strong>aporteat.</strong></span> <span class='ocrx_word' id='word_1_280' title='bbox 763 3145 895 3201; x_wconf 87' lang='lat' dir='ltr'><strong>Erat</strong></span> <span class='ocrx_word' id='word_1_281' title='bbox 920 3145 1068 3200; x_wconf 87' lang='lat' dir='ltr'><strong>enim</strong></span> <span class='ocrx_word' id='word_1_282' title='bbox 1110 3152 1241 3198; x_wconf 90' lang='lat' dir='ltr'><strong>tunc</strong></span> <span class='ocrx_word' id='word_1_283' title='bbox 1269 3141 1533 3212; x_wconf 90' lang='lat' dir='ltr'><strong>temporis</strong></span> <span class='ocrx_word' id='word_1_284' title='bbox 1555 3156 1619 3195; x_wconf 90' lang='lat' dir='ltr'><strong>ea</strong></span> <span class='ocrx_word' id='word_1_285' title='bbox 1657 3139 1812 3210; x_wconf 90' lang='lat' dir='ltr'><strong>quasi</strong></span> 
     </span>
    </p>
   </div>
   <div class='ocr_carea' id='block_1_47' title="bbox 248 3231 1814 3310">
    <p class='ocr_par' dir='ltr' id='par_1_47' title="bbox 248 3231 1814 3310">
     <span class='ocr_line' id='line_1_47' title="bbox 248 3231 1814 3310; baseline -0.01 -12"><span class='ocrx_word' id='word_1_286' title='bbox 248 3257 449 3298; x_wconf 87' lang='lat' dir='ltr'><strong>summa</strong></span> <span class='ocrx_word' id='word_1_287' title='bbox 476 3239 871 3310; x_wconf 86' lang='lat' dir='ltr'><strong>disputationis</strong></span> <span class='ocrx_word' id='word_1_288' title='bbox 888 3279 902 3301; x_wconf 96' lang='lat'><strong>,</strong></span> <span class='ocrx_word' id='word_1_289' title='bbox 924 3236 1267 3306; x_wconf 85' lang='lat' dir='ltr'><strong>formulaque</strong></span> <span class='ocrx_word' id='word_1_290' title='bbox 1300 3233 1464 3305; x_wconf 58' lang='lat'><strong>359</strong></span> <span class='ocrx_word' id='word_1_291' title='bbox 1492 3231 1653 3294; x_wconf 85' lang='lat' dir='ltr'><strong>fidei,</strong></span> <span class='ocrx_word' id='word_1_292' title='bbox 1675 3231 1814 3284; x_wconf 79' lang='lat' dir='ltr'><strong>Deus</strong></span> 
     </span>
    </p>
   </div>
   <div class='ocr_carea' id='block_1_48' title="bbox 247 3322 1814 3403">
    <p class='ocr_par' dir='ltr' id='par_1_48' title="bbox 247 3322 1814 3403">
     <span class='ocr_line' id='line_1_48' title="bbox 247 3322 1814 3403; baseline -0.008 -16"><span class='ocrx_word' id='word_1_293' title='bbox 247 3349 438 3403; x_wconf 83' lang='lat' dir='ltr'><strong>passus.</strong></span> <span class='ocrx_word' id='word_1_294' title='bbox 479 3329 762 3385; x_wconf 81' lang='lat' dir='ltr'><strong>Rcscribit</strong></span> <span class='ocrx_word' id='word_1_295' title='bbox 803 3328 1185 3383; x_wconf 87' lang='lat' dir='ltr'><strong>Theodoretus</strong></span> <span class='ocrx_word' id='word_1_296' title='bbox 1208 3366 1223 3390; x_wconf 92' lang='lat'><strong>,</strong></span> <span class='ocrx_word' id='word_1_297' title='bbox 1255 3325 1332 3380; x_wconf 86' lang='lat' dir='ltr'><strong>ita</strong></span> <span class='ocrx_word' id='word_1_298' title='bbox 1370 3332 1433 3379; x_wconf 89' lang='lat' dir='ltr'><strong>ut</strong></span> <span class='ocrx_word' id='word_1_299' title='bbox 1465 3338 1531 3377; x_wconf 79' lang='lat' dir='ltr'><strong>ex</strong></span> <span class='ocrx_word' id='word_1_300' title='bbox 1562 3322 1814 3377; x_wconf 85' lang='lat' dir='ltr'><strong>Eranista</strong></span> 
     </span>
    </p>
   </div>
   <div class='ocr_carea' id='block_1_49' title="bbox 245 3410 1813 3495">
    <p class='ocr_par' dir='ltr' id='par_1_49' title="bbox 245 3410 1813 3495">
     <span class='ocr_line' id='line_1_49' title="bbox 245 3410 1813 3495; baseline -0.01 -16"><span class='ocrx_word' id='word_1_301' title='bbox 245 3438 485 3495; x_wconf 87' lang='lat' dir='ltr'><strong>magnam</strong></span> <span class='ocrx_word' id='word_1_302' title='bbox 527 3422 732 3491; x_wconf 81' lang='lat' dir='ltr'><strong>dialogi</strong></span> <span class='ocrx_word' id='word_1_303' title='bbox 773 3418 1002 3476; x_wconf 90' lang='lat' dir='ltr'><strong>secundi</strong></span> <span class='ocrx_word' id='word_1_304' title='bbox 1052 3425 1262 3487; x_wconf 90' lang='lat' dir='ltr'><strong>partem</strong></span> <span class='ocrx_word' id='word_1_305' title='bbox 1321 3414 1379 3470; x_wconf 90' lang='lat' dir='ltr'><strong>in</strong></span> <span class='ocrx_word' id='word_1_306' title='bbox 1425 3410 1813 3483; x_wconf 87' lang='lat' dir='ltr'><strong>compendium</strong></span> 
     </span>
    </p>
   </div>
   <div class='ocr_carea' id='block_1_50' title="bbox 246 3513 548 3567">
    <p class='ocr_par' dir='ltr' id='par_1_50' title="bbox 246 3513 548 3567">
     <span class='ocr_line' id='line_1_50' title="bbox 246 3513 548 3567; baseline -0.007 0"><span class='ocrx_word' id='word_1_307' title='bbox 246 3513 548 3567; x_wconf 82' lang='lat' dir='ltr'><strong>contrahat.</strong></span> 
     </span>
    </p>
   </div>
   <div class='ocr_carea' id='block_1_51' title="bbox 309 3591 1814 3668">
    <p class='ocr_par' dir='ltr' id='par_1_51' title="bbox 309 3591 1814 3668">
     <span class='ocr_line' id='line_1_51' title="bbox 309 3591 1814 3668; baseline -0.01 -9"><span class='ocrx_word' id='word_1_308' title='bbox 309 3600 779 3659; x_wconf 80' lang='lat' dir='ltr'><strong>IV.0bservanda</strong></span> <span class='ocrx_word' id='word_1_309' title='bbox 841 3597 1030 3662; x_wconf 90' lang='lat' dir='ltr'><strong>verba,</strong></span> <span class='ocrx_word' id='word_1_310' title='bbox 1083 3596 1287 3668; x_wconf 88' lang='lat' dir='ltr'><strong>quibus</strong></span> <span class='ocrx_word' id='word_1_311' title='bbox 1330 3610 1471 3665; x_wconf 90' lang='lat' dir='ltr'><strong>pene</strong></span> <span class='ocrx_word' id='word_1_312' title='bbox 1538 3591 1814 3649; x_wconf 88' lang='lat' dir='ltr'><strong>clauditur</strong></span> 
     </span>
    </p>
   </div>
   <div class='ocr_carea' id='block_1_52' title="bbox 248 3684 1814 3765">
    <p class='ocr_par' dir='ltr' id='par_1_52' title="bbox 248 3684 1814 3765">
     <span class='ocr_line' id='line_1_52' title="bbox 248 3684 1814 3765; baseline -0.008 -15"><span class='ocrx_word' id='word_1_313' title='bbox 248 3694 468 3765; x_wconf 86' lang='lat' dir='ltr'><strong>cpistola</strong></span> <span class='ocrx_word' id='word_1_314' title='bbox 500 3711 514 3747; x_wconf 91' lang='lat'><strong>:</strong></span> <span class='ocrx_word' id='word_1_315' title='bbox 549 3712 568 3744; x_wconf 71' lang='grc' dir='ltr'>ι</span> <span class='ocrx_word' id='word_1_316' title='bbox 609 3693 717 3747; x_wconf 90' lang='lat' dir='ltr'><strong>Ista</strong></span> <span class='ocrx_word' id='word_1_317' title='bbox 742 3706 842 3763; x_wconf 92' lang='lat' dir='ltr'><strong>ego</strong></span> <span class='ocrx_word' id='word_1_318' title='bbox 871 3706 1019 3745; x_wconf 89' lang='lat' dir='ltr'><strong>nunc</strong></span> <span class='ocrx_word' id='word_1_319' title='bbox 1050 3687 1378 3758; x_wconf 90' lang='lat' dir='ltr'><strong>compendio</strong></span> <span class='ocrx_word' id='word_1_320' title='bbox 1427 3686 1665 3751; x_wconf 90' lang='lat' dir='ltr'><strong>dictavi;</strong></span> <span class='ocrx_word' id='word_1_321' title='bbox 1690 3684 1814 3738; x_wconf 85' lang='lat' dir='ltr'><strong>misi</strong></span> 
     </span>
    </p>
   </div>
   <div class='ocr_carea' id='block_1_53' title="bbox 249 3776 1814 3854">
    <p class='ocr_par' dir='ltr' id='par_1_53' title="bbox 249 3776 1814 3854">
     <span class='ocr_line' id='line_1_53' title="bbox 249 3776 1814 3854; baseline -0.007 -13"><span class='ocrx_word' id='word_1_322' title='bbox 249 3795 441 3852; x_wconf 82' lang='lat' dir='ltr'><strong>autem,</strong></span> <span class='ocrx_word' id='word_1_323' title='bbox 456 3794 512 3840; x_wconf 90' lang='lat' dir='ltr'><strong>et</strong></span> <span class='ocrx_word' id='word_1_324' title='bbox 528 3798 697 3854; x_wconf 91' lang='lat' dir='ltr'><strong>quam</strong></span> <span class='ocrx_word' id='word_1_325' title='bbox 720 3798 901 3852; x_wconf 86' lang='lat' dir='ltr'><strong>nuper</strong></span> <span class='ocrx_word' id='word_1_326' title='bbox 923 3782 1252 3851; x_wconf 89' lang='lat' dir='ltr'><strong>scripseram</strong></span> <span class='ocrx_word' id='word_1_327' title='bbox 1274 3780 1493 3834; x_wconf 88' lang='lat' dir='ltr'><strong>hortatu</strong></span> <span class='ocrx_word' id='word_1_328' title='bbox 1513 3776 1814 3848; x_wconf 87' lang='lat' dir='ltr'><strong>religiosis-</strong></span> 
     </span>
    </p>
   </div>
   <div class='ocr_carea' id='block_1_54' title="bbox 251 3870 1812 3945">
    <p class='ocr_par' dir='ltr' id='par_1_54' title="bbox 251 3870 1812 3945">
     <span class='ocr_line' id='line_1_54' title="bbox 251 3870 1812 3945; baseline -0.006 -14"><span class='ocrx_word' id='word_1_329' title='bbox 251 3876 363 3931; x_wconf 85' lang='lat' dir='ltr'><strong>simi</strong></span> <span class='ocrx_word' id='word_1_330' title='bbox 385 3875 830 3945; x_wconf 87' lang='lat' dir='ltr'><strong>sanctissimique</strong></span> <span class='ocrx_word' id='word_1_331' title='bbox 854 3873 1095 3928; x_wconf 89' lang='lat' dir='ltr'><strong>hominis</strong></span> <span class='ocrx_word' id='word_1_332' title='bbox 1139 3873 1234 3927; x_wconf 90' lang='lat' dir='ltr'><strong>Dei</strong></span> <span class='ocrx_word' id='word_1_333' title='bbox 1268 3870 1557 3927; x_wconf 89' lang='lat' dir='ltr'><strong>Domini...</strong></span> <span class='ocrx_word' id='word_1_334' title='bbox 1587 3870 1812 3924; x_wconf 84' lang='lat' dir='ltr'><strong>brevem</strong></span> 
     </span>
    </p>
   </div>
   <div class='ocr_carea' id='block_1_55' title="bbox 250 3961 1815 4037">
    <p class='ocr_par' dir='ltr' id='par_1_55' title="bbox 250 3961 1815 4037">
     <span class='ocr_line' id='line_1_55' title="bbox 250 3961 1815 4037; baseline -0.004 -16"><span class='ocrx_word' id='word_1_335' title='bbox 250 3967 667 4033; x_wconf 76' lang='lat' dir='ltr'><strong>institutionem,</strong></span> <span class='ocrx_word' id='word_1_336' title='bbox 697 3983 819 4037; x_wconf 71' lang='lat' dir='ltr'><strong>quae</strong></span> <span class='ocrx_word' id='word_1_337' title='bbox 864 3974 921 4022; x_wconf 90' lang='lat' dir='ltr'><strong>et</strong></span> <span class='ocrx_word' id='word_1_338' title='bbox 959 3968 1075 4037; x_wconf 89' lang='lat' dir='ltr'><strong>ipsa</strong></span> <span class='ocrx_word' id='word_1_339' title='bbox 1130 3964 1364 4021; x_wconf 80' lang='lat' dir='ltr'><strong>sufficiat</strong></span> <span class='ocrx_word' id='word_1_340' title='bbox 1410 3964 1478 4019; x_wconf 92' lang='lat' dir='ltr'><strong>ad</strong></span> <span class='ocrx_word' id='word_1_341' title='bbox 1509 3961 1815 4017; x_wconf 89' lang='lat' dir='ltr'><strong>docendam</strong></span> 
     </span>
    </p>
   </div>
   <div class='ocr_carea' id='block_1_56' title="bbox 249 4052 1819 4129">
    <p class='ocr_par' dir='ltr' id='par_1_56' title="bbox 249 4052 1819 4129">
     <span class='ocr_line' id='line_1_56' title="bbox 249 4052 1819 4129; baseline -0.006 -16"><span class='ocrx_word' id='word_1_342' title='bbox 249 4059 666 4129; x_wconf 85' lang='lat' dir='ltr'><strong>apostolicorum</strong></span> <span class='ocrx_word' id='word_1_343' title='bbox 715 4058 1031 4129; x_wconf 86' lang='lat' dir='ltr'><strong>dogmatum</strong></span> <span class='ocrx_word' id='word_1_344' title='bbox 1062 4058 1374 4113; x_wconf 84' lang='lat' dir='ltr'><strong>veritatem.</strong></span> <span class='ocrx_word' id='word_1_345' title='bbox 1406 4054 1562 4122; x_wconf 89' lang='lat' dir='ltr'><strong>Quod</strong></span> <span class='ocrx_word' id='word_1_346' title='bbox 1594 4054 1637 4109; x_wconf 91' lang='lat' dir='ltr'><strong>si</strong></span> <span class='ocrx_word' id='word_1_347' title='bbox 1667 4052 1819 4107; x_wconf 84' lang='lat' dir='ltr'><strong>calli-</strong></span> 
     </span>
    </p>
   </div>
   <div class='ocr_carea' id='block_1_57' title="bbox 247 4141 1816 4222">
    <p class='ocr_par' dir='ltr' id='par_1_57' title="bbox 247 4141 1816 4222">
     <span class='ocr_line' id='line_1_57' title="bbox 247 4141 1816 4222; baseline -0.007 -16"><span class='ocrx_word' id='word_1_348' title='bbox 247 4151 505 4222; x_wconf 80' lang='lat' dir='ltr'><strong>graphum</strong></span> <span class='ocrx_word' id='word_1_349' title='bbox 532 4158 729 4205; x_wconf 88' lang='lat' dir='ltr'><strong>nactus</strong></span> <span class='ocrx_word' id='word_1_350' title='bbox 762 4149 940 4215; x_wconf 87' lang='lat' dir='ltr'><strong>fuero,</strong></span> <span class='ocrx_word' id='word_1_351' title='bbox 985 4149 1199 4203; x_wconf 89' lang='lat' dir='ltr'><strong>mittam</strong></span> <span class='ocrx_word' id='word_1_352' title='bbox 1244 4145 1520 4203; x_wconf 88' lang='lat' dir='ltr'><strong>sanctitati</strong></span> <span class='ocrx_word' id='word_1_353' title='bbox 1577 4154 1682 4199; x_wconf 69' lang='lat' dir='ltr'><strong>tua:</strong></span> <span class='ocrx_word' id='word_1_354' title='bbox 1725 4141 1816 4196; x_wconf 92' lang='lat' dir='ltr'><strong>illa</strong></span> 
     </span>
    </p>
   </div>
   <div class='ocr_carea' id='block_1_58' title="bbox 247 4241 1819 4315">
    <p class='ocr_par' dir='ltr' id='par_1_58' title="bbox 247 4241 1819 4315">
     <span class='ocr_line' id='line_1_58' title="bbox 247 4241 1819 4315; baseline -0.003 -17"><span class='ocrx_word' id='word_1_355' title='bbox 247 4247 423 4309; x_wconf 83' lang='lat' dir='ltr'><strong>etiam,</strong></span> <span class='ocrx_word' id='word_1_356' title='bbox 449 4258 575 4314; x_wconf 65' lang='lat' dir='ltr'><strong>quae</strong></span> <span class='ocrx_word' id='word_1_357' title='bbox 610 4243 813 4315; x_wconf 80' lang='lat' dir='ltr'><strong>dialogi</strong></span> <span class='ocrx_word' id='word_1_358' title='bbox 845 4258 996 4298; x_wconf 91' lang='lat' dir='ltr'><strong>more</strong></span> <span class='ocrx_word' id='word_1_359' title='bbox 1058 4257 1157 4313; x_wconf 90' lang='lat' dir='ltr'><strong>per</strong></span> <span class='ocrx_word' id='word_1_360' title='bbox 1199 4241 1683 4312; x_wconf 81' lang='lat' dir='ltr'><strong>interrogationem</strong></span> <span class='ocrx_word' id='word_1_361' title='bbox 1763 4248 1819 4293; x_wconf 90' lang='lat' dir='ltr'><strong>et</strong></span> 
     </span>
    </p>
   </div>
   <div class='ocr_carea' id='block_1_59' title="bbox 247 4332 1815 4406">
    <p class='ocr_par' dir='ltr' id='par_1_59' title="bbox 247 4332 1815 4406">
     <span class='ocr_line' id='line_1_59' title="bbox 247 4332 1815 4406; baseline -0.001 -17"><span class='ocrx_word' id='word_1_362' title='bbox 247 4334 655 4406; x_wconf 85' lang='lat' dir='ltr'><strong>responsionem</strong></span> <span class='ocrx_word' id='word_1_363' title='bbox 694 4333 1018 4404; x_wconf 88' lang='lat' dir='ltr'><strong>conscripsi,</strong></span> <span class='ocrx_word' id='word_1_364' title='bbox 1062 4332 1368 4387; x_wconf 90' lang='lat' dir='ltr'><strong>orationem</strong></span> <span class='ocrx_word' id='word_1_365' title='bbox 1419 4333 1637 4403; x_wconf 81' lang='lat' dir='ltr'><strong>longius</strong></span> <span class='ocrx_word' id='word_1_366' title='bbox 1685 4348 1815 4404; x_wconf 88' lang='lat' dir='ltr'><strong>pro-</strong></span> 
     </span>
    </p>
   </div>
   <div class='ocr_carea' id='block_1_60' title="bbox 1921 1813 3496 1898">
    <p class='ocr_par' dir='ltr' id='par_1_60' title="bbox 1921 1813 3496 1898">
     <span class='ocr_line' id='line_1_60' title="bbox 1921 1813 3496 1898; baseline 0.012 -31"><span class='ocrx_word' id='word_1_367' title='bbox 1921 1828 2048 1869; x_wconf 89' lang='lat' dir='ltr'><strong>sens</strong></span> <span class='ocrx_word' id='word_1_368' title='bbox 2082 1813 2377 1871; x_wconf 80' lang='lat' dir='ltr'><strong>damnatus</strong></span> <span class='ocrx_word' id='word_1_369' title='bbox 2411 1826 2516 1882; x_wconf 84' lang='lat' dir='ltr'><strong>est,</strong></span> <span class='ocrx_word' id='word_1_370' title='bbox 2542 1832 2668 1873; x_wconf 88' lang='lat' dir='ltr'><strong>cum</strong></span> <span class='ocrx_word' id='word_1_371' title='bbox 2697 1820 3076 1879; x_wconf 84' lang='lat' dir='ltr'><strong>Theodoretus</strong></span> <span class='ocrx_word' id='word_1_372' title='bbox 3104 1825 3252 1898; x_wconf 81' lang='lat' dir='ltr'><strong>Cyri,</strong></span> <span class='ocrx_word' id='word_1_373' title='bbox 3287 1829 3410 1885; x_wconf 88' lang='lat' dir='ltr'><strong>Ibas</strong></span> <span class='ocrx_word' id='word_1_374' title='bbox 3440 1832 3496 1886; x_wconf 90' lang='lat' dir='ltr'><strong>in</strong></span> 
     </span>
    </p>
   </div>
   <div class='ocr_carea' id='block_1_61' title="bbox 1918 1905 3496 1984">
    <p class='ocr_par' dir='ltr' id='par_1_61' title="bbox 1918 1905 3496 1984">
     <span class='ocr_line' id='line_1_61' title="bbox 1918 1905 3496 1984; baseline 0.011 -26"><span class='ocrx_word' id='word_1_375' title='bbox 1918 1905 2113 1960; x_wconf 77' lang='lat' dir='ltr'><strong>exsilio</strong></span> <span class='ocrx_word' id='word_1_376' title='bbox 2135 1915 2494 1962; x_wconf 72' lang='lat' dir='ltr'><strong>versaretur:</strong></span> <span class='ocrx_word' id='word_1_377' title='bbox 2538 1909 2629 1965; x_wconf 87' lang='lat' dir='ltr'><strong>ille</strong></span> <span class='ocrx_word' id='word_1_378' title='bbox 2665 1910 3019 1981; x_wconf 86' lang='lat' dir='ltr'><strong>imperatoris</strong></span> <span class='ocrx_word' id='word_1_379' title='bbox 3060 1917 3339 1984; x_wconf 85' lang='lat' dir='ltr'><strong>mandato,</strong></span> <span class='ocrx_word' id='word_1_380' title='bbox 3392 1920 3496 1976; x_wconf 84' lang='lat' dir='ltr'><strong>iste</strong></span> 
     </span>
    </p>
   </div>
   <div class='ocr_carea' id='block_1_62' title="bbox 1920 1997 2875 2072">
    <p class='ocr_par' dir='ltr' id='par_1_62' title="bbox 1920 1997 2875 2072">
     <span class='ocr_line' id='line_1_62' title="bbox 1920 1997 2875 2072; baseline 0.008 -21"><span class='ocrx_word' id='word_1_381' title='bbox 1920 1997 2185 2069; x_wconf 83' lang='lat' dir='ltr'><strong>Eutychis</strong></span> <span class='ocrx_word' id='word_1_382' title='bbox 2209 2008 2267 2055; x_wconf 89' lang='lat' dir='ltr'><strong>et</strong></span> <span class='ocrx_word' id='word_1_383' title='bbox 2286 1998 2613 2072; x_wconf 79' lang='lat' dir='ltr'><strong>Chrysaphii</strong></span> <span class='ocrx_word' id='word_1_384' title='bbox 2639 2004 2875 2059; x_wconf 85' lang='lat' dir='ltr'><strong>artibus.</strong></span> 
     </span>
    </p>
   </div>
   <div class='ocr_carea' id='block_1_63' title="bbox 1989 2091 3494 2161">
    <p class='ocr_par' dir='ltr' id='par_1_63' title="bbox 1989 2091 3494 2161">
     <span class='ocr_line' id='line_1_63' title="bbox 1989 2091 3494 2161; baseline 0.01 -17"><span class='ocrx_word' id='word_1_385' title='bbox 1989 2091 2057 2145; x_wconf 86' lang='lat' dir='ltr'><strong>II.</strong></span> <span class='ocrx_word' id='word_1_386' title='bbox 2113 2091 2362 2147; x_wconf 77' lang='lat' dir='ltr'><strong>Videnda</strong></span> <span class='ocrx_word' id='word_1_387' title='bbox 2404 2107 2563 2149; x_wconf 62' lang='lat' dir='ltr'><strong>nonat</strong></span> <span class='ocrx_word' id='word_1_388' title='bbox 2610 2102 2667 2150; x_wconf 91' lang='lat' dir='ltr'><strong>et</strong></span> <span class='ocrx_word' id='word_1_389' title='bbox 2719 2096 2948 2154; x_wconf 72' lang='lat' dir='ltr'><strong>decima:</strong></span> <span class='ocrx_word' id='word_1_390' title='bbox 2997 2101 3234 2158; x_wconf 86' lang='lat' dir='ltr'><strong>actionis</strong></span> <span class='ocrx_word' id='word_1_391' title='bbox 3272 2105 3494 2161; x_wconf 90' lang='lat' dir='ltr'><strong>concilii</strong></span> 
     </span>
    </p>
   </div>
   <div class='ocr_carea' id='block_1_64' title="bbox 1916 2180 3496 2255">
    <p class='ocr_par' dir='ltr' id='par_1_64' title="bbox 1916 2180 3496 2255">
     <span class='ocr_line' id='line_1_64' title="bbox 1916 2180 3496 2255; baseline 0.009 -19"><span class='ocrx_word' id='word_1_392' title='bbox 1916 2180 2383 2240; x_wconf 85' lang='lat' dir='ltr'><strong>Chalcedonensis</strong></span> <span class='ocrx_word' id='word_1_393' title='bbox 2414 2186 2570 2243; x_wconf 81' lang='lat' dir='ltr'><strong>Acta.</strong></span> <span class='ocrx_word' id='word_1_394' title='bbox 2597 2186 2802 2255; x_wconf 83' lang='lat' dir='ltr'><strong>quibus</strong></span> <span class='ocrx_word' id='word_1_395' title='bbox 2848 2192 3164 2248; x_wconf 85' lang='lat' dir='ltr'><strong>continetur</strong></span> <span class='ocrx_word' id='word_1_396' title='bbox 3191 2203 3303 2251; x_wconf 86' lang='lat' dir='ltr'><strong>tota</strong></span> <span class='ocrx_word' id='word_1_397' title='bbox 3355 2197 3496 2251; x_wconf 76' lang='grc' dir='ltr'><strong>κατὰ</strong></span> 
     </span>
    </p>
   </div>
   <div class='ocr_carea' id='block_1_65' title="bbox 1921 2276 2442 2346">
    <p class='ocr_par' dir='ltr' id='par_1_65' title="bbox 1921 2276 2442 2346">
     <span class='ocr_line' id='line_1_65' title="bbox 1921 2276 2442 2346; baseline 0.008 -19"><span class='ocrx_word' id='word_1_398' title='bbox 1921 2276 2088 2346; x_wconf 80' lang='grc' dir='ltr'><strong>μέρος</strong></span> <span class='ocrx_word' id='word_1_399' title='bbox 2121 2276 2229 2332; x_wconf 60' lang='lat' dir='ltr'><strong>Iba;</strong></span> <span class='ocrx_word' id='word_1_400' title='bbox 2258 2292 2442 2331; x_wconf 89' lang='lat' dir='ltr'><strong>causa.</strong></span> 
     </span>
    </p>
   </div>
   <div class='ocr_carea' id='block_1_66' title="bbox 1917 2387 3497 2480">
    <p class='ocr_par' dir='ltr' id='par_1_66' title="bbox 1917 2387 3497 2480">
     <span class='ocr_line' id='line_1_66' title="bbox 1917 2387 3497 2480; baseline 0.011 -38"><span class='ocrx_word' id='word_1_401' title='bbox 1917 2387 2160 2460; x_wconf 81' lang='lat' dir='ltr'><strong>Epistola</strong></span> <span class='ocrx_word' id='word_1_402' title='bbox 2192 2391 2314 2453; x_wconf 78' lang='grc'><strong>155,</strong></span> <span class='ocrx_word' id='word_1_403' title='bbox 2372 2392 2661 2480; x_wconf 61' lang='lat' dir='ltr'><strong>familiaris</strong></span> <span class='ocrx_word' id='word_1_404' title='bbox 2702 2397 2774 2451; x_wconf 85' lang='lat' dir='ltr'><strong>ad</strong></span> <span class='ocrx_word' id='word_1_405' title='bbox 2829 2397 3090 2453; x_wconf 77' lang='lat' dir='ltr'><strong>Joannem</strong></span> <span class='ocrx_word' id='word_1_406' title='bbox 3150 2401 3497 2459; x_wconf 73' lang='lat' dir='ltr'><strong>Germanicitc</strong></span> 
     </span>
    </p>
   </div>
   <div class='ocr_carea' id='block_1_67' title="bbox 2540 2482 2860 2537">
    <p class='ocr_par' dir='ltr' id='par_1_67' title="bbox 2540 2482 2860 2537">
     <span class='ocr_line' id='line_1_67' title="bbox 2540 2482 2860 2537; baseline 0.009 -19"><span class='ocrx_word' id='word_1_407' title='bbox 2540 2482 2860 2537; x_wconf 66' lang='lat' dir='ltr'><strong>episcopum.</strong></span> 
     </span>
    </p>
   </div>
   <div class='ocr_carea' id='block_1_68' title="bbox 1986 2571 2932 2634">
    <p class='ocr_par' dir='ltr' id='par_1_68' title="bbox 1986 2571 2932 2634">
     <span class='ocr_line' id='line_1_68' title="bbox 1986 2571 2932 2634; baseline 0.008 -8"><span class='ocrx_word' id='word_1_408' title='bbox 1986 2571 2028 2627; x_wconf 93' lang='lat' dir='ltr'><strong>I.</strong></span> <span class='ocrx_word' id='word_1_409' title='bbox 2070 2572 2204 2629; x_wconf 86' lang='lat' dir='ltr'><strong>Data</strong></span> <span class='ocrx_word' id='word_1_410' title='bbox 2226 2583 2309 2629; x_wconf 88' lang='lat' dir='ltr'><strong>est</strong></span> <span class='ocrx_word' id='word_1_411' title='bbox 2332 2577 2436 2631; x_wconf 91' lang='lat' dir='ltr'><strong>sub</strong></span> <span class='ocrx_word' id='word_1_412' title='bbox 2460 2575 2625 2632; x_wconf 85' lang='lat' dir='ltr'><strong>finem</strong></span> <span class='ocrx_word' id='word_1_413' title='bbox 2650 2578 2777 2632; x_wconf 88' lang='lat' dir='ltr'><strong>anni</strong></span> <span class='ocrx_word' id='word_1_414' title='bbox 2806 2579 2932 2634; x_wconf 70' lang='lat' dir='ltr'><strong>H9.</strong></span> 
     </span>
    </p>
   </div>
   <div class='ocr_carea' id='block_1_69' title="bbox 1988 2665 3494 2731">
    <p class='ocr_par' dir='ltr' id='par_1_69' title="bbox 1988 2665 3494 2731">
     <span class='ocr_line' id='line_1_69' title="bbox 1988 2665 3494 2731; baseline 0.007 -10"><span class='ocrx_word' id='word_1_415' title='bbox 1988 2665 2409 2722; x_wconf 84' lang='lat' dir='ltr'><strong>II.lnvitaverat</strong></span> <span class='ocrx_word' id='word_1_416' title='bbox 2439 2667 2849 2725; x_wconf 88' lang='lat' dir='ltr'><strong>Theodoretum</strong></span> <span class='ocrx_word' id='word_1_417' title='bbox 2898 2671 3142 2731; x_wconf 84' lang='lat' dir='ltr'><strong>Joannes</strong></span> <span class='ocrx_word' id='word_1_418' title='bbox 3204 2674 3494 2731; x_wconf 83' lang='lat' dir='ltr'><strong>Germani-</strong></span> 
     </span>
    </p>
   </div>
   <div class='ocr_carea' id='block_1_70' title="bbox 1917 2757 3495 2841">
    <p class='ocr_par' dir='ltr' id='par_1_70' title="bbox 1917 2757 3495 2841">
     <span class='ocr_line' id='line_1_70' title="bbox 1917 2757 3495 2841; baseline 0.008 -29"><span class='ocrx_word' id='word_1_419' title='bbox 1917 2757 2081 2823; x_wconf 89' lang='lat' dir='ltr'><strong>ciam,</strong></span> <span class='ocrx_word' id='word_1_420' title='bbox 2107 2760 2260 2813; x_wconf 86' lang='lat' dir='ltr'><strong>velut</strong></span> <span class='ocrx_word' id='word_1_421' title='bbox 2293 2760 2348 2813; x_wconf 91' lang='lat' dir='ltr'><strong>in</strong></span> <span class='ocrx_word' id='word_1_422' title='bbox 2378 2759 2559 2814; x_wconf 90' lang='lat' dir='ltr'><strong>locum</strong></span> <span class='ocrx_word' id='word_1_423' title='bbox 2596 2760 2815 2833; x_wconf 87' lang='lat' dir='ltr'><strong>refugii,</strong></span> <span class='ocrx_word' id='word_1_424' title='bbox 2837 2778 2960 2818; x_wconf 89' lang='lat' dir='ltr'><strong>eum</strong></span> <span class='ocrx_word' id='word_1_425' title='bbox 2994 2766 3363 2836; x_wconf 79' lang='lat' dir='ltr'><strong>expelleretur</strong></span> <span class='ocrx_word' id='word_1_426' title='bbox 3393 2768 3495 2841; x_wconf 77' lang='lat' dir='ltr'><strong>Cy-</strong></span> 
     </span>
    </p>
   </div>
   <div class='ocr_carea' id='block_1_71' title="bbox 1918 2850 3493 2928">
    <p class='ocr_par' dir='ltr' id='par_1_71' title="bbox 1918 2850 3493 2928">
     <span class='ocr_line' id='line_1_71' title="bbox 1918 2850 3493 2928; baseline 0.008 -25"><span class='ocrx_word' id='word_1_427' title='bbox 1918 2864 1979 2904; x_wconf 91' lang='lat' dir='ltr'><strong>ro</strong></span> <span class='ocrx_word' id='word_1_428' title='bbox 2003 2866 2017 2916; x_wconf 88' lang='lat'><strong>;</strong></span> <span class='ocrx_word' id='word_1_429' title='bbox 2053 2851 2142 2905; x_wconf 89' lang='lat' dir='ltr'><strong>ille</strong></span> <span class='ocrx_word' id='word_1_430' title='bbox 2169 2852 2307 2906; x_wconf 88' lang='lat' dir='ltr'><strong>actis</strong></span> <span class='ocrx_word' id='word_1_431' title='bbox 2331 2850 2524 2923; x_wconf 88' lang='lat' dir='ltr'><strong>gratiis</strong></span> <span class='ocrx_word' id='word_1_432' title='bbox 2548 2853 2854 2909; x_wconf 89' lang='lat' dir='ltr'><strong>rescribite</strong></span> <span class='ocrx_word' id='word_1_433' title='bbox 2876 2853 3102 2928; x_wconf 81' lang='lat' dir='ltr'><strong>Cyrensi</strong></span> <span class='ocrx_word' id='word_1_434' title='bbox 3125 2859 3283 2923; x_wconf 89' lang='lat' dir='ltr'><strong>urbe,</strong></span> <span class='ocrx_word' id='word_1_435' title='bbox 3313 2875 3370 2915; x_wconf 92' lang='lat' dir='ltr'><strong>se</strong></span> <span class='ocrx_word' id='word_1_436' title='bbox 3396 2875 3493 2915; x_wconf 80' lang='lat' dir='ltr'><strong>ex-</strong></span> 
     </span>
    </p>
   </div>
   <div class='ocr_carea' id='block_1_72' title="bbox 1915 2944 3495 3018">
    <p class='ocr_par' dir='ltr' id='par_1_72' title="bbox 1915 2944 3495 3018">
     <span class='ocr_line' id='line_1_72' title="bbox 1915 2944 3495 3018; baseline 0.007 -23"><span class='ocrx_word' id='word_1_437' title='bbox 1915 2949 2162 3013; x_wconf 86' lang='lat' dir='ltr'><strong>spectare</strong></span> <span class='ocrx_word' id='word_1_438' title='bbox 2182 2952 2514 3013; x_wconf 72' lang='lat' dir='ltr'><strong>prmceptum</strong></span> <span class='ocrx_word' id='word_1_439' title='bbox 2537 2944 2883 3014; x_wconf 86' lang='lat' dir='ltr'><strong>imperatoris</strong></span> <span class='ocrx_word' id='word_1_440' title='bbox 2919 2947 2987 3001; x_wconf 92' lang='lat' dir='ltr'><strong>de</strong></span> <span class='ocrx_word' id='word_1_441' title='bbox 3025 2949 3145 3004; x_wconf 89' lang='lat' dir='ltr'><strong>loco</strong></span> <span class='ocrx_word' id='word_1_442' title='bbox 3176 2950 3386 3018; x_wconf 83' lang='lat' dir='ltr'><strong>exsilii;</strong></span> <span class='ocrx_word' id='word_1_443' title='bbox 3439 2952 3495 3006; x_wconf 89' lang='lat' dir='ltr'><strong>id</strong></span> 
     </span>
    </p>
   </div>
   <div class='ocr_carea' id='block_1_73' title="bbox 1918 3034 3495 3110">
    <p class='ocr_par' dir='ltr' id='par_1_73' title="bbox 1918 3034 3495 3110">
     <span class='ocr_line' id='line_1_73' title="bbox 1918 3034 3495 3110; baseline 0.006 -22"><span class='ocrx_word' id='word_1_444' title='bbox 1918 3034 2064 3088; x_wconf 92' lang='lat' dir='ltr'><strong>enim</strong></span> <span class='ocrx_word' id='word_1_445' title='bbox 2094 3034 2299 3089; x_wconf 90' lang='lat' dir='ltr'><strong>litteris</strong></span> <span class='ocrx_word' id='word_1_446' title='bbox 2321 3035 2387 3090; x_wconf 91' lang='lat' dir='ltr'><strong>ad</strong></span> <span class='ocrx_word' id='word_1_447' title='bbox 2416 3035 2725 3091; x_wconf 87' lang='lat' dir='ltr'><strong>Anatolium</strong></span> <span class='ocrx_word' id='word_1_448' title='bbox 2754 3038 2895 3093; x_wconf 89' lang='lat' dir='ltr'><strong>datis</strong></span> <span class='ocrx_word' id='word_1_449' title='bbox 2950 3041 3253 3110; x_wconf 80' lang='lat' dir='ltr'><strong>expetierat</strong></span> <span class='ocrx_word' id='word_1_450' title='bbox 3285 3059 3299 3095; x_wconf 92' lang='lat'><strong>:</strong></span> <span class='ocrx_word' id='word_1_451' title='bbox 3341 3061 3360 3095; x_wconf 87' lang='grc'><em>‹</em></span> <span class='ocrx_word' id='word_1_452' title='bbox 3416 3043 3495 3097; x_wconf 89' lang='lat' dir='ltr'><strong>De</strong></span> 
     </span>
    </p>
   </div>
   <div class='ocr_carea' id='block_1_74' title="bbox 1919 3125 3491 3202">
    <p class='ocr_par' dir='ltr' id='par_1_74' title="bbox 1919 3125 3491 3202">
     <span class='ocr_line' id='line_1_74' title="bbox 1919 3125 3491 3202; baseline 0.007 -24"><span class='ocrx_word' id='word_1_453' title='bbox 1919 3133 2107 3180; x_wconf 89' lang='lat' dir='ltr'><strong>nostra</strong></span> <span class='ocrx_word' id='word_1_454' title='bbox 2168 3125 2349 3180; x_wconf 90' lang='lat' dir='ltr'><strong>isthuc</strong></span> <span class='ocrx_word' id='word_1_455' title='bbox 2401 3126 2741 3196; x_wconf 86' lang='lat' dir='ltr'><strong>profectione</strong></span> <span class='ocrx_word' id='word_1_456' title='bbox 2772 3129 3017 3183; x_wconf 87' lang='lat' dir='ltr'><strong>scribere</strong></span> <span class='ocrx_word' id='word_1_457' title='bbox 3066 3129 3205 3185; x_wconf 88' lang='lat' dir='ltr'><strong>nihil</strong></span> <span class='ocrx_word' id='word_1_458' title='bbox 3246 3147 3491 3202; x_wconf 89' lang='lat' dir='ltr'><strong>possum,</strong></span> 
     </span>
    </p>
   </div>
   <div class='ocr_carea' id='block_1_75' title="bbox 1917 3215 3496 3294">
    <p class='ocr_par' dir='ltr' id='par_1_75' title="bbox 1917 3215 3496 3294">
     <span class='ocr_line' id='line_1_75' title="bbox 1917 3215 3496 3294; baseline 0.006 -25"><span class='ocrx_word' id='word_1_459' title='bbox 1917 3215 2241 3288; x_wconf 87' lang='lat' dir='ltr'><strong>priusquam</strong></span> <span class='ocrx_word' id='word_1_460' title='bbox 2290 3232 2641 3288; x_wconf 84' lang='lat' dir='ltr'><strong>cognoscam,</strong></span> <span class='ocrx_word' id='word_1_461' title='bbox 2699 3217 2830 3288; x_wconf 89' lang='lat' dir='ltr'><strong>quid</strong></span> <span class='ocrx_word' id='word_1_462' title='bbox 2871 3219 2939 3273; x_wconf 92' lang='lat' dir='ltr'><strong>de</strong></span> <span class='ocrx_word' id='word_1_463' title='bbox 2990 3221 3150 3275; x_wconf 90' lang='lat' dir='ltr'><strong>nobis</strong></span> <span class='ocrx_word' id='word_1_464' title='bbox 3171 3225 3496 3294; x_wconf 69' lang='lat' dir='ltr'><strong>praeceperit</strong></span> 
     </span>
    </p>
   </div>
   <div class='ocr_carea' id='block_1_76' title="bbox 1916 3307 2608 3378">
    <p class='ocr_par' dir='ltr' id='par_1_76' title="bbox 1916 3307 2608 3378">
     <span class='ocr_line' id='line_1_76' title="bbox 1916 3307 2608 3378; baseline 0 -18"><span class='ocrx_word' id='word_1_465' title='bbox 1916 3307 2197 3378; x_wconf 89' lang='lat' dir='ltr'><strong>piissimus</strong></span> <span class='ocrx_word' id='word_1_466' title='bbox 2238 3308 2556 3378; x_wconf 85' lang='lat' dir='ltr'><strong>imperator.</strong></span> <span class='ocrx_word' id='word_1_467' title='bbox 2591 3327 2608 3360; x_wconf 73' lang='grc' dir='ltr'><strong><em>ι</em></strong></span> 
     </span>
    </p>
   </div>
   <div class='ocr_carea' id='block_1_77' title="bbox 1986 3398 3493 3469">
    <p class='ocr_par' dir='ltr' id='par_1_77' title="bbox 1986 3398 3493 3469">
     <span class='ocr_line' id='line_1_77' title="bbox 1986 3398 3493 3469; baseline 0.001 -13"><span class='ocrx_word' id='word_1_468' title='bbox 1986 3398 2150 3469; x_wconf 82' lang='lat'><strong>350</strong></span> <span class='ocrx_word' id='word_1_469' title='bbox 2180 3398 2271 3453; x_wconf 90' lang='lat' dir='ltr'><strong>Ill.</strong></span> <span class='ocrx_word' id='word_1_470' title='bbox 2303 3398 2479 3469; x_wconf 81' lang='lat' dir='ltr'><strong>llujus</strong></span> <span class='ocrx_word' id='word_1_471' title='bbox 2510 3398 2754 3469; x_wconf 55' lang='lat' dir='ltr'><strong>epistolas</strong></span> <span class='ocrx_word' id='word_1_472' title='bbox 2775 3400 3113 3456; x_wconf 88' lang='lat' dir='ltr'><strong>mentionem</strong></span> <span class='ocrx_word' id='word_1_473' title='bbox 3143 3400 3274 3457; x_wconf 81' lang='lat' dir='ltr'><strong>facit</strong></span> <span class='ocrx_word' id='word_1_474' title='bbox 3327 3402 3382 3456; x_wconf 87' lang='lat' dir='ltr'><strong>in</strong></span> <span class='ocrx_word' id='word_1_475' title='bbox 3410 3404 3493 3458; x_wconf 86' lang='lat' dir='ltr'><strong>al-</strong></span> 
     </span>
    </p>
   </div>
   <div class='ocr_carea' id='block_1_78' title="bbox 1918 3490 3496 3563">
    <p class='ocr_par' dir='ltr' id='par_1_78' title="bbox 1918 3490 3496 3563">
     <span class='ocr_line' id='line_1_78' title="bbox 1918 3490 3496 3563; baseline 0.004 -19"><span class='ocrx_word' id='word_1_476' title='bbox 1918 3498 2037 3544; x_wconf 87' lang='lat' dir='ltr'><strong>tera</strong></span> <span class='ocrx_word' id='word_1_477' title='bbox 2073 3492 2235 3561; x_wconf 89' lang='lat' dir='ltr'><strong>paulo</strong></span> <span class='ocrx_word' id='word_1_478' title='bbox 2261 3499 2384 3561; x_wconf 90' lang='lat' dir='ltr'><strong>post</strong></span> <span class='ocrx_word' id='word_1_479' title='bbox 2408 3491 2533 3546; x_wconf 89' lang='lat' dir='ltr'><strong>data</strong></span> <span class='ocrx_word' id='word_1_480' title='bbox 2567 3490 2614 3523; x_wconf 82' lang='grc'><strong>⁸⁹</strong></span> <span class='ocrx_word' id='word_1_481' title='bbox 2649 3509 2663 3545; x_wconf 91' lang='lat'><strong>:</strong></span> <span class='ocrx_word' id='word_1_482' title='bbox 2727 3510 2746 3543; x_wconf 72' lang='grc' dir='ltr'><strong><em>ι</em></strong></span> <span class='ocrx_word' id='word_1_483' title='bbox 2805 3491 2889 3546; x_wconf 85' lang='lat' dir='ltr'><strong>Ad</strong></span> <span class='ocrx_word' id='word_1_484' title='bbox 2936 3492 3150 3563; x_wconf 89' lang='lat' dir='ltr'><strong>priores</strong></span> <span class='ocrx_word' id='word_1_485' title='bbox 3187 3497 3496 3551; x_wconf 86' lang='lat' dir='ltr'><strong>sanctitatis</strong></span> 
     </span>
    </p>
   </div>
   <div class='ocr_carea' id='block_1_79' title="bbox 1919 3579 3495 3655">
    <p class='ocr_par' dir='ltr' id='par_1_79' title="bbox 1919 3579 3495 3655">
     <span class='ocr_line' id='line_1_79' title="bbox 1919 3579 3495 3655; baseline 0.004 -22"><span class='ocrx_word' id='word_1_486' title='bbox 1919 3586 2027 3635; x_wconf 65' lang='lat' dir='ltr'><strong>tuae</strong></span> <span class='ocrx_word' id='word_1_487' title='bbox 2064 3579 2276 3635; x_wconf 84' lang='lat' dir='ltr'><strong>litteras</strong></span> <span class='ocrx_word' id='word_1_488' title='bbox 2335 3579 2618 3650; x_wconf 87' lang='lat' dir='ltr'><strong>rescripsi,</strong></span> <span class='ocrx_word' id='word_1_489' title='bbox 2684 3596 2814 3636; x_wconf 89' lang='lat' dir='ltr'><strong>cum</strong></span> <span class='ocrx_word' id='word_1_490' title='bbox 2859 3581 3100 3651; x_wconf 89' lang='lat' dir='ltr'><strong>primum</strong></span> <span class='ocrx_word' id='word_1_491' title='bbox 3162 3587 3389 3655; x_wconf 85' lang='lat' dir='ltr'><strong>accepi;</strong></span> <span class='ocrx_word' id='word_1_492' title='bbox 3425 3583 3495 3640; x_wconf 88' lang='lat' dir='ltr'><strong>de</strong></span> 
     </span>
    </p>
   </div>
   <div class='ocr_carea' id='block_1_80' title="bbox 1917 3673 2590 3742">
    <p class='ocr_par' dir='ltr' id='par_1_80' title="bbox 1917 3673 2590 3742">
     <span class='ocr_line' id='line_1_80' title="bbox 1917 3673 2590 3742; baseline -0.001 -15"><span class='ocrx_word' id='word_1_493' title='bbox 1917 3673 2173 3742; x_wconf 67' lang='lat' dir='ltr'><strong>praesenti</strong></span> <span class='ocrx_word' id='word_1_494' title='bbox 2195 3680 2455 3736; x_wconf 64' lang='lat' dir='ltr'><strong>autem,»</strong></span> <span class='ocrx_word' id='word_1_495' title='bbox 2483 3681 2590 3726; x_wconf 92' lang='lat' dir='ltr'><strong>etc.</strong></span> 
     </span>
    </p>
   </div>
   <div class='ocr_carea' id='block_1_81' title="bbox 1920 3786 3494 3870">
    <p class='ocr_par' dir='ltr' id='par_1_81' title="bbox 1920 3786 3494 3870">
     <span class='ocr_line' id='line_1_81' title="bbox 1920 3786 3494 3870; baseline 0.002 -28"><span class='ocrx_word' id='word_1_496' title='bbox 1920 3787 2159 3858; x_wconf 81' lang='lat' dir='ltr'><strong>Epistola</strong></span> <span class='ocrx_word' id='word_1_497' title='bbox 2197 3786 2330 3851; x_wconf 69' lang='grc'><strong>154,</strong></span> <span class='ocrx_word' id='word_1_498' title='bbox 2389 3787 2788 3870; x_wconf 66' lang='lat' dir='ltr'><strong>exprobratur-ia</strong></span> <span class='ocrx_word' id='word_1_499' title='bbox 2823 3788 2892 3841; x_wconf 87' lang='lat' dir='ltr'><strong>ad</strong></span> <span class='ocrx_word' id='word_1_500' title='bbox 2929 3786 3277 3843; x_wconf 79' lang='lat' dir='ltr'><strong>Theoctistum</strong></span> <span class='ocrx_word' id='word_1_501' title='bbox 3300 3789 3494 3847; x_wconf 62' lang='lat' dir='ltr'><strong>Bcra’a:</strong></span> 
     </span>
    </p>
   </div>
   <div class='ocr_carea' id='block_1_82' title="bbox 2078 3872 2855 3927">
    <p class='ocr_par' dir='ltr' id='par_1_82' title="bbox 2078 3872 2855 3927">
     <span class='ocr_line' id='line_1_82' title="bbox 2078 3872 2855 3927; baseline 0.01 -24"><span class='ocrx_word' id='word_1_502' title='bbox 2078 3872 2085 3881; x_wconf 87' lang='grc'><strong>·</strong></span> <span class='ocrx_word' id='word_1_503' title='bbox 2543 3873 2855 3927; x_wconf 66' lang='lat' dir='ltr'><strong>episcopum.</strong></span> 
     </span>
    </p>
   </div>
   <div class='ocr_carea' id='block_1_83' title="bbox 1989 3969 3494 4041">
    <p class='ocr_par' dir='ltr' id='par_1_83' title="bbox 1989 3969 3494 4041">
     <span class='ocr_line' id='line_1_83' title="bbox 1989 3969 3494 4041; baseline 0.003 -16"><span class='ocrx_word' id='word_1_504' title='bbox 1989 3970 2033 4025; x_wconf 92' lang='lat' dir='ltr'><strong>I.</strong></span> <span class='ocrx_word' id='word_1_505' title='bbox 2057 3969 2518 4040; x_wconf 82' lang='lat' dir='ltr'><strong>Expressissimus</strong></span> <span class='ocrx_word' id='word_1_506' title='bbox 2559 3971 2823 4041; x_wconf 88' lang='lat' dir='ltr'><strong>temporis</strong></span> <span class='ocrx_word' id='word_1_507' title='bbox 2852 3971 3159 4028; x_wconf 84' lang='lat' dir='ltr'><strong>character.</strong></span> <span class='ocrx_word' id='word_1_508' title='bbox 3194 3992 3212 4024; x_wconf 84' lang='grc'><em>‹</em></span> <span class='ocrx_word' id='word_1_509' title='bbox 3244 3973 3494 4030; x_wconf 83' lang='lat' dir='ltr'><strong>Proscri-</strong></span> 
     </span>
    </p>
   </div>
   <div class='ocr_carea' id='block_1_84' title="bbox 1918 4061 3498 4134">
    <p class='ocr_par' dir='ltr' id='par_1_84' title="bbox 1918 4061 3498 4134">
     <span class='ocr_line' id='line_1_84' title="bbox 1918 4061 3498 4134; baseline 0.003 -16"><span class='ocrx_word' id='word_1_510' title='bbox 1918 4072 2072 4134; x_wconf 90' lang='lat' dir='ltr'><strong>ptum</strong></span> <span class='ocrx_word' id='word_1_511' title='bbox 2110 4071 2214 4127; x_wconf 91' lang='lat' dir='ltr'><strong>est,</strong></span> <span class='ocrx_word' id='word_1_512' title='bbox 2258 4061 2438 4133; x_wconf 89' lang='lat' dir='ltr'><strong>inquit</strong></span> <span class='ocrx_word' id='word_1_513' title='bbox 2459 4061 2862 4128; x_wconf 86' lang='lat' dir='ltr'><strong>Theodoretus,</strong></span> <span class='ocrx_word' id='word_1_514' title='bbox 2903 4064 3127 4121; x_wconf 66' lang='lat' dir='ltr'><strong>haaresis</strong></span> <span class='ocrx_word' id='word_1_515' title='bbox 3160 4082 3317 4121; x_wconf 78' lang='lat' dir='ltr'><strong>nova:</strong></span> <span class='ocrx_word' id='word_1_516' title='bbox 3344 4083 3498 4123; x_wconf 84' lang='lat' dir='ltr'><strong>men-</strong></span> 
     </span>
    </p>
   </div>
   <div class='ocr_carea' id='block_1_85' title="bbox 1919 4152 3493 4228">
    <p class='ocr_par' dir='ltr' id='par_1_85' title="bbox 1919 4152 3493 4228">
     <span class='ocr_line' id='line_1_85' title="bbox 1919 4152 3493 4228; baseline 0.004 -19"><span class='ocrx_word' id='word_1_517' title='bbox 1919 4155 2159 4221; x_wconf 89' lang='lat' dir='ltr'><strong>dacium,</strong></span> <span class='ocrx_word' id='word_1_518' title='bbox 2190 4162 2247 4209; x_wconf 90' lang='lat' dir='ltr'><strong>et</strong></span> <span class='ocrx_word' id='word_1_519' title='bbox 2279 4154 2591 4209; x_wconf 90' lang='lat' dir='ltr'><strong>divinorum</strong></span> <span class='ocrx_word' id='word_1_520' title='bbox 2632 4152 3053 4225; x_wconf 85' lang='lat' dir='ltr'><strong>Evangeliorum</strong></span> <span class='ocrx_word' id='word_1_521' title='bbox 3086 4157 3292 4213; x_wconf 86' lang='lat' dir='ltr'><strong>veritas</strong></span> <span class='ocrx_word' id='word_1_522' title='bbox 3314 4159 3493 4228; x_wconf 85' lang='lat' dir='ltr'><strong>palam</strong></span> 
     </span>
    </p>
   </div>
   <div class='ocr_carea' id='block_1_86' title="bbox 1918 4244 3489 4318">
    <p class='ocr_par' dir='ltr' id='par_1_86' title="bbox 1918 4244 3489 4318">
     <span class='ocr_line' id='line_1_86' title="bbox 1918 4244 3489 4318; baseline 0 -16"><span class='ocrx_word' id='word_1_523' title='bbox 1918 4246 2266 4318; x_wconf 63' lang='lat' dir='ltr'><strong>praedicatur.</strong></span> <span class='ocrx_word' id='word_1_524' title='bbox 2311 4265 2329 4295; x_wconf 76' lang='grc' dir='ltr'><strong>ι</strong></span> <span class='ocrx_word' id='word_1_525' title='bbox 2364 4244 2594 4311; x_wconf 86' lang='lat' dir='ltr'><strong>Quando</strong></span> <span class='ocrx_word' id='word_1_526' title='bbox 2626 4260 2831 4315; x_wconf 87' lang='lat' dir='ltr'><strong>nempe</strong></span> <span class='ocrx_word' id='word_1_527' title='bbox 2857 4245 3169 4301; x_wconf 88' lang='lat' dir='ltr'><strong>Theodosio</strong></span> <span class='ocrx_word' id='word_1_528' title='bbox 3215 4248 3324 4302; x_wconf 82' lang='lat' dir='ltr'><strong>vita</strong></span> <span class='ocrx_word' id='word_1_529' title='bbox 3368 4249 3489 4303; x_wconf 85' lang='lat' dir='ltr'><strong>fun-</strong></span> 
     </span>
    </p>
   </div>
   <div class='ocr_carea' id='block_1_87' title="bbox 1920 4334 3492 4408">
    <p class='ocr_par' dir='ltr' id='par_1_87' title="bbox 1920 4334 3492 4408">
     <span class='ocr_line' id='line_1_87' title="bbox 1920 4334 3492 4408; baseline 0.001 -17"><span class='ocrx_word' id='word_1_530' title='bbox 1920 4344 2029 4402; x_wconf 89' lang='lat' dir='ltr'><strong>cto,</strong></span> <span class='ocrx_word' id='word_1_531' title='bbox 2068 4335 2359 4406; x_wconf 88' lang='lat' dir='ltr'><strong>imperium</strong></span> <span class='ocrx_word' id='word_1_532' title='bbox 2384 4334 2690 4389; x_wconf 82' lang='lat' dir='ltr'><strong>Marcianus</strong></span> <span class='ocrx_word' id='word_1_533' title='bbox 2709 4344 2765 4389; x_wconf 91' lang='lat' dir='ltr'><strong>et</strong></span> <span class='ocrx_word' id='word_1_534' title='bbox 2792 4336 3081 4392; x_wconf 88' lang='lat' dir='ltr'><strong>Pulcheria</strong></span> <span class='ocrx_word' id='word_1_535' title='bbox 3109 4349 3492 4408; x_wconf 84' lang='lat' dir='ltr'><strong>susceperunt.</strong></span> 
     </span>
    </p>
   </div>
   <div class='ocr_carea' id='block_1_88' title="bbox 247 4423 3494 4500">
    <p class='ocr_par' dir='ltr' id='par_1_88' title="bbox 247 4423 3494 4500">
     <span class='ocr_line' id='line_1_88' title="bbox 247 4423 3494 4500; baseline 0.002 -21"><span class='ocrx_word' id='word_1_536' title='bbox 247 4425 463 4491; x_wconf 85' lang='lat' dir='ltr'><strong>ducens,</strong></span> <span class='ocrx_word' id='word_1_537' title='bbox 492 4435 552 4481; x_wconf 89' lang='lat' dir='ltr'><strong>et</strong></span> <span class='ocrx_word' id='word_1_538' title='bbox 570 4426 795 4481; x_wconf 90' lang='lat' dir='ltr'><strong>Patrum</strong></span> <span class='ocrx_word' id='word_1_539' title='bbox 853 4424 1117 4480; x_wconf 90' lang='lat' dir='ltr'><strong>doctrinis</strong></span> <span class='ocrx_word' id='word_1_540' title='bbox 1169 4431 1358 4477; x_wconf 90' lang='lat' dir='ltr'><strong>nostra</strong></span> <span class='ocrx_word' id='word_1_541' title='bbox 1414 4423 1816 4479; x_wconf 88' lang='lat' dir='ltr'><strong>communiens.</strong></span> <span class='ocrx_word' id='word_1_542' title='bbox 1848 4444 1895 4500; x_wconf 77' lang='grc' dir='ltr'><strong>ι)</strong></span> <span class='ocrx_word' id='word_1_543' title='bbox 1925 4444 2048 4483; x_wconf 83' lang='lat' dir='ltr'><strong>mox</strong></span> <span class='ocrx_word' id='word_1_544' title='bbox 2085 4426 2373 4497; x_wconf 83' lang='lat' dir='ltr'><strong>Eutychen</strong></span> <span class='ocrx_word' id='word_1_545' title='bbox 2415 4425 2471 4479; x_wconf 91' lang='lat' dir='ltr'><strong>in</strong></span> <span class='ocrx_word' id='word_1_546' title='bbox 2505 4426 2758 4481; x_wconf 83' lang='lat' dir='ltr'><strong>exsilium</strong></span> <span class='ocrx_word' id='word_1_547' title='bbox 2785 4427 2929 4498; x_wconf 85' lang='lat' dir='ltr'><strong>ejici,</strong></span> <span class='ocrx_word' id='word_1_548' title='bbox 2963 4429 3205 4483; x_wconf 86' lang='lat' dir='ltr'><strong>revocari</strong></span> <span class='ocrx_word' id='word_1_549' title='bbox 3239 4429 3494 4485; x_wconf 88' lang='lat' dir='ltr'><strong>Theodo-</strong></span> 
     </span>
    </p>
   </div>
   <div class='ocr_carea' id='block_1_89' title="bbox 246 4515 1813 4587">
    <p class='ocr_par' dir='ltr' id='par_1_89' title="bbox 246 4515 1813 4587">
     <span class='ocr_line' id='line_1_89' title="bbox 246 4515 1813 4587; baseline -0.001 -16"><span class='ocrx_word' id='word_1_550' title='bbox 246 4515 354 4572; x_wconf 75' lang='lat' dir='ltr'><strong>lisi</strong></span> <span class='ocrx_word' id='word_1_551' title='bbox 382 4525 571 4573; x_wconf 88' lang='lat' dir='ltr'><strong>autem</strong></span> <span class='ocrx_word' id='word_1_552' title='bbox 602 4532 752 4572; x_wconf 90' lang='lat' dir='ltr'><strong>nunc</strong></span> <span class='ocrx_word' id='word_1_553' title='bbox 774 4517 942 4571; x_wconf 88' lang='lat' dir='ltr'><strong>etiam</strong></span> <span class='ocrx_word' id='word_1_554' title='bbox 976 4531 1179 4586; x_wconf 87' lang='lat' dir='ltr'><strong>paucas</strong></span> <span class='ocrx_word' id='word_1_555' title='bbox 1212 4524 1458 4570; x_wconf 87' lang='lat' dir='ltr'><strong>veterum</strong></span> <span class='ocrx_word' id='word_1_556' title='bbox 1521 4516 1813 4587; x_wconf 86' lang='lat' dir='ltr'><strong>magistro-</strong></span> 
     </span>
    </p>
   </div>
   <div class='ocr_carea' id='block_1_90' title="bbox 248 4605 1817 4678">
    <p class='ocr_par' dir='ltr' id='par_1_90' title="bbox 248 4605 1817 4678">
     <span class='ocr_line' id='line_1_90' title="bbox 248 4605 1817 4678; baseline 0 -17"><span class='ocrx_word' id='word_1_557' title='bbox 248 4622 355 4661; x_wconf 86' lang='lat' dir='ltr'><strong>rum</strong></span> <span class='ocrx_word' id='word_1_558' title='bbox 376 4608 701 4673; x_wconf 88' lang='lat' dir='ltr'><strong>sententias,</strong></span> <span class='ocrx_word' id='word_1_559' title='bbox 752 4624 875 4678; x_wconf 82' lang='lat' dir='ltr'><strong>quae</strong></span> <span class='ocrx_word' id='word_1_560' title='bbox 894 4607 1027 4662; x_wconf 88' lang='lat' dir='ltr'><strong>satis</strong></span> <span class='ocrx_word' id='word_1_561' title='bbox 1062 4614 1190 4661; x_wconf 91' lang='lat' dir='ltr'><strong>sunt</strong></span> <span class='ocrx_word' id='word_1_562' title='bbox 1223 4605 1291 4659; x_wconf 92' lang='lat' dir='ltr'><strong>ad</strong></span> <span class='ocrx_word' id='word_1_563' title='bbox 1339 4606 1646 4661; x_wconf 89' lang='lat' dir='ltr'><strong>doctrinam</strong></span> <span class='ocrx_word' id='word_1_564' title='bbox 1694 4605 1817 4661; x_wconf 79' lang='lat' dir='ltr'><strong>illo-</strong></span> 
     </span>
    </p>
   </div>
   <div class='ocr_carea' id='block_1_91' title="bbox 244 4696 1202 4753">
    <p class='ocr_par' dir='ltr' id='par_1_91' title="bbox 244 4696 1202 4753">
     <span class='ocr_line' id='line_1_91' title="bbox 244 4696 1202 4753; baseline -0.005 -1"><span class='ocrx_word' id='word_1_565' title='bbox 244 4711 355 4752; x_wconf 85' lang='lat' dir='ltr'><strong>rum</strong></span> <span class='ocrx_word' id='word_1_566' title='bbox 385 4699 611 4752; x_wconf 86' lang='lat' dir='ltr'><strong>Patrum</strong></span> <span class='ocrx_word' id='word_1_567' title='bbox 635 4696 1136 4753; x_wconf 87' lang='lat' dir='ltr'><strong>demonstrandam.</strong></span> <span class='ocrx_word' id='word_1_568' title='bbox 1185 4716 1202 4747; x_wconf 75' lang='grc' dir='ltr'><strong><em>ι</em></strong></span> 
     </span>
    </p>
   </div>
   <div class='ocr_carea' id='block_1_92' title="bbox 305 4789 1810 4861">
    <p class='ocr_par' dir='ltr' id='par_1_92' title="bbox 305 4789 1810 4861">
     <span class='ocr_line' id='line_1_92' title="bbox 305 4789 1810 4861; baseline 0 -16"><span class='ocrx_word' id='word_1_569' title='bbox 305 4789 367 4845; x_wconf 78' lang='lat' dir='ltr'><strong>V.</strong></span> <span class='ocrx_word' id='word_1_570' title='bbox 400 4789 536 4845; x_wconf 92' lang='lat' dir='ltr'><strong>Inde</strong></span> <span class='ocrx_word' id='word_1_571' title='bbox 561 4790 922 4861; x_wconf 91' lang='lat' dir='ltr'><strong>intelligimus</strong></span> <span class='ocrx_word' id='word_1_572' title='bbox 952 4809 965 4845; x_wconf 92' lang='lat'><strong>:</strong></span> <span class='ocrx_word' id='word_1_573' title='bbox 994 4791 1044 4844; x_wconf 91' lang='grc'><strong>1.</strong></span> <span class='ocrx_word' id='word_1_574' title='bbox 1102 4790 1511 4846; x_wconf 85' lang='lat' dir='ltr'><strong>Institutioncm</strong></span> <span class='ocrx_word' id='word_1_575' title='bbox 1562 4791 1810 4856; x_wconf 83' lang='lat' dir='ltr'><strong>brevem,</strong></span> 
     </span>
    </p>
   </div>
   <div class='ocr_carea' id='block_1_93' title="bbox 245 4877 1813 4954">
    <p class='ocr_par' dir='ltr' id='par_1_93' title="bbox 245 4877 1813 4954">
     <span class='ocr_line' id='line_1_93' title="bbox 245 4877 1813 4954; baseline 0.002 -21"><span class='ocrx_word' id='word_1_576' title='bbox 245 4877 306 4933; x_wconf 86' lang='lat' dir='ltr'><strong>de</strong></span> <span class='ocrx_word' id='word_1_577' title='bbox 331 4895 438 4949; x_wconf 89' lang='lat' dir='ltr'><strong>qua</strong></span> <span class='ocrx_word' id='word_1_578' title='bbox 476 4880 571 4936; x_wconf 87' lang='lat' dir='ltr'><strong>hic</strong></span> <span class='ocrx_word' id='word_1_579' title='bbox 601 4896 786 4935; x_wconf 86' lang='lat' dir='ltr'><strong>sermo</strong></span> <span class='ocrx_word' id='word_1_580' title='bbox 810 4889 914 4946; x_wconf 89' lang='lat' dir='ltr'><strong>est,</strong></span> <span class='ocrx_word' id='word_1_581' title='bbox 949 4897 1059 4936; x_wconf 91' lang='lat' dir='ltr'><strong>non</strong></span> <span class='ocrx_word' id='word_1_582' title='bbox 1090 4882 1316 4938; x_wconf 75' lang='lat' dir='ltr'><strong>differre</strong></span> <span class='ocrx_word' id='word_1_583' title='bbox 1369 4899 1398 4937; x_wconf 88' lang='lat' dir='ltr'><strong>a</strong></span> <span class='ocrx_word' id='word_1_584' title='bbox 1434 4883 1663 4954; x_wconf 90' lang='lat' dir='ltr'><strong>scripto,</strong></span> <span class='ocrx_word' id='word_1_585' title='bbox 1714 4900 1813 4938; x_wconf 88' lang='lat' dir='ltr'><strong>cu-</strong></span> 
     </span>
    </p>
   </div>
   <div class='ocr_carea' id='block_1_94' title="bbox 241 4968 1815 5045">
    <p class='ocr_par' dir='ltr' id='par_1_94' title="bbox 241 4968 1815 5045">
     <span class='ocr_line' id='line_1_94' title="bbox 241 4968 1815 5045; baseline 0.003 -22"><span class='ocrx_word' id='word_1_586' title='bbox 241 4968 322 5039; x_wconf 90' lang='lat' dir='ltr'><strong>jus</strong></span> <span class='ocrx_word' id='word_1_587' title='bbox 345 4970 555 5024; x_wconf 89' lang='lat' dir='ltr'><strong>mentio</strong></span> <span class='ocrx_word' id='word_1_588' title='bbox 578 4969 639 5024; x_wconf 86' lang='lat' dir='ltr'><strong>fit</strong></span> <span class='ocrx_word' id='word_1_589' title='bbox 674 4970 731 5024; x_wconf 90' lang='lat' dir='ltr'><strong>in</strong></span> <span class='ocrx_word' id='word_1_590' title='bbox 759 4970 924 5040; x_wconf 92' lang='lat' dir='ltr'><strong>epist,</strong></span> <span class='ocrx_word' id='word_1_591' title='bbox 951 4970 1054 5026; x_wconf 88' lang='grc'><strong>109</strong></span> <span class='ocrx_word' id='word_1_592' title='bbox 1109 4971 1178 5025; x_wconf 87' lang='lat' dir='ltr'><strong>ad</strong></span> <span class='ocrx_word' id='word_1_593' title='bbox 1230 4972 1530 5027; x_wconf 87' lang='lat' dir='ltr'><strong>Eusebium</strong></span> <span class='ocrx_word' id='word_1_594' title='bbox 1591 4973 1815 5045; x_wconf 67' lang='lat' dir='ltr'><strong>Ancyrae</strong></span> 
     </span>
    </p>
   </div>
   <div class='ocr_carea' id='block_1_95' title="bbox 244 5059 1815 5134">
    <p class='ocr_par' dir='ltr' id='par_1_95' title="bbox 244 5059 1815 5134">
     <span class='ocr_line' id='line_1_95' title="bbox 244 5059 1815 5134; baseline 0.004 -19"><span class='ocrx_word' id='word_1_595' title='bbox 244 5059 572 5132; x_wconf 85' lang='lat' dir='ltr'><strong>episcopum.</strong></span> <span class='ocrx_word' id='word_1_596' title='bbox 596 5061 650 5115; x_wconf 74' lang='lat'><strong>2.</strong></span> <span class='ocrx_word' id='word_1_597' title='bbox 683 5062 1040 5133; x_wconf 87' lang='lat' dir='ltr'><strong>Episcopum,</strong></span> <span class='ocrx_word' id='word_1_598' title='bbox 1067 5064 1223 5134; x_wconf 86' lang='lat' dir='ltr'><strong>cujus</strong></span> <span class='ocrx_word' id='word_1_599' title='bbox 1252 5079 1451 5119; x_wconf 86' lang='lat' dir='ltr'><strong>nomen</strong></span> <span class='ocrx_word' id='word_1_600' title='bbox 1478 5065 1567 5121; x_wconf 92' lang='lat' dir='ltr'><strong>hic</strong></span> <span class='ocrx_word' id='word_1_601' title='bbox 1595 5065 1815 5121; x_wconf 81' lang='lat' dir='ltr'><strong>deside-</strong></span> 
     </span>
    </p>
   </div>
   <div class='ocr_carea' id='block_1_96' title="bbox 247 5154 1814 5224">
    <p class='ocr_par' dir='ltr' id='par_1_96' title="bbox 247 5154 1814 5224">
     <span class='ocr_line' id='line_1_96' title="bbox 247 5154 1814 5224; baseline 0.003 -17"><span class='ocrx_word' id='word_1_602' title='bbox 247 5161 410 5219; x_wconf 87' lang='lat' dir='ltr'><strong>ratur,</strong></span> <span class='ocrx_word' id='word_1_603' title='bbox 439 5169 565 5211; x_wconf 90' lang='lat' dir='ltr'><strong>esse</strong></span> <span class='ocrx_word' id='word_1_604' title='bbox 586 5154 913 5219; x_wconf 85' lang='lat' dir='ltr'><strong>Eusebium,</strong></span> <span class='ocrx_word' id='word_1_605' title='bbox 955 5169 1117 5224; x_wconf 89' lang='lat' dir='ltr'><strong>quem</strong></span> <span class='ocrx_word' id='word_1_606' title='bbox 1145 5170 1268 5208; x_wconf 78' lang='lat' dir='ltr'><strong>mox</strong></span> <span class='ocrx_word' id='word_1_607' title='bbox 1296 5155 1538 5213; x_wconf 84' lang='lat' dir='ltr'><strong>laudavi.</strong></span> <span class='ocrx_word' id='word_1_608' title='bbox 1579 5161 1637 5213; x_wconf 78' lang='lat'><strong>3.</strong></span> <span class='ocrx_word' id='word_1_609' title='bbox 1685 5158 1814 5211; x_wconf 89' lang='lat' dir='ltr'><strong>Dia-</strong></span> 
     </span>
    </p>
   </div>
   <div class='ocr_carea' id='block_1_97' title="bbox 164 5242 1812 5315">
    <p class='ocr_par' dir='ltr' id='par_1_97' title="bbox 164 5242 1812 5315">
     <span class='ocr_line' id='line_1_97' title="bbox 164 5242 1812 5315; baseline 0.004 -19"><span class='ocrx_word' id='word_1_610' title='bbox 164 5248 167 5251; x_wconf 86' lang='grc'><em>’</em></span> <span class='ocrx_word' id='word_1_611' title='bbox 244 5242 386 5315; x_wconf 77' lang='lat' dir='ltr'><strong>logos</strong></span> <span class='ocrx_word' id='word_1_612' title='bbox 415 5246 656 5315; x_wconf 88' lang='lat' dir='ltr'><strong>scriptos</strong></span> <span class='ocrx_word' id='word_1_613' title='bbox 676 5260 797 5301; x_wconf 85' lang='lat' dir='ltr'><strong>esse</strong></span> <span class='ocrx_word' id='word_1_614' title='bbox 826 5254 950 5301; x_wconf 88' lang='lat' dir='ltr'><strong>ante</strong></span> <span class='ocrx_word' id='word_1_615' title='bbox 972 5247 1267 5301; x_wconf 89' lang='lat' dir='ltr'><strong>concilium</strong></span> <span class='ocrx_word' id='word_1_616' title='bbox 1296 5248 1311 5262; x_wconf 82' lang='grc'><strong>⁸</strong></span> <span class='ocrx_word' id='word_1_617' title='bbox 1338 5248 1812 5314; x_wconf 77' lang='lat' dir='ltr'><strong>Chalcedonensc,</strong></span> 
     </span>
    </p>
   </div>
   <div class='ocr_carea' id='block_1_98' title="bbox 249 5335 1812 5412">
    <p class='ocr_par' dir='ltr' id='par_1_98' title="bbox 249 5335 1812 5412">
     <span class='ocr_line' id='line_1_98' title="bbox 249 5335 1812 5412; baseline 0.005 -23"><span class='ocrx_word' id='word_1_618' title='bbox 249 5335 349 5391; x_wconf 89' lang='lat' dir='ltr'><strong>imo</strong></span> <span class='ocrx_word' id='word_1_619' title='bbox 374 5346 431 5393; x_wconf 89' lang='lat' dir='ltr'><strong>et</strong></span> <span class='ocrx_word' id='word_1_620' title='bbox 481 5338 648 5409; x_wconf 89' lang='lat' dir='ltr'><strong>longe</strong></span> <span class='ocrx_word' id='word_1_621' title='bbox 698 5345 825 5392; x_wconf 89' lang='lat' dir='ltr'><strong>ante</strong></span> <span class='ocrx_word' id='word_1_622' title='bbox 870 5338 1212 5409; x_wconf 89' lang='lat' dir='ltr'><strong>Ephesinum</strong></span> <span class='ocrx_word' id='word_1_623' title='bbox 1260 5341 1587 5405; x_wconf 88' lang='lat' dir='ltr'><strong>secundum,</strong></span> <span class='ocrx_word' id='word_1_624' title='bbox 1648 5351 1812 5412; x_wconf 85' lang='lat' dir='ltr'><strong>atque</strong></span> 
     </span>
    </p>
   </div>
   <div class='ocr_carea' id='block_1_99' title="bbox 248 5424 1810 5497">
    <p class='ocr_par' dir='ltr' id='par_1_99' title="bbox 248 5424 1810 5497">
     <span class='ocr_line' id='line_1_99' title="bbox 248 5424 1810 5497; baseline 0.006 -20"><span class='ocrx_word' id='word_1_625' title='bbox 248 5424 371 5481; x_wconf 89' lang='lat' dir='ltr'><strong>adeo</strong></span> <span class='ocrx_word' id='word_1_626' title='bbox 387 5437 513 5483; x_wconf 90' lang='lat' dir='ltr'><strong>ante</strong></span> <span class='ocrx_word' id='word_1_627' title='bbox 544 5428 810 5497; x_wconf 88' lang='lat' dir='ltr'><strong>scriptam</strong></span> <span class='ocrx_word' id='word_1_628' title='bbox 849 5443 879 5482; x_wconf 89' lang='lat' dir='ltr'><strong>a</strong></span> <span class='ocrx_word' id='word_1_629' title='bbox 926 5438 1116 5484; x_wconf 85' lang='lat' dir='ltr'><strong>saneto</strong></span> <span class='ocrx_word' id='word_1_630' title='bbox 1166 5430 1348 5485; x_wconf 83' lang='lat' dir='ltr'><strong>Leone</strong></span> <span class='ocrx_word' id='word_1_631' title='bbox 1395 5431 1462 5485; x_wconf 91' lang='lat' dir='ltr'><strong>ad</strong></span> <span class='ocrx_word' id='word_1_632' title='bbox 1491 5432 1810 5486; x_wconf 80' lang='lat' dir='ltr'><strong>Flavianum</strong></span> 
     </span>
    </p>
   </div>
   <div class='ocr_carea' id='block_1_100' title="bbox 246 5519 1808 5591">
    <p class='ocr_par' dir='ltr' id='par_1_100' title="bbox 246 5519 1808 5591">
     <span class='ocr_line' id='line_1_100' title="bbox 246 5519 1808 5591; baseline 0.004 -20"><span class='ocrx_word' id='word_1_633' title='bbox 246 5519 519 5587; x_wconf 87' lang='lat' dir='ltr'><strong>epistolam</strong></span> <span class='ocrx_word' id='word_1_634' title='bbox 537 5520 928 5591; x_wconf 86' lang='lat' dir='ltr'><strong>dogmaticam.</strong></span> <span class='ocrx_word' id='word_1_635' title='bbox 962 5522 1014 5575; x_wconf 78' lang='grc'><strong>4.</strong></span> <span class='ocrx_word' id='word_1_636' title='bbox 1070 5523 1279 5576; x_wconf 85' lang='lat' dir='ltr'><strong>Paucas</strong></span> <span class='ocrx_word' id='word_1_637' title='bbox 1329 5530 1581 5577; x_wconf 84' lang='lat' dir='ltr'><strong>veterum</strong></span> <span class='ocrx_word' id='word_1_638' title='bbox 1633 5524 1808 5588; x_wconf 65' lang='lat' dir='ltr'><strong>margi-</strong></span> 
     </span>
    </p>
   </div>
   <div class='ocr_carea' id='block_1_101' title="bbox 1924 4517 3496 4589">
    <p class='ocr_par' dir='ltr' id='par_1_101' title="bbox 1924 4517 3496 4589">
     <span class='ocr_line' id='line_1_101' title="bbox 1924 4517 3496 4589; baseline -0.001 -15"><span class='ocrx_word' id='word_1_639' title='bbox 1924 4528 2125 4583; x_wconf 86' lang='lat' dir='ltr'><strong>retum,</strong></span> <span class='ocrx_word' id='word_1_640' title='bbox 2160 4517 2565 4589; x_wconf 77' lang='lat' dir='ltr'><strong>Clirysapbium</strong></span> <span class='ocrx_word' id='word_1_641' title='bbox 2606 4517 2846 4572; x_wconf 86' lang='lat' dir='ltr'><strong>interimi</strong></span> <span class='ocrx_word' id='word_1_642' title='bbox 2883 4519 3188 4588; x_wconf 81' lang='lat' dir='ltr'><strong>jusserunt.</strong></span> <span class='ocrx_word' id='word_1_643' title='bbox 3230 4518 3286 4573; x_wconf 91' lang='lat' dir='ltr'><strong>Id</strong></span> <span class='ocrx_word' id='word_1_644' title='bbox 3315 4519 3496 4573; x_wconf 91' lang='lat' dir='ltr'><strong>conti-</strong></span> 
     </span>
    </p>
   </div>
   <div class='ocr_carea' id='block_1_102' title="bbox 1921 4606 3495 4678">
    <p class='ocr_par' dir='ltr' id='par_1_102' title="bbox 1921 4606 3495 4678">
     <span class='ocr_line' id='line_1_102' title="bbox 1921 4606 3495 4678; baseline -0.002 -16"><span class='ocrx_word' id='word_1_645' title='bbox 1921 4608 1999 4678; x_wconf 89' lang='lat' dir='ltr'><strong>git</strong></span> <span class='ocrx_word' id='word_1_646' title='bbox 2043 4607 2146 4662; x_wconf 91' lang='lat' dir='ltr'><strong>sub</strong></span> <span class='ocrx_word' id='word_1_647' title='bbox 2179 4614 2504 4662; x_wconf 84' lang='lat' dir='ltr'><strong>autumnum</strong></span> <span class='ocrx_word' id='word_1_648' title='bbox 2539 4606 2669 4660; x_wconf 89' lang='lat' dir='ltr'><strong>anni</strong></span> <span class='ocrx_word' id='word_1_649' title='bbox 2716 4607 2856 4671; x_wconf 72' lang='lat'><strong>450;</strong></span> <span class='ocrx_word' id='word_1_650' title='bbox 2899 4621 3011 4677; x_wconf 89' lang='lat' dir='ltr'><strong>quo</strong></span> <span class='ocrx_word' id='word_1_651' title='bbox 3056 4622 3199 4660; x_wconf 89' lang='lat' dir='ltr'><strong>anno</strong></span> <span class='ocrx_word' id='word_1_652' title='bbox 3239 4606 3495 4662; x_wconf 85' lang='lat' dir='ltr'><strong>Theodo-</strong></span> 
     </span>
    </p>
   </div>
   <div class='ocr_carea' id='block_1_103' title="bbox 1923 4696 3495 4765">
    <p class='ocr_par' dir='ltr' id='par_1_103' title="bbox 1923 4696 3495 4765">
     <span class='ocr_line' id='line_1_103' title="bbox 1923 4696 3495 4765; baseline 0.001 -13"><span class='ocrx_word' id='word_1_653' title='bbox 1923 4699 2038 4753; x_wconf 88' lang='lat' dir='ltr'><strong>sius</strong></span> <span class='ocrx_word' id='word_1_654' title='bbox 2077 4697 2217 4752; x_wconf 90' lang='lat' dir='ltr'><strong>obiit</strong></span> <span class='ocrx_word' id='word_1_655' title='bbox 2254 4697 2343 4752; x_wconf 90' lang='lat' dir='ltr'><strong>die</strong></span> <span class='ocrx_word' id='word_1_656' title='bbox 2384 4696 2454 4752; x_wconf 71' lang='lat'><strong>29</strong></span> <span class='ocrx_word' id='word_1_657' title='bbox 2513 4696 2663 4762; x_wconf 87' lang='lat' dir='ltr'><strong>Julii,</strong></span> <span class='ocrx_word' id='word_1_658' title='bbox 2712 4697 3019 4751; x_wconf 77' lang='lat' dir='ltr'><strong>Marcianus</strong></span> <span class='ocrx_word' id='word_1_659' title='bbox 3058 4697 3358 4765; x_wconf 87' lang='lat' dir='ltr'><strong>imperator</strong></span> <span class='ocrx_word' id='word_1_660' title='bbox 3404 4714 3495 4753; x_wconf 91' lang='lat' dir='ltr'><strong>re-</strong></span> 
     </span>
    </p>
   </div>
   <div class='ocr_carea' id='block_1_104' title="bbox 1867 4786 2813 4858">
    <p class='ocr_par' dir='ltr' id='par_1_104' title="bbox 1867 4786 2813 4858">
     <span class='ocr_line' id='line_1_104' title="bbox 1867 4786 2813 4858; baseline -0.002 -16"><span class='ocrx_word' id='word_1_661' title='bbox 1867 4801 1880 4815; x_wconf 69' lang='grc' dir='ltr'><strong>ο</strong></span> <span class='ocrx_word' id='word_1_662' title='bbox 1922 4789 2209 4842; x_wconf 85' lang='lat' dir='ltr'><strong>nuntiatus</strong></span> <span class='ocrx_word' id='word_1_663' title='bbox 2232 4796 2317 4843; x_wconf 92' lang='lat' dir='ltr'><strong>est</strong></span> <span class='ocrx_word' id='word_1_664' title='bbox 2337 4787 2426 4842; x_wconf 90' lang='lat' dir='ltr'><strong>die</strong></span> <span class='ocrx_word' id='word_1_665' title='bbox 2459 4788 2529 4841; x_wconf 68' lang='lat'><strong>95</strong></span> <span class='ocrx_word' id='word_1_666' title='bbox 2558 4786 2813 4858; x_wconf 82' lang='lat' dir='ltr'><strong>Augusti.</strong></span> 
     </span>
    </p>
   </div>
   <div class='ocr_carea' id='block_1_105' title="bbox 1990 4878 3495 4950">
    <p class='ocr_par' dir='ltr' id='par_1_105' title="bbox 1990 4878 3495 4950">
     <span class='ocr_line' id='line_1_105' title="bbox 1990 4878 3495 4950; baseline 0.001 -15"><span class='ocrx_word' id='word_1_667' title='bbox 1990 4881 2056 4935; x_wconf 89' lang='lat' dir='ltr'><strong>II.</strong></span> <span class='ocrx_word' id='word_1_668' title='bbox 2087 4880 2462 4944; x_wconf 85' lang='lat' dir='ltr'><strong>Theoctistus,</strong></span> <span class='ocrx_word' id='word_1_669' title='bbox 2493 4879 2561 4934; x_wconf 89' lang='lat' dir='ltr'><strong>de</strong></span> <span class='ocrx_word' id='word_1_670' title='bbox 2591 4894 2702 4949; x_wconf 88' lang='lat' dir='ltr'><strong>quo</strong></span> <span class='ocrx_word' id='word_1_671' title='bbox 2744 4878 2951 4933; x_wconf 89' lang='lat' dir='ltr'><strong>dictum</strong></span> <span class='ocrx_word' id='word_1_672' title='bbox 2993 4886 3078 4933; x_wconf 88' lang='lat' dir='ltr'><strong>est</strong></span> <span class='ocrx_word' id='word_1_673' title='bbox 3110 4879 3177 4934; x_wconf 91' lang='lat' dir='ltr'><strong>ad</strong></span> <span class='ocrx_word' id='word_1_674' title='bbox 3208 4881 3495 4950; x_wconf 83' lang='lat' dir='ltr'><strong>epistolam</strong></span> 
     </span>
    </p>
   </div>
   <div class='ocr_carea' id='block_1_106' title="bbox 1920 4970 3495 5043">
    <p class='ocr_par' dir='ltr' id='par_1_106' title="bbox 1920 4970 3495 5043">
     <span class='ocr_line' id='line_1_106' title="bbox 1920 4970 3495 5043; baseline 0 -17"><span class='ocrx_word' id='word_1_675' title='bbox 1920 4973 1990 5027; x_wconf 73' lang='lat'><strong>32</strong></span> <span class='ocrx_word' id='word_1_676' title='bbox 2011 4981 2067 5027; x_wconf 91' lang='lat' dir='ltr'><strong>et</strong></span> <span class='ocrx_word' id='word_1_677' title='bbox 2101 4972 2189 5034; x_wconf 86' lang='lat'><strong>75,</strong></span> <span class='ocrx_word' id='word_1_678' title='bbox 2235 4986 2346 5026; x_wconf 90' lang='lat' dir='ltr'><strong>non</strong></span> <span class='ocrx_word' id='word_1_679' title='bbox 2392 4970 2735 5025; x_wconf 88' lang='lat' dir='ltr'><strong>sanctissime</strong></span> <span class='ocrx_word' id='word_1_680' title='bbox 2770 4970 3160 5025; x_wconf 84' lang='lat' dir='ltr'><strong>observaverat</strong></span> <span class='ocrx_word' id='word_1_681' title='bbox 3179 4972 3326 5043; x_wconf 88' lang='lat' dir='ltr'><strong>leges</strong></span> <span class='ocrx_word' id='word_1_682' title='bbox 3356 4975 3495 5026; x_wconf 87' lang='lat' dir='ltr'><strong>ami-</strong></span> 
     </span>
    </p>
   </div>
   <div class='ocr_carea' id='block_1_107' title="bbox 1922 5061 3492 5134">
    <p class='ocr_par' dir='ltr' id='par_1_107' title="bbox 1922 5061 3492 5134">
     <span class='ocr_line' id='line_1_107' title="bbox 1922 5061 3492 5134; baseline -0.001 -14"><span class='ocrx_word' id='word_1_683' title='bbox 1922 5066 2067 5121; x_wconf 65' lang='lat' dir='ltr'><strong>citias</strong></span> <span class='ocrx_word' id='word_1_684' title='bbox 2118 5065 2385 5119; x_wconf 87' lang='lat' dir='ltr'><strong>adversus</strong></span> <span class='ocrx_word' id='word_1_685' title='bbox 2418 5061 2826 5116; x_wconf 87' lang='lat' dir='ltr'><strong>Theodoretum</strong></span> <span class='ocrx_word' id='word_1_686' title='bbox 2883 5062 3027 5134; x_wconf 82' lang='lat' dir='ltr'><strong>Cyro</strong></span> <span class='ocrx_word' id='word_1_687' title='bbox 3084 5065 3492 5134; x_wconf 88' lang='lat' dir='ltr'><strong>pulsum:eum</strong></span> 
     </span>
    </p>
   </div>
   <div class='ocr_carea' id='block_1_108' title="bbox 1920 5152 3495 5225">
    <p class='ocr_par' dir='ltr' id='par_1_108' title="bbox 1920 5152 3495 5225">
     <span class='ocr_line' id='line_1_108' title="bbox 1920 5152 3495 5225; baseline -0.003 -12"><span class='ocrx_word' id='word_1_688' title='bbox 1920 5157 2067 5213; x_wconf 89' lang='lat' dir='ltr'><strong>enim</strong></span> <span class='ocrx_word' id='word_1_689' title='bbox 2107 5163 2254 5211; x_wconf 90' lang='lat' dir='ltr'><strong>esset</strong></span> <span class='ocrx_word' id='word_1_690' title='bbox 2284 5156 2476 5210; x_wconf 87' lang='lat' dir='ltr'><strong>Beroea</strong></span> <span class='ocrx_word' id='word_1_691' title='bbox 2520 5153 2664 5224; x_wconf 81' lang='lat' dir='ltr'><strong>Cyro</strong></span> <span class='ocrx_word' id='word_1_692' title='bbox 2703 5152 2974 5223; x_wconf 77' lang='lat' dir='ltr'><strong>proxima,</strong></span> <span class='ocrx_word' id='word_1_693' title='bbox 3020 5154 3279 5209; x_wconf 78' lang='lat' dir='ltr'><strong>afflictum</strong></span> <span class='ocrx_word' id='word_1_694' title='bbox 3316 5170 3495 5225; x_wconf 84' lang='lat' dir='ltr'><strong>neque</strong></span> 
     </span>
    </p>
   </div>
   <div class='ocr_carea' id='block_1_109' title="bbox 1919 5245 3493 5319">
    <p class='ocr_par' dir='ltr' id='par_1_109' title="bbox 1919 5245 3493 5319">
     <span class='ocr_line' id='line_1_109' title="bbox 1919 5245 3493 5319; baseline -0.002 -16"><span class='ocrx_word' id='word_1_695' title='bbox 1919 5250 2139 5319; x_wconf 89' lang='lat' dir='ltr'><strong>opibus,</strong></span> <span class='ocrx_word' id='word_1_696' title='bbox 2178 5249 2290 5303; x_wconf 91' lang='lat' dir='ltr'><strong>imo</strong></span> <span class='ocrx_word' id='word_1_697' title='bbox 2328 5262 2431 5302; x_wconf 92' lang='lat' dir='ltr'><strong>nec</strong></span> <span class='ocrx_word' id='word_1_698' title='bbox 2464 5245 2686 5308; x_wconf 89' lang='lat' dir='ltr'><strong>litteris,</strong></span> <span class='ocrx_word' id='word_1_699' title='bbox 2725 5245 2932 5300; x_wconf 87' lang='lat' dir='ltr'><strong>solatus</strong></span> <span class='ocrx_word' id='word_1_700' title='bbox 2963 5245 3161 5301; x_wconf 90' lang='lat' dir='ltr'><strong>fuerat.</strong></span> <span class='ocrx_word' id='word_1_701' title='bbox 3201 5266 3219 5297; x_wconf 72' lang='grc' dir='ltr'><strong><em>ι</em></strong></span> <span class='ocrx_word' id='word_1_702' title='bbox 3258 5246 3313 5300; x_wconf 87' lang='lat' dir='ltr'><strong>Si</strong></span> <span class='ocrx_word' id='word_1_703' title='bbox 3363 5262 3493 5301; x_wconf 86' lang='lat' dir='ltr'><strong>eru-</strong></span> 
     </span>
    </p>
   </div>
   <div class='ocr_carea' id='block_1_110' title="bbox 1920 5336 3496 5406">
    <p class='ocr_par' dir='ltr' id='par_1_110' title="bbox 1920 5336 3496 5406">
     <span class='ocr_line' id='line_1_110' title="bbox 1920 5336 3496 5406; baseline -0.002 -12"><span class='ocrx_word' id='word_1_704' title='bbox 1920 5341 2200 5395; x_wconf 89' lang='lat' dir='ltr'><strong>delitatem</strong></span> <span class='ocrx_word' id='word_1_705' title='bbox 2257 5340 2414 5394; x_wconf 88' lang='lat' dir='ltr'><strong>istam</strong></span> <span class='ocrx_word' id='word_1_706' title='bbox 2475 5336 2649 5392; x_wconf 88' lang='lat' dir='ltr'><strong>secuti</strong></span> <span class='ocrx_word' id='word_1_707' title='bbox 2706 5352 2899 5391; x_wconf 89' lang='lat' dir='ltr'><strong>omnes</strong></span> <span class='ocrx_word' id='word_1_708' title='bbox 2953 5347 3157 5402; x_wconf 87' lang='lat' dir='ltr'><strong>essent,</strong></span> <span class='ocrx_word' id='word_1_709' title='bbox 3223 5337 3496 5406; x_wconf 89' lang='lat' dir='ltr'><strong>reliquum</strong></span> 
     </span>
    </p>
   </div>
   <div class='ocr_carea' id='block_1_111' title="bbox 1921 5425 3495 5497">
    <p class='ocr_par' dir='ltr' id='par_1_111' title="bbox 1921 5425 3495 5497">
     <span class='ocr_line' id='line_1_111' title="bbox 1921 5425 3495 5497; baseline -0.006 -11"><span class='ocrx_word' id='word_1_710' title='bbox 1921 5431 2070 5486; x_wconf 87' lang='lat' dir='ltr'><strong>aliud</strong></span> <span class='ocrx_word' id='word_1_711' title='bbox 2115 5446 2225 5485; x_wconf 93' lang='lat' dir='ltr'><strong>non</strong></span> <span class='ocrx_word' id='word_1_712' title='bbox 2275 5436 2415 5493; x_wconf 89' lang='lat' dir='ltr'><strong>erat,</strong></span> <span class='ocrx_word' id='word_1_713' title='bbox 2475 5442 2640 5497; x_wconf 89' lang='lat' dir='ltr'><strong>quam</strong></span> <span class='ocrx_word' id='word_1_714' title='bbox 2691 5434 2756 5479; x_wconf 90' lang='lat' dir='ltr'><strong>ut</strong></span> <span class='ocrx_word' id='word_1_715' title='bbox 2798 5425 2886 5479; x_wconf 90' lang='lat' dir='ltr'><strong>vel</strong></span> <span class='ocrx_word' id='word_1_716' title='bbox 2934 5426 3261 5495; x_wconf 89' lang='lat' dir='ltr'><strong>superstites</strong></span> <span class='ocrx_word' id='word_1_717' title='bbox 3309 5425 3495 5494; x_wconf 85' lang='lat' dir='ltr'><strong>inopia</strong></span> 
     </span>
    </p>
   </div>
   <div class='ocr_carea' id='block_1_112' title="bbox 1921 5517 3506 5587">
    <p class='ocr_par' dir='ltr' id='par_1_112' title="bbox 1921 5517 3506 5587">
     <span class='ocr_line' id='line_1_112' title="bbox 1921 5517 3506 5587; baseline -0.009 -7"><span class='ocrx_word' id='word_1_718' title='bbox 1921 5523 2339 5587; x_wconf 71' lang='lat' dir='ltr'><strong>conficerentur,</strong></span> <span class='ocrx_word' id='word_1_719' title='bbox 2377 5521 2462 5577; x_wconf 83' lang='lat' dir='ltr'><strong>vel</strong></span> <span class='ocrx_word' id='word_1_720' title='bbox 2504 5518 2703 5573; x_wconf 90' lang='lat' dir='ltr'><strong>mortui</strong></span> <span class='ocrx_word' id='word_1_721' title='bbox 2741 5517 3019 5587; x_wconf 86' lang='lat' dir='ltr'><strong>sepultura</strong></span> <span class='ocrx_word' id='word_1_722' title='bbox 3059 5530 3406 5582; x_wconf 87' lang='lat' dir='ltr'><strong>careremus,</strong></span> <span class='ocrx_word' id='word_1_723' title='bbox 3454 5522 3506 5567; x_wconf 90' lang='lat' dir='ltr'><strong>ct</strong></span> 
     </span>
    </p>
   </div>
   <div class='ocr_carea' id='block_1_113' title="bbox 1515 5680 2115 5738">
    <p class='ocr_par' dir='ltr' id='par_1_113' title="bbox 1515 5680 2115 5738">
     <span class='ocr_line' id='line_1_113' title="bbox 1515 5680 2115 5738; baseline 0.003 -3"><span class='ocrx_word' id='word_1_724' title='bbox 1515 5680 1825 5736; x_wconf 71' lang='lat' dir='ltr'><strong>SCIIUIJJI</strong></span> <span class='ocrx_word' id='word_1_725' title='bbox 1890 5682 2115 5738; x_wconf 65' lang='grc' dir='ltr'><strong>ΝΟΤΑΞ.</strong></span> 
     </span>
    </p>
   </div>
   <div class='ocr_carea' id='block_1_114' title="bbox 310 5745 1364 5817">
    <p class='ocr_par' dir='ltr' id='par_1_114' title="bbox 310 5745 1364 5817">
     <span class='ocr_line' id='line_1_114' title="bbox 310 5745 1364 5817; baseline 0.004 -16"><span class='ocrx_word' id='word_1_726' title='bbox 310 5746 354 5779; x_wconf 77' lang='grc'><strong><em>⁸⁸</em></strong></span> <span class='ocrx_word' id='word_1_727' title='bbox 377 5745 499 5802; x_wconf 79' lang='lat' dir='ltr'><strong>Vid.</strong></span> <span class='ocrx_word' id='word_1_728' title='bbox 522 5754 564 5799; x_wconf 86' lang='grc' dir='ltr'><strong>ι.</strong></span> <span class='ocrx_word' id='word_1_729' title='bbox 592 5745 684 5812; x_wconf 79' lang='lat' dir='ltr'><strong>IV,</strong></span> <span class='ocrx_word' id='word_1_730' title='bbox 716 5747 879 5817; x_wconf 85' lang='lat' dir='ltr'><strong>epist.</strong></span> <span class='ocrx_word' id='word_1_731' title='bbox 921 5747 1043 5813; x_wconf 69' lang='grc'><strong>147,</strong></span> <span class='ocrx_word' id='word_1_732' title='bbox 1072 5749 1140 5803; x_wconf 87' lang='lat' dir='ltr'><strong>ab</strong></span> <span class='ocrx_word' id='word_1_733' title='bbox 1187 5750 1364 5806; x_wconf 83' lang='lat' dir='ltr'><strong>initio.</strong></span> 
     </span>
    </p>
   </div>
   <div class='ocr_carea' id='block_1_115' title="bbox 558 5839 1338 5906">
    <p class='ocr_par' dir='ltr' id='par_1_115' title="bbox 558 5839 1338 5906">
     <span class='ocr_line' id='line_1_115' title="bbox 558 5839 1338 5906; baseline 0.004 -3"><span class='ocrx_word' id='word_1_734' title='bbox 558 5839 832 5904; x_wconf 71' lang='grc' dir='ltr'><strong>ΡΑτιιοι..</strong></span> <span class='ocrx_word' id='word_1_735' title='bbox 877 5846 991 5905; x_wconf 84' lang='lat' dir='ltr'><strong>Gn.</strong></span> <span class='ocrx_word' id='word_1_736' title='bbox 1029 5844 1338 5906; x_wconf 73' lang='lat' dir='ltr'><strong>LXXXIV.</strong></span> 
     </span>
    </p>
   </div>
   <div class='ocr_carea' id='block_1_116' title="bbox 3052 5837 3134 5913">
    <p class='ocr_par' dir='ltr' id='par_1_116' title="bbox 3052 5837 3134 5913">
     <span class='ocr_line' id='line_1_116' title="bbox 3052 5837 3134 5913; baseline 0 -15"><span class='ocrx_word' id='word_1_737' title='bbox 3052 5837 3134 5913; x_wconf 87' lang='lat'><strong>_10</strong></span> 
     </span>
    </p>
   </div>
  </div>
