3926 6216
461 278 577 343 ’299

1598 276 1969 337 GARNERII
2003 276 2497 337 DISSEBTATIO
2536 279 2613 339 II.

3612 278 3718 342 300

451 391 705 448 -canibus
731 389 970 461 ferisque
1006 389 1203 460 praedae
1239 403 1503 444 essemus.
1533 408 1554 440 -›
1583 390 1714 455 Quae
1743 388 2040 459 exprobra-
2075 391 2114 447 Α
2148 403 2288 451 mur,
2330 390 2385 444 in
2412 407 2518 460 qua
2562 389 2878 446 laborantes
2923 401 3138 461 tempus
3184 405 3347 447 omne
3374 392 3723 462 consumpsi-

456 485 556 541 »-tio
593 500 694 556 per
738 499 797 539 se
857 483 1058 554 gravis,
1111 481 1178 536 “ﬁt
1200 482 1364 536 etiam
1418 496 1516 550 per
1577 480 2042 550 comparationem

475 575 821 648 gravissima.
870 572 1046 630 «Sed
1082 574 1381 628 adfuerunt
1412 572 1592 637 nobis,
1642 573 1738 643 qui
1785 573 1928 627 hanc
1960 573 2042 628 vi-

475 676 595 722 tam
620 675 1004 738 aspernantur,
1037 671 1093 718 et
1131 672 1462 718 aeternorum
1501 662 1772 718 bonorum
1799 664 2041 719 fructum

451 764 817 828 exspectant,
845 754 1120 823 omnique»
1137 768 1238 808 nos
1260 749 1651 809 consolationis
1678 770 1876 827 genere
1909 755 2042 811 sub-

475 850 744 906 levarnnt.
782 865 800 900 ›

543 942 634 997 ill.
685 942 761 996 De
811 937 1096 994 monachis
1153 938 1449 1010 Cyresticis
1498 949 1554 994 et
1606 939 2042 1010 Apameensibus

473 1033 736 1103 loquitur,
787 1045 1024 1101 quorum
1066 1029 1146 1084 illi
1209 1029 1564 1085 interdictum
1613 1029 1738 1101 igne
1798 1038 1855 1085 et
1900 1045 2040 1101 aqua

471 1131 934 1187 sustentaverant,
973 1121 1063 1176 isti
1103 1121 1392 1193 expulsum
1413 1130 1762 1191 receperant.

659 1230 916 1302 Epistola
942 1230 1064 1297 155,
1098 1231 1168 1285 ad
1197 1229 1478 1285 Romulum
1515 1233 1831 1304 episcopum.

539 1347 580 1401 l.
613 1346 819 1400 Eodem
843 1352 1114 1414 tempore,
1137 1354 1192 1400 et
1223 1345 1416 1400 eodem
1446 1345 1560 1402 fere
1591 1356 1932 1418 argumento.

540 1436 608 1492 ll.
645 1436 915 1490 Romulus
951 1435 1332 1491 Chalcidensis
1368 1436 1679 1507 episcopus,
1715 1439 1786 1494 ob
1831 1439 2038 1494 timidi-

471 1537 637 1583 tatem
693 1527 960 1582 servierat
1016 1528 1270 1596 tempori,
1329 1535 1384 1582 et
1441 1542 1566 1582 cum
1613 1529 1682 1583 iis
1735 1548 1754 1582 ‹
1788 1538 2041 1585 versatus

451 1628 608 1683 erat,
666 1619 762 1688 qui
811 1620 1062 1690 ingentes
1100 1618 1300 1675 ﬂuctus
1353 1620 1724 1676 concitabant.
1771 1639 1789 1673 ι
1835 1621 2041 1678 Causas

471 1710 684 1767 timoris
741 1710 984 1766 sublatas
1041 1719 1229 1765 monet
1293 1709 1694 1777 Theodoretus,
1761 1712 2038 1769 Marciano
2072 1741 2114 1797 Β

468 1800 761 1870 imperium
802 1801 1106 1871 auspicato,
1141 1793 1306 1870 atque
1335 1809 1396 1853 ut
1427 1801 1714 1871 pristinam
1739 1803 2039 1858 amicitiam

465 1901 774 1958 conservet,
824 1894 1010 1948 timori
1053 1894 1317 1964 ignoscit;
1358 1910 1634 1966 quamque
1677 1896 1768 1950 ille
1823 1898 2041 1951 veniam

465 1987 693 2056 supplex
724 1986 922 2040 litteris
951 1985 1201 2056 petierat,
1233 1987 1472 2043 libenter
1492 1987 1760 2057 indulget.

544 2077 1013 2134 lll.0bservanda
1036 2078 1154 2134 haec
1182 2079 1351 2135 verba
1379 2097 1392 2134 :
1439 2098 1457 2132 ι
1496 2079 1825 2135 Audivimus
1861 2080 2040 2150 ipsum

463 2167 630 2222 etiam
654 2167 876 2238 pietatis
908 2177 1015 2223 tua:
1046 2169 1524 2236 contubernalem,
1553 2185 1680 2226 cum
1717 2170 2039 2225 anathema-

465 2260 655 2314 tismos
715 2259 771 2313 in
829 2260 1041 2330 magnis
1093 2261 1326 2316 urbibus
1375 2260 1554 2317 editos
1607 2269 1917 2333 cognosset,
1970 2263 2040 2317 ab

463 2351 689 2422 obliquo
741 2367 1068 2406 cancrorum
1133 2352 1354 2408 incessu
1423 2353 1721 2421 destitisse,
1781 2363 2040 2425 rectaque

465 2445 773 2516 ingressum
821 2459 963 2509 esse,
1009 2459 1132 2498 cum
1184 2443 1253 2499 de
1289 2443 1637 2514 dogmatibus
1677 2446 1732 2500 in
1763 2454 2038 2501 conventu

463 2535 702 2605 quodam
726 2535 1045 2590 dissereret.
1078 2554 1097 2587 ι

533 2626 622 2681 IV.
654 2626 732 2680 Ex
773 2625 862 2679 his
901 2624 1072 2689 enim,
1128 2640 1444 2697 quanquam
1493 2635 1579 2682 est
1626 2627 2042 2683 contubernalis

463 2715 555 2769 ille
591 2715 830 2785 ignotus,
871 2713 1146 2784 conjicere
1183 2715 1335 2783 licet,
1373 2716 1560 2773 statim
1602 2727 1766 2788 atque
1813 2718 2041 2774 Marcia-

462 2821 569 2860 nus
622 2805 802 2860 edicta
878 2803 1126 2870 rescidit,
1174 2806 1378 2876 quibus
1425 2806 1790 2877 praedatorius
1836 2808 2039 2878 Ephesi

461 2907 766 2953 conventus
827 2895 1167 2963 firmabatur,
1216 2897 1270 2952 in
1299 2898 1616 2953 civitatibus
1654 2900 1827 2954 tribus
1863 2899 2038 2954 maxi-

461 2989 600 3051 mis,
647 2987 1153 3058 Constantinopoli,
1188 2988 1480 3044 Antiochia
1535 2997 1592 3044 et
1622 2989 2035 3064 Hierosolymis,

2146 495 2286 545 mus,
2327 500 2344 532 ι
2383 492 2490 536 etc.

2213 572 2302 626 lll.
2337 572 2472 638 Quis
2507 588 2639 627 vero
2688 573 2780 628 ille
2807 573 3044 629 Joannes
3082 572 3272 641 fuerit,
3317 582 3375 628 et
3399 573 3558 644 cujus
3600 589 3721 628 mo-

2144 663 2368 717 nasterii
2397 678 2618 733 praeses,
2643 679 2711 718 an
2743 663 3040 720 Orientalis
3067 665 3320 736 alicujus,
3352 681 3420 720 an
3450 664 3722 720 Constan-

2148 753 2491 823 tinopolitani
2514 771 2529 820 ;
2554 755 2689 809 mihi
2725 755 2970 810 nondum
3007 763 3354 827 compertum
3379 765 3484 810 est.
3511 755 3720 824 Appel-

2144 844 2291 898 latur
2315 854 2464 901 certe
2502 846 2648 902 inter
2693 847 3154 902 archimandritas
3179 846 3336 902 urbis
3359 845 3545 916 regite,
3581 853 3722 900 tem-

2143 952 2275 1007 pore
2319 938 2538 992 concilii
2585 937 3070 1006 Chalcedonensis,
3101 939 3340 994 Joannes
3394 937 3620 1007 quidam
3664 936 3722 991 in

2143 1029 2332 1084 libello
2369 1030 2438 1086 ad
2466 1031 2822 1097 Marcianum,
2873 1034 3087 1088 inserto
3119 1033 3272 1089 Actis
3306 1043 3518 1102 quartae
3547 1032 3725 1085 actio-

2143 1120 2258 1187 nis;
2290 1121 2382 1176 vix
2411 1135 2592 1178 tamen
2627 1125 2956 1179 crediderim
2991 1125 3120 1180 alibi
3152 1123 3436 1195 praefuisse
3465 1130 3722 1177 nostrum

2143 1211 2308 1278 hunc,
2336 1229 2499 1283 quam
2537 1215 2591 1269 in
2635 1214 2858 1271 Oriente
2880 1257 2893 1280 ,
2922 1224 2978 1270 et
3012 1232 3077 1272 ea
3126 1216 3347 1286 quidem
3380 1221 3536 1285 parte
3558 1255 3572 1280 ,
3597 1229 3722 1286 qua:

2141 1316 2249 1356 non
2276 1305 2463 1374 procul
2488 1304 2727 1375 Apamea
2749 1306 2992 1362 abesset.

2214 1393 2302 1450 Ν.
2344 1396 2677 1452 Numeratur
2716 1400 2882 1454 etiam
2932 1414 2962 1453 a
3007 1397 3353 1453 Theodoreto
3397 1398 3544 1452 inter
3597 1412 3719 1451 san-

2142 1497 2260 1542 ctos
2285 1499 2496 1545 ascetas
2526 1505 2638 1545 suae
2672 1492 2908 1561 regionis
2924 1493 3162 1547 Joannes
3198 1490 3420 1562 quidam
3448 1509 3460 1543 :
3495 1488 3592 1543 sed
3627 1505 3718 1542 ar-

2143 1578 2509 1634 chimandrita
2547 1596 2659 1634 non
2691 1588 2809 1635 erat
2851 1595 2997 1635 anno
3021 1580 3159 1646 445;
3191 1594 3260 1632 an
3297 1584 3490 1648 postea
3528 1577 3603 1631 sit
3637 1572 3718 1628 fa-

2143 1677 2286 1735 ctus,
2318 1685 2428 1724 non
2459 1680 2696 1725 constat.

2143 1783 2388 1855 Epistula
2417 1783 2538 1851 158,
2571 1786 2642 1839 ad
2680 1785 2990 1840 Anatolium
3017 1787 3299 1857 patricium
3334 1781 3719 1855 gratulatoria.

2209 1891 2252 1948 Ι.
2279 1893 2574 1964 Postquam
2611 1908 2768 1949 suam
2817 1892 2923 1951 sibi
2965 1892 3372 1950 restitutionem
3413 1899 3471 1947 et
3517 1890 3722 1960 iniqua

2142 1985 2431 2040 sententia:
2498 1985 2885 2040 rescissionem
2937 2000 3063 2041 cum
3109 1983 3364 2039 Anatolio
3414 1981 3721 2053 gratulatus

2139 2080 2244 2137 est,
2276 2074 2575 2130 Patricium
2613 2085 2908 2145 patronum
2934 2083 3111 2146 rogat,
3147 2085 3207 2130 ut
3239 2075 3468 2128 suadeat
3512 2089 3718 2127 convo-

2140 2167 2255 2221 cari
2307 2167 2597 2238 synodum,
2641 2168 2732 2222 cui
2785 2167 3093 2222 Marcianus
3139 2183 3265 2222 cum
3313 2166 3556 2234 Augusta
3595 2164 3722 2218 Pul-

2139 2258 2330 2313 cheria
2379 2259 2618 2326 intersit,
2663 2259 2728 2314 ad
2787 2260 3214 2330 compescendas
3263 2258 3718 2312 tumultuantium

2139 2351 2354 2406 turbas.

2209 2443 2275 2498 ll.
2307 2444 2386 2498 Ex
2429 2443 2518 2499 his
2562 2451 2810 2499 constat:
2861 2445 2914 2499 1.
2954 2444 3257 2514 Epistolam
3296 2442 3558 2514 scriptam
3597 2455 3717 2496 esse

2139 2535 2245 2589 sub
2286 2537 2453 2591 linem
2509 2537 2759 2590 autumni
2806 2535 2936 2591 anni
2996 2536 3119 2591 450.
3174 2536 3232 2591 2.
3287 2535 3718 2590 Revocationem

2139 2630 2474 2686 Theodoreti
2513 2633 2726 2688 caeteris
2770 2633 2826 2687 in
2862 2633 2967 2686 hoc
3008 2631 3228 2702 negotio
3269 2629 3428 2685 factis
3468 2628 3717 2699 priorem

2137 2723 2331 2779 fuisse.
2375 2724 2428 2781 5.
2475 2726 2551 2781 De
2578 2725 2853 2780 sententia
2882 2724 3214 2780 Theodoreti
3267 2733 3507 2778 coactam
3545 2721 3720 2776 fuisse

2137 2817 2641 2875 Chalcedonensem
2679 2820 2970 2892 synodum.
2997 2821 3050 2875 4.
3081 2819 3253 2886 Quam
3279 2819 3334 2872 in
3378 2827 3495 2872 tuto
3533 2816 3720 2872 Theo-

2137 2909 2315 2964 doreti
2368 2926 2458 2965 res
2501 2911 2702 2968 futurae
2743 2921 2931 2968 essent
2979 2911 3034 2966 in
3069 2911 3298 2983 synodo,
3330 2927 3424 2965 eas
3462 2909 3719 2965 Anatolio

2138 3001 2494 3071 patriciorum
2532 3003 2730 3074 primo,
2775 3005 3028 3074 aliisque,
3063 3012 3124 3057 ut
3156 3018 3282 3058 mox
3329 3003 3566 3067 dicetur,
3611 3018 3717 3072 po-

460 3078 667 3134 dictum
704 3076 870 3133 fuisse
895 3079 1184 3134 anathema
1223 3079 1480 3151 Eutychi,
1520 3095 1784 3151 novasque
1818 3083 2032 3138 haeresi.

2149 3093 2464 3149 tentissimis
2488 3097 2657 3152 totius
2686 3096 2901 3165 imperii
2932 3096 3064 3151 viris
3090 3104 3198 3150 tam
3229 3109 3500 3165 propenso
3521 3134 3536 3159 ,
3578 3102 3718 3148 tam-

532 3169 598 3224 V.
648 3170 936 3233 Romulus,
969 3168 1037 3224 ad
1077 3186 1239 3240 quem
1274 3179 1359 3226 est
1383 3171 1636 3241 epistola,
1676 3172 1781 3227 fuit
1816 3173 2036 3229 Chalci-

459 3255 646 3311 densis
670 3257 984 3326 episcopus,
1017 3265 1079 3311 ut
1108 3257 1315 3312 dictum
1347 3269 1448 3314 est.
1479 3262 1497 3279 '
1524 3261 1781 3316 Interfuit
1803 3263 2038 3318 concilio

457 3343 894 3401 Chalcedonensi
933 3361 1078 3402 anno
1106 3347 1232 3413 151,
1266 3363 1370 3402 nec
1397 3348 1490 3402 diu
1529 3348 1688 3419 351
1726 3352 2032 3420 superfuit:

461 3432 604 3491 anno
634 3437 781 3490 enim
825 3435 952 3503 458,
996 3437 1194 3493 litteris
1224 3438 1502 3510 synodicis
1552 3438 1719 3510 Syriae
1753 3441 1942 3511 primae
1965 3441 2034 3496 ad

461 3529 698 3583 Leonem
727 3530 1116 3599 imperatorem
1150 3531 1392 3586 Domnus
1413 3529 1792 3588 Chalcidensis
1825 3534 2037 3603 episco-

461 3635 566 3692 pus
591 3621 938 3691 subscripsit.

459 3731 701 3805 ‘Epistola
739 3731 861 3805 156,
901 3731 970 3785 ad
989 3729 1185 3805 Cyrum
1237 3730 1647 3805 ngistrianum
1681 3734 2034 3790 consolatoria

704 3805 760 3857 in
793 3802 976 3871 funere
1000 3801 1180 3855 utro-ris
1216 3809 1264 3855 et
1287 3801 1388 3871 ﬁlii
1421 3801 1786 3858 adolescentis.

530 3915 748 3970 Nullam
773 3913 996 3986 praefert
1012 3918 1277 3987 temporis
1292 3926 1496 3973 certam
1526 3925 1742 3985 notam;
1766 3919 2034 3974 credibile

466 4014 651 4060 tamen
679 4014 763 4060 est
795 4006 942 4060 circa
992 4006 1181 4063 isthmc
1213 4017 1458 4079 tempora
1501 4009 1758 4080 scriptam
1792 4027 1933 4078 esse,
1986 4013 2032 4068 si

459 4097 623 4152 modo
653 4097 846 4168 Cyrus,
883 4113 1046 4168 quem
1085 4098 1466 4156 Theodoretus
1496 4100 1553 4156 in
1596 4105 1854 4172 praesenti
1900 4119 2032 4159 con-

460 4187 689 4251 solatur,
747 4187 816 4240 ab
856 4202 924 4241 eo
977 4201 1088 4241 non
1139 4186 1346 4252 ditl‘ert,
1391 4189 1482 4243 cui
1527 4191 1732 4261 gratias
1776 4193 1887 4264 agit
1916 4194 2034 4264 epi-

458 4277 598 4332 stola
656 4278 743 4344 15,
799 4279 869 4333 ob
942 4279 1166 4333 missum
1209 4277 1397 4334 vinum
1449 4280 1708 4337 Lesbium
1749 4301 1761 4336 :
1812 4284 2031 4340 videtur

448 4369 607 4424 enim
645 4379 700 4426 et
734 4371 936 4442 gratias
974 4371 1184 4443 egisse,
1217 4386 1340 4426 cum
1388 4373 1539 4444 regio
1585 4375 1842 4431 mandato
1887 4376 2030 4450 Cyro

459 4461 822 4530 detineretur,
889 4473 944 4519 et
1000 4464 1316 4520 consolatus
1377 4464 1658 4533 amictum,
1736 4470 2027 4539 posteriori

445 4561 725 4623 -tempore.

562 4665 806 4737 Epistola
843 4667 965 4734 157,
995 4669 1064 4722 ad
1094 4669 1358 4724 Joannem
1395 4671 1889 4727 archimandritam.

516 4777 567 4829 Ἰ.
597 4777 860 4831 Hortatur
892 4778 959 4832 ad
983 4780 1187 4849 gratias
1216 4781 1328 4835 Deo
1360 4781 1618 4851 agendas,
1655 4780 1802 4850 quod
1829 4801 1847 4834 ι
1873 4784 2024 4839 adul-
2050 4794 2064 4808 '

445 4865 634 4920 :terina
659 4882 723 4921 ac
766 4869 951 4937 spuria
993 4868 1248 4940 dogmata
1280 4871 1636 4940 dissipasset;
1679 4887 1802 4941 quae
1843 4883 2023 4930 autem

445 4958 510 5012 in
562 4958 734 5012 sacris
777 4959 1088 5030 Evangeliis
1137 4961 1299 5018 nobis
1345 4961 1596 5028 tradidit,
1650 4978 1718 5018 ea
1746 4971 1806 5018 ut
1847 4966 2020 5022 libere

448 5047 840 5119 pra-dicentur,
870 5049 1070 5105 cﬂ'ecit.
1106 5070 1124 5103 ι

519 5138 587 5193 ll.
628 5138 870 5207 Epistola
908 5140 1075 5209 igitur
1119 5143 1323 5213 scripta
1353 5154 1471 5210 est,
1517 5146 1794 5202 Marciano
1846 5148 2022 5219 impe-

449 5231 596 5284 rium
637 5231 939 5300 auspicato,
982 5248 1014 5288 e
1045 5237 1399 5301 monasterio,
1431 5237 1488 5291 in
1514 5238 1661 5307 quod
1695 5238 2021 5297 Theodore-

449 5332 543 5378 tus
593 5333 914 5388 recesserat,
955 5339 1066 5378 non
1092 5311 1344 5380 restituta
1386 5328 1536 5393 sede,
1588 5331 1736 5399 quod
1779 5332 2023 5389 indicant

449 5415 587 5471 satis
624 5415 740 5471 haec
784 5417 996 5471 verba:
1052 5436 1070 5468 ι
1102 5415 1352 5473 Civitatis
1399 5419 1679 5477 desiderio
1720 5439 1830 5478 non
1866 5434 2022 5481 tene-

2138 3197 2245 3252 que
2279 3182 2574 3253 diligenter
2611 3185 2954 3241 curantibus.

2137 3291 2379 3362 Epistola
2407 3293 2522 3358 159,
2564 3293 2634 3347 ad
2654 3293 2912 3348 Avienum
2954 3293 3220 3348 consulem
3246 3301 3294 3348 et
3330 3293 3612 3364 patricium
3644 3291 3714 3350 ’°.

2207 3400 2248 3456 Ι.
2276 3399 2492 3456 Gratias
2521 3401 2631 3472 agit
2661 3399 2893 3467 Avieno,
2934 3401 3079 3471 quod
3121 3401 3452 3456 Marcianum
3479 3402 3717 3470 impera-

2137 3496 2314 3542 torem
2366 3487 2434 3542 de
2477 3487 2678 3558 injuria
2721 3487 2826 3542 sibi
2883 3489 3029 3543 illata
3075 3488 3370 3552 monuerit,
3412 3498 3717 3561 auctorque

2135 3574 2303 3629 fuerit
2329 3573 2700 3639 rescindendi,
2727 3589 2849 3644 qua:
2891 3574 3092 3645 Ephesi
3134 3589 3420 3644 perperam
3461 3574 3622 3644 352
3656 3575 3715 3629 in

2136 3673 2238 3714 suo
2259 3661 2480 3731 negotio
2509 3661 2649 3716 facta
2683 3669 2905 3715 essent:
2949 3662 3190 3730 postulat
3228 3661 3476 3730 insuper,
3522 3670 3582 3715 ut
3612 3677 3716 3718 suo

2136 3746 2360 3802 nomine
2420 3747 2624 3818 gratias
2675 3747 2999 3818 imperatori
3061 3747 3430 3819 Angustaque
3483 3749 3710 3810 referat.

2136 3834 2472 3904 suadeatque
2499 3850 2695 3905 cogere
2733 3833 3025 3906 synodum.

2210 3920 2272 3976 Il.
2321 3921 2651 3992 lnscriptum
2691 3921 2797 3976 fuit
2843 3921 2900 3975 in
2950 3919 3237 3976 codicibus
3284 3919 3448 3976 editis
3485 3920 3716 3991 Asparis

2135 4023 2376 4063 nomen:
2422 4008 2517 4064 sed
2544 4023 2670 4064 cum
2711 4007 2956 4063 Avienus
3021 4023 3166 4063 anno
3211 4007 3317 4062 450
3362 4009 3714 4064 consulatum

2135 4100 2386 4170 gesserit,
2420 4100 2476 4155 et
2511 4099 2893 4156 Theodoretus
2933 4101 3217 4155 consulem
3248 4100 3526 4155 neminem
3557 4116 3714 4155 com-

2133 4192 2338 4261 pellare
2402 4191 2598 4247 solitus
2646 4192 2737 4258 sit,
2791 4191 2898 4248 nisi
2941 4207 3052 4262 quo
3115 4199 3360 4261 tempore
3416 4192 3713 4246 consulatu

2134 4284 2472 4354 fungeretur,
2529 4283 2871 4338 emendanda
2934 4283 3039 4338 fuit
3095 4283 3282 4347 lectio,
3344 4281 3472 4337 inde
3519 4281 3711 4337 forsan

2133 4382 2413 4445 corrupta,
2441 4374 2589 4444 quod
2615 4375 2746 4429 olim
2768 4375 2905 4441 sola,
2933 4384 2994 4429 ut
3030 4374 3108 4440 ﬁt,
3133 4374 3198 4429 A.
3225 4374 3407 4429 littera
3442 4373 3710 4445 inscripta

2132 4465 2300 4520 fuerit
2326 4465 2591 4536 epistola.

2200 4559 2289 4615 ill.
2317 4559 2507 4614 Lectio
2532 4558 2756 4628 vulgata
2781 4558 3012 4614 retineri
3042 4574 3151 4612 non
3181 4566 3383 4628 potest,
3414 4557 3522 4612 nisi
3548 4557 3704 4611 dica-

2127 4661 2218 4706 tur
2268 4650 2476 4704 Avieno
2530 4650 2744 4704 consuli
2802 4649 3085 4705 ordinario
3122 4650 3448 4719 subrogatus
3502 4647 3703 4718 Aspar,

2125 4741 2212 4797 vel
2250 4741 2322 4796 ob
2379 4740 2577 4795 Avieni
2629 4748 2887 4806 mortem,
2945 4740 3032 4795 vel
3067 4739 3173 4795 alia
3220 4740 3288 4794 de
3340 4753 3525 4804 causa,
3579 4754 3705 4809 qua:

2123 4835 2311 4891 lateat.

2291 4947 2532 5020 Epistola
2570 4948 2692 5012 140,
2727 4948 2796 5001 ad
2837 4947 3196 5002 Vincamalum
3227 4951 3530 5020 patricium.

2197 5061 2239 5116 1.
2283 5061 2459 5118 Causa
2500 5059 2814 5122 scribendi,
2864 5065 3194 5128 tempusque
3236 5059 3416 5114 missas
3455 5059 3705 5130 epistolae

2128 5163 2316 5224 aperte
2352 5152 2686 5208 ostenditur.
2741 5170 2760 5203 ί
2793 5150 2965 5206 Valde
3009 5167 3130 5205 sum
3166 5151 3419 5216 miratus,
3470 5151 3566 5205 ubi
3611 5167 3702 5206 co-

2127 5245 2289 5316 gnovi
2339 5242 2798 5313 magniﬁcentiam
2867 5250 3128 5306 vestram,
3181 5257 3305 5296 cum
3363 5258 3450 5297 res
3479 5241 3702 5312 penitus

2126 5338 2424 5407 ignoraret,
2453 5349 2516 5389 ac
2541 5334 2734 5394 solam.
2764 5349 2886 5403 quae
2914 5333 2969 5386 in
3000 5349 3101 5387 nos
3133 5333 3274 5387 facta
3304 5341 3406 5397 est,
3437 5333 3698 5402 injuriam

2128 5427 2430 5492 didicisset,
2496 5426 2864 5496 patrocinium
2910 5433 3159 5479 nostrum
3209 5423 3539 5495 suscepisse,
3572 5436 3698 5478 om-

1783 5577 2098 5634 SCIIULZII
2127 5577 2350 5633 ΝΟΤᾸΕ.

516 5687 566 5718 ⁸ο
588 5685 865 5740 Αυὶεηαηι.
917 5683 1040 5740 Vid.
1079 5701 1265 5756 supra,
1300 5703 1352 5757 p.
1392 5689 1513 5757 194,
1548 5691 1720 5746 schol.
1751 5691 1802 5744 1.
