3926 6216
199 315 287 384 361
1348 313 1444 371 DE
1475 308 1731 371 LIBRIS
1767 307 2253 372 THEODORETI

3326 316 3430 380 ἴτθὲ

201 428 384 497 nisque
439 423 831 488 commovisse,
884 429 946 476 ut
997 431 1341 494 comparatas
1398 430 1590 477 contra
1652 435 1756 476 nos
1785 421 1829 480 Α
1858 436 2073 479 morum
2119 426 2576 496 compositionem
2604 471 2617 493 ,
2674 429 2932 485 blandam
2991 440 3048 486 et
3099 432 3432 489 allicientem

203 518 464 575 machinas
496 525 798 572 everteret.
831 533 850 566 ι

260 610 320 665 ll.
344 609 552 665 Gratiis
582 609 849 679 .impense
892 607 1030 662 actis
1066 607 1483 670 Theodoretus,
1535 606 1757 663 easdem

203 698 523 764 Vincomalo,
550 713 693 769 quas
717 699 841 752 aliis
862 696 1082 752 duobus
1107 696 1373 768 patriciis,
1404 696 1516 753 fert
1542 711 1754 767 preces,

205 801 256 847 ut
273 806 368 846 suo
413 791 645 845 nomine
692 789 896 860 gratias
926 789 1189 861 Augustis
1232 798 1379 860 agat,
1432 798 1489 845 et
1534 789 1759 845 suadeat

204 882 376 940 haberi
406 882 706 955 synodum.

172 1042 175 1043 ν
203 1000 220 1019 ⁹
243 996 477 1069 Epistolis
511 997 636 1063 Ml,
667 997 740 1051 ad
773 994 1089 1051 Marcellum
1116 993 1593 1049 archimandritam
1626 1008 1759 1046 aco:-

819 1076 1102 1121 auctarum.

259 1181 297 1234 1.
319 1180 614 1235 Marcellus
650 1178 747 1235 ille
775 1186 1169 1234 acmmetarum
1204 1184 1360 1247 pater
1384 1174 1492 1229 fuit
1521 1187 1666 1228 unus
1691 1172 1760 1226 de

204 1267 653 1334 archimandritis,
698 1267 817 1338 qui,
875 1266 1063 1322 oblato
1094 1258 1316 1330 libello,
1371 1264 1759 1333 imperatorem

204 1360 520 1416 Marcianum
543 1368 829 1431 rogarunt,
856 1359 978 1415 dari
1016 1359 1122 1414 sibi
1160 1365 1489 1428 potestatem
1524 1354 1761 1425 compri-

206 1450 367 1505 mendi
414 1450 686 1519 reliquias
718 1450 1003 1520 Eutychis,
1052 1450 1111 1504 in
1150 1446 1505 1503 monasteriis
1550 1454 1757 1514 etspe-

205 1542 360 1596 laneis
406 1541 717 1604 latitantes,
770 1548 936 1611 atque
987 1540 1222 1596 haeresin
1273 1539 1544 1603 foventes,
1595 1537 1664 1592 ad
1708 1553 1760 1590 tv

202 1635 377 1691 conci].
401 1633 668 1691 Chalced.

264 1727 323 1781 ll.
346 1727 580 1782 Biennio
603 1736 788 1789 antea,
820 1726 878 1781 in
920 1723 1130 1798 synodo
1153 1723 1759 1816 Constantinopolitana
1793 1759 1834 1816 Β

206 1819 444 1885 Flaviani,
481 1834 634 1874 anno
659 1819 765 1874 M8
805 1827 1084 1889 postremo
1115 1818 1238 1873 loco
1281 1815 1609 1886 subscripsit
1643 1830 1763 1869 sen-

204 1912 388 1977 tentia,
419 1927 533 1982 qua
568 1911 856 1981 depositus
902 1920 987 1965 est
1010 1910 1305 1978 Eutyches,
1359 1916 1420 1963 ut
1455 1915 1671 1963 constat
1695 1923 1760 1961 ex

207 2002 339 2058 Actis
379 2002 580 2074 synodi
633 2003 1275 2073 Constantinopolitanae,
1325 2015 1449 2071 quae
1483 2000 1638 2054 Actis
1669 2014 1760 2069 sy-

207 2095 319 2149 nodi
339 2094 811 2151 Chalcedonensis
840 2094 1178 2149 inseruntur.

264 2188 345 2242 ill.
377 2189 493 2244 Nec
518 2186 855 2257 subscripsit
890 2193 1104 2241 tantum
1133 2186 1189 2240 in
1225 2183 1456 2256 synodo,
1483 2182 1579 2238 sed
1595 2182 1762 2236 etiam

210 2280 368 2334 verbis
390 2288 582 2349 postea
619 2278 867 2334 Flaviani
892 2277 1219 2333 sententiam
1248 2275 1636 2347 prepugnavit,
1668 2287 1765 2328 ne—

209 2370 481 2441 quidquam
512 2378 755 2425 terrente
787 2369 935 2435 aula,
958 2376 1104 2424 utex
1129 2368 1233 2424 hac
1254 2368 1484 2438 epistola
1508 2366 1765 2438 colligere

210 2473 296 2520 est.

268 2554 347 2608 lY.
370 2553 602 2609 Tantam
636 2554 690 2609 ei
726 2552 1089 2609 constantiam
1119 2552 1427 2623 gratulatur
1454 2552 1764 2609 Theodore-

213 2652 305 2711 tus,
328 2646 600 2717 simulque
619 2645 849 2716 exponit
879 2645 965 2701 sui
988 2659 1241 2701 secessus
1263 2645 1509 2715 quietem
1537 2660 1601 2700 ac
1628 2662 1764 2717 gau-

211 2737 342 2792 dium
372 2738 439 2794 de
483 2737 789 2794 obstructis
828 2737 1021 2793 oribus
1046 2752 1265 2804 eorum,
1294 2738 1390 2808 qui
1421 2739 1527 2794 sibi
1558 2740 1766 2810 Deique

211 2829 534 2901 dogmatibus
564 2830 1023 2886 adversabantur.

268 2920 495 2977 Y.Hanc
527 2922 698 2993 igitur
724 2922 1014 2992 epistolam
1057 2937 1126 2977 ex
1169 2936 1270 2977 suo
1322 2937 1541 2978 secessu
1590 2922 1765 2987 dedit,

210 3012 483 3068 inclinante
535 3023 827 3075 autumno,
892 3023 1188 3083 postquam
1254 3012 1325 3068 de
1385 3013 1653 3068 Marciani
1710 3021 1767 3068 et

1859 528 2184 585 congressus
2210 517 2578 584 dulcedinem,
2610 529 2668 575 et
2709 522 2815 577 alia
2848 539 3189 593 quaecunque
3235 524 3431 595 depin-

1858 618 1993 676 gunt
2020 608 2321 678 perfectum
2355 611 2638 667 alumnum
2664 613 3043 685 philosOpliiae.
3071 634 3088 666 ι

1928 698 2015 753 IV.
2062 698 2416 756 Observanda
2464 703 2578 759 haec
2612 704 2820 761 verba:
2859 724 2876 758 ι
2924 707 3184 778 Peraeque
3236 709 3435 779 impios

1857 791 2045 846 censui
2093 808 2190 846 eos
2214 833 2229 856 ,
2273 794 2368 863 qui
2415 793 2553 850 duas
2584 795 2861 866 Unigeniti
2896 807 3121 854 naturas
3173 799 3230 853 in
3268 814 3433 855 unam

1858 898 2054 952 cogere
2102 884 2339 949 audent,
2397 895 2454 941 et
2482 887 2577 956 qui
2620 888 2913 942 Dominum
2943 897 3193 944 nostrum
3245 890 3434 946 Jesum

1858 970 2159 1039 Christum,
2180 975 2379 1031 Filium
2404 978 2502 1032 Dei
2538 978 2645 1033 vivi
2668 1020 2683 1045 ,
2722 980 3002 1037 hominem
3030 981 3235 1037 factum
3262 984 3433 1038 Deum

1860 1063 2123 1129 Verbum,
2178 1067 2235 1121 in
2285 1067 2424 1123 duos
2466 1068 2608 1125 filios
2650 1070 2900 1128 dividere
2933 1085 3220 1140 conantur,
3264 1076 3308 1129 si
3339 1076 3433 1146 qui

1860 1166 1988 1211 sunt
2012 1158 2254 1224 tandem,
2284 1174 2385 1230 ego
2415 1162 2561 1217 enim
2597 1178 2708 1217 non
2739 1174 2903 1234 puto;
2932 1165 3026 1220 sed
3057 1166 3197 1220 hanc
3220 1164 3437 1237 semper

1860 1249 2188 1304 calumniam
2225 1251 2501 1317 Ecclesiae,
2539 1255 2633 1324 qui
2676 1254 2789 1309 Arii
2832 1266 2887 1311 et
2923 1257 3201 1322 Eunomii,
3233 1260 3438 1329 quique

1860 1340 2187 1411 Apollinarii
2231 1354 2417 1414 partes
2469 1354 2797 1417 sequuntur,
2840 1349 3191 1420 impudenter
3212 1351 3438 1407 afﬁnxe-

1861 1439 2020 1499 runt;
2058 1443 2114 1488 at
2138 1450 2272 1491 vero
2305 1436 2464 1492 facile
2505 1447 2591 1493 est
2633 1438 2993 1509 diligentibus
3020 1440 3439 1510 pervidere,ce-

1861 1522 2184 1581 leberrimos
2195 1526 2383 1583 Patres
2402 1537 2638 1593 nostros,
2661 1531 2869 1584 lumina
2886 1531 3277 1597 Ecclesiarum,
3298 1533 3437 1588 hanc

1862 1613 2035 1684 ipsam
2080 1631 2112 1671 a
2159 1618 2409 1673 veritatis
2452 1618 2707 1674 hostibus
2760 1621 3201 1677 criminationem
3248 1638 3437 1693 passos

1861 1722 2005 1773 esse,
2028 1723 2192 1778 quam
2220 1724 2320 1765 nos
2368 1709 2474 1766 hoc
2502 1718 2748 1781 tempore
2787 1712 2857 1766 ab
2895 1714 3118 1783 optimis
3140 1729 3295 1769 novae
3325 1715 3437 1771 ha:-

1863 1798 2003 1853 resis
2031 1799 2417 1857 inventoribus
2442 1802 2802 1869 sustinemus,
2831 1819 3068 1873 quorum
3100 1805 3437 1876 impietatem

1861 1890 2302 1959 sapientissimus
2343 1894 2609 1947 Dominus
2638 1893 2915 1963 patefecit,
2963 1909 3074 1949 non
3115 1898 3441 1965 permittens

1862 1979 2125 2036 diuturna
2163 1984 2429 2053 patientia
2455 1983 2720 2037 nefariam
2747 1984 2983 2041 hmresin
3015 1987 3380 2043 corroborari.
3414 2009 3432 2039 ο

1864 2070 1993 2127 Inde
2014 2072 2172 2142 plura
2197 2075 2602 2146 intelliguntur.

1936 2162 1996 2217 ν.
2031 2164 2295 2233 Primum,
2354 2182 2464 2236 quo
2495 2169 2662 2226 etiam
2701 2181 2816 2227 tum
2849 2173 3034 2227 animo
3058 2170 3442 2228 Theodoretus

1865 2252 2007 2308 foret
2038 2270 2166 2327 erga
2196 2257 2497 2313 Diodorum
2527 2260 2854 2319 Tarsensem
2870 2272 2926 2319 et
2951 2262 3297 2318 Theodorum
3330 2265 3443 2320 Mo-

1865 2354 2245 2415 psuestenum,
2282 2349 2520 2405 Nestorii
2568 2355 2881 2425 magistros,
2906 2370 3183 2425 quamque
3207 2356 3277 2411 de
3306 2355 3443 2426 ipsis

1866 2438 2183 2509 opinionem
2224 2442 2511 2508 retineret,
2548 2446 2716 2500 etiam
2747 2454 2872 2517 post
2912 2448 3202 2517 utriusque
3237 2448 3443 2503 doctri-

1866 2545 1992 2584 nam
2015 2545 2047 2584 a
2066 2530 2262 2617 Proelo
2294 2533 2477 2587 tacitis
2524 2535 2843 2591 nominibus
2872 2537 2926 2590 in
2966 2543 3115 2592 tomo
3152 2536 3221 2591 ad
3246 2537 3445 2594 Arme-

1867 2636 1988 2685 nes,
2017 2637 2048 2676 a
2071 2621 2276 2692 Cyrillo
2297 2632 2487 2693 aperte
2520 2625 2680 2681 libris
2705 2626 2923 2682 duobus
2954 2627 3264 2684 refutatum.

1936 2713 2086 2779 Quos
2101 2722 2283 2770 autem
2301 2715 2667 2771 celeberrimos
2692 2717 2880 2773 Patres
2906 2729 3109 2774 nostros
3130 2730 3308 2788 vocat,
3325 2722 3446 2779 Dio-

1868 2805 2062 2860 dorum
2100 2815 2158 2861 et
2204 2806 2557 2863 Theodorum
2611 2825 2733 2866 esse
2782 2827 2946 2867 nemo
2987 2814 3300 2884 negaverit,
3348 2817 3444 2886 qui

1868 2898 2153 2968 epistolam
2182 2900 2323 2954 hanc
2354 2902 2652 2957 contulerit
2680 2917 2804 2957 cum
2839 2904 3051 2969 verbis,
3082 2914 3196 2960 tum
3242 2908 3449 2977 episto—

1869 2989 2018 3044 laelti
2053 3004 2117 3043 ac
2142 2990 2339 3059 dialogi
2368 2990 2421 3054 l,
2451 2990 2555 3045 sub
2580 2991 2773 3056 finem;
2804 2999 2921 3046 tum
2952 2994 3241 3064 utriusque
3267 2996 3448 3052 Histo~

216 3105 489 3162 Pulchrae
552 3105 798 3164 decretis
848 3104 1116 3160 adversus
1188 3106 1475 3179 Eutychen
1541 3105 1765 3159 resciis_
1794 3108 1836 3164 ο
1871 3083 1985 3144 riae,
2010 3082 2367 3136 ecclesiastij
2409 3098 2606 3152 nempe
2640 3092 2696 3137 et
2741 3084 3031 3154 religiosa;
3059 3092 3182 3140 tum'
3208 3087 3448 3159 denique

216 3210 300 3255 set.

606 3312 851 3384 Epistula
884 3314 1003 3379 ita,
1021 3279 1100 3367 ad
1127 3313 1383 3367 eumdem.

269 3421 480 3477 Lilissa
507 3430 594 3476 est
634 3422 802 3491 paulo
826 3429 949 3492 post
975 3422 1393 3492 praecedentem.
1428 3441 1445 3473 ι
1501 3421 1634 3477 Aliis
1655 3424 1767 3494 jam

212 3512 389 3581 litteris
408 3513 673 3583 pietatem
704 3520 852 3567 tuam
880 3513 1030 3568 allati
1056 3530 1265 3569 sumus.
1295 3532 1313 3566 ι

270 3604 327 3659 ll.
350 3604 561 3659 Laudat
575 3620 711 3660 vero
734 3605 1114 3661 Theodoretus
1131 3607 1577 3663 archimandrita:
1612 3627 1627 3658 ι
1652 3615 1768 3662 tum

213 3692 568 3749 admirandam
596 3695 792 3760 vitam,
817 3702 932 3750 tum
962 3694 1296 3750 laudabilem
1353 3696 1551 3761 zelum,
1604 3712 1767 3767 quem

216 3785 502 3851 apostolica:
527 3784 660 3839 fidei
686 3800 849 3840 causa
872 3784 1269 3852 declaraverat,
1294 3801 1395 3840 nec
1434 3786 1638 3857 regiam
1669 3802 1769 3856 po-

217 3875 419 3930 tentiam
470 3876 803 3942 formidans,
866 3892 969 3932 nec
1014 3878 1404 3948 episcoporum
1448 3877 1769 3932 consensio-

216 3978 342 4029 nem,
377 3984 395 4017 ι
424 3974 535 4022 etc.

217 4080 353 4154 353
396 4084 640 4156 Epistola
663 4086 787 4152 145,
811 4087 881 4140 ad
889 4086 1160 4142 Andream
1181 4089 1496 4142 monachum
1512 4086 1774 4143 Constan-

652 4156 939 4227 tinopoleos
976 4158 1313 4229 paraznetica.

276 4264 311 4318 Ι.
340 4265 472 4322 Data
492 4275 580 4323 est
611 4283 641 4322 e
667 4284 887 4324 secessu
912 4270 1232 4325 monasterii
1253 4269 1631 4340 Apameensis,
1661 4288 1773 4343 quo

218 4361 444 4427 tempore
493 4377 512 4409 ι
563 4374 721 4415 novae
758 4358 985 4416 haeresis
1022 4360 1375 4416 defensorum
1423 4361 1772 4432 iniquitatem

1871 3173 2111 3246 Calalogi
2140 3173 2467 3242 scriptorum
2497 3174 2565 3228 ab
2592 3173 2938 3229 Hebed-Jesu
2962 3179 3251 3247 compositi
3284 3197 3296 3232 :
3320 3196 3446 3235 nam

1874 3267 1928 3320 in
1963 3267 2146 3337 priore
2174 3267 2295 3321 loco
2328 3263 2627 3321 Diodorum
2672 3271 2736 3320 et‘
2767 3264 3118 3322 Theodorum
3164 3279 3449 3325 sanctos'et

1873 3359 2050 3413 beatos
2096 3358 2313 3423 Patres,
2345 3361 2728 3432 magistrosque
2758 3375 2880 3416 suos
2911 3361 3166 3433 appellat.
3201 3361 3451 3432 Appellat

1873 3466 2091 3521 quoque
2116 3451 2174 3505 in
2197 3450 2414 3522 dialogo
2453 3452 2504 3519 l,
2533 3452 2844 3523 fortissimos
2876 3457 3113 3509 veritatis
3144 3471 3449 3528 propugna-

1879 3551 2034 3609 tores,
2069 3544 2307 3614 rivosque
2331 3542 2560 3615 Spiritus
2581 3546 2772 3599 sancti.
3046 3562 3055 3570 ·

1946 3634 2245 3690 Diodorum
2295 3649 2429 3689 vero
2453 3635 2508 3689 in
2530 3634 2914 3691 Ecclesiastica:
2959 3636 3208 3692 Historia!
3247 3638 3345 3692 lib.
3375 3654 3447 3701 Iv,

1875 3740 1996 3796 cap.
2026 3725 2117 3791 Ἡ,
2143 3726 2366 3795 quantis
2395 3727 2653 3782 laudibus
2674 3726 2874 3781 afﬁcit!
2920 3745 2939 3777 ι
2974 3727 3447 3799 Sapientissimus,

1875 3815 2040 3888 355
2081 3816 2281 3886 inquit,
2325 3815 2764 3886 fortissimusque
2815 3816 3108 3881 Diodorus,
3159 3818 3313 3889 quasi
3354 3818 3454 3873 llu-

1877 3908 1999 3962 vius
2022 3908 2245 3977 quidam
2274 3908 2536 3977 limpidus
2567 3915 2624 3962 et
2662 3908 2855 3977 ingens
2898 3923 3028 3964 suos
3063 3909 3286 3979 quidem
3328 3910 3454 3964 irri-

1877 4000 2071 4069 gabat;
2101 3999 2541 4054 adversariorum
2574 4014 2706 4054 vero
2731 4000 3101 4071 blasphemias
3126 4002 3388 4057 diluebat.
3428 4025 3446 4054 ο

1878 4090 1946 4145 Et
2004 4090 2278 4160 Religion:
2326 4091 2573 4147 Historiae
2609 4107 2729 4162 cap.
2764 4094 2822 4147 Η
2855 4111 2866 4146 :
2916 4112 2935 4145 ε
2986 4093 3166 4148 Divini
3195 4093 3455 4166 beatique

1878 4181 1981 4235 viri
2004 4182 2292 4237 Flavianus
2318 4191 2375 4238 et
2401 4183 2675 4238 Diodorus
2697 4184 2900 4255 populo
2932 4185 3319 4255 praesidebant.
3359 4206 3376 4238 ι

1948 4277 1964 4294 ⁸
2000 4275 2076 4329 De
2106 4274 2398 4330 Theodoro
2436 4275 2570 4345 quid
2596 4276 2796 4330 habeat
2824 4276 2922 4331 lib.
2950 4293 2983 4330 v
3035 4277 3237 4332 Eccles.
3276 4278 3459 4333 Histo-

1881 4368 1993 4433 n'w,
2025 4367 2223 4435 saepius
2251 4366 2473 4422 allatum
2501 4374 2604 4421 est.

216 4451 641 4520 sapientissimus
674 4451 942 4507 Dominus
972 4452 1251 4523 patefecit,
1304 4469 1413 4508 non
1448 4454 1775 4523 permittens
1807 4467 1851 4523 ι)
1945 4459 2295 4515 Hebed-Jesu
2328 4474 2623 4514 recensens
2654 4458 2986 4515 Theodoreti
3023 4475 3212 4530 Opera,
3245 4479 3262 4509 ι
3293 4459 3453 4515 Com-

217 4541 456 4601 diutuma
481 4545 751 4617 patientia
783 4546 1049 4602 nefariam
1078 4548 1313 4603 baeresin
1341 4547 1712 4603 corroborari.
1751 4567 1769 4600 ι

218 4634 411 4702 Quibus
466 4638 659 4694 verbis
709 4638 1027 4693 indicantur
1077 4639 1337 4695 Marciani
1378 4638 1555 4695 initia.
1594 4638 1777 4706 Quare

220 4746 329 4785 cum
375 4733 547 4787 altera
576 4732 1007 4802 praecedentium
1042 4732 1275 4786 duarum
1317 4731 1483 4786 missa
1513 4741 1598 4787 est
1629 4731 1776 4787 Con-

220 4826 611 4897 stantinopolim
641 4841 743 4895 per
788 4825 1089 4880 monachos
1115 4841 1181 4880 eo
1205 4825 1522 4880 redeuntes.

277 4914 338 4972 Il.
362 4917 490 4972 Fuit
509 4916 763 4973 Andreas
796 4915 911 4980 ille,
956 4923 1017 4970 ut
1046 4915 1289 4981 videtur,
1320 4916 1774 4980 archimandrita,

222 5006 303 5075 qui
346 5010 678 5081 depositioni
722 5009 987 5082 Eutychis
1033 5009 1212 5080 primo
1269 5008 1413 5062 inter
1462 5008 1775 5063 archiman-

225 5097 376 5157 dritas
422 5103 546 5159 loco
584 5118 688 5174 per
717 5102 1071 5158 Timotheum
1112 5101 1497 5172 presbyterum
1538 5099 1777 5154 subscri-

224 5191 317 5259 psit
341 5193 392 5248 in
418 5195 658 5252 concilio
683 5193 928 5249 Flaviani
955 5209 1099 5247 anno
1125 5193 1250 5248 M8.

284 5282 364 5339 ΙΙΙ.
387 5285 663 5343 Andream
691 5283 1074 5340 Theodoretus
1103 5284 1298 5338 invitat
1323 5282 1391 5337 ad
1430 5279 1781 5336 scribendum

228 5375 315 5430 sibi
338 5379 481 5435 velut
518 5377 773 5434 consorti
814 5375 962 5440 ﬁdei,
995 5390 1171 5445 eoque
1214 5383 1274 5429 ut
1322 5373 1586 5443 impellat.
1626 5372 1784 5425 miris

226 5458 377 5531 ipsum
400 5467 663 5522 laudibus
692 5463 931 5519 extollit.
965 5482 983 5514 ‹
1014 5464 1280 5518 Mirantur
1318 5478 1511 5517 omnes
1539 5461 1664 5515 ﬁdei
1699 5476 1783 5515 rc—

217 5553 553 5625 ctitudinem,
618 5555 756 5610 vitae
791 5553 1096 5609 claritatem
1122 5594 1135 5619 ,
1182 5554 1544 5609 constantiam
1589 5551 1779 5615 animi,

1878 4552 2082 4622 posuit,
2114 4552 2312 4621 inquit,
2352 4551 2657 4622 apologiam
2690 4567 2790 4621 pro
2810 4552 3068 4607 Patribus
3091 4552 3294 4606 nostris
3319 4552 3456 4606 duo—

1879 4642 1985 4697 bus
2018 4641 2280 4707 tomis“;
2318 4661 2336 4692 )
2373 4657 2475 4712 pro
2503 4641 2572 4696 iis
2616 4657 2815 4711 nempe
2841 4640 3117 4704 Patribus,
3160 4656 3298 4710 quos
3328 4656 3456 4695 san-

1879 4741 2003 4787 ctus
2051 4731 2288 4803 Cyrillus
2348 4732 2732 4803 impugnavit,
2785 4747 3132 4802 quorumque
3178 4740 3455 4787 tomorum

1878 4823 2179 4892 fragmenta
2214 4824 2417 4880 inserta
2439 4832 2567 4878 sunt
2586 4822 2735 4879 Actis
2765 4824 2970 4892 quinta:
2996 4822 3210 4893 synodi,
3253 4823 3379 4878 coll.
3401 4824 3452 4877 5.

1958 4914 2295 4980 Secundum,
2330 4914 2464 4983 quid
2497 4913 2749 4967 similiter
2786 4920 2909 4981 post
2944 4913 3238 4966 concilium
3269 4914 3450 4983 Ephe-

1884 5005 2086 5069 sinum,
2122 5013 2243 5074 post
2274 5004 2462 5058 initam
2481 5003 2847 5058 Ecclesiarum
2884 5018 3093 5073 pacem,
3125 5013 3247 5074 post
3269 5006 3456 5075 expla-

1884 5104 2067 5149 natam
2101 5110 2130 5149 a
2173 5093 2375 5166 Cyrillo
2412 5094 2575 5149 toties
2620 5093 2687 5149 de
2735 5095 3115 5151 incarnatione
3166 5095 3345 5162 fidem,
3388 5096 3456 5150 de

1882 5184 2119 5240 Nestorii
2142 5185 2393 5257 dogmate
2429 5186 2657 5240 sentiret
2692 5202 2704 5238 :
2734 5184 2993 5240 credebat
3028 5201 3225 5256 nempe
3265 5187 3456 5242 catho»

1880 5277 2070 5341 licnm,
2095 5276 2537 5347 quandoquidem
2564 5277 2871 5332 communis
2895 5284 3016 5332 erat
3046 5276 3450 5331 Catholicorum

1885 5368 2090 5438 pariter
2127 5376 2291 5437 atque
2342 5369 2703 5423 sectariorum
2746 5368 2969 5438 Opinio;
3021 5367 3165 5436 quod
3218 5366 3457 5420 Nestorii

1884 5452 2387 5525 dogmaadoctrina
2418 5458 2639 5511 Diodori
2665 5467 2720 5512 et
2746 5457 3014 5510 Theodori
3044 5473 3150 5509 non
3176 5456 3413 5509 differret
3448 5492 3460 5513 ,

1841 5548 2209 5603 ‘catholitam
2272 5565 2402 5603 vero
2479 5551 2763 5617 utriusque
2833 5548 3137 5601 doctrinam
3202 5543 3471 5599 censeba-

1568 5660 1883 5718 SClllillll
1914 5659 2135 5720 ΝΟΤΛΞ.

266 5741 304 5775 ’⁸
328 5742 450 5799 Vid.
491 5757 691 5814 supra,
717 5754 774 5809 ρ.
813 5736 938 5790 960-
