3926 6216
443 371 448 374 .
461 323 570 386 .303

1601 321 1973 382 GARNERII
2013 319 2510 381 DISSERTATIO
2549 319 2628 377 II.

3639 308 3765 374 304

472 429 888 499 Theodoretus;
932 443 988 488 et
1027 442 1319 502 utrumque
1365 431 1432 486 ab
1471 432 1808 488 adversariis
1845 433 2052 487 ealum-
2087 444 2124 499 Α
2153 441 2238 487 est
2262 431 2446 486 Romae
2480 430 2666 484 Idibus
2713 426 2884 491 Junii,
2914 424 3132 481 Asterio
3163 433 3220 478 et
3259 424 3575 495 Protogene
3600 435 3771 478 coss-

462 518 621 574 miam
645 521 757 591 pati
797 523 1152 592 querebatur,
1177 522 1330 592 quasi
1358 522 1637 578 Christum
1663 522 1719 575 in
1743 521 1882 576 duos
1911 523 2053 576 ﬁlios

471 607 803 665 dividerent.

549 702 821 769 Tertium,
846 720 1008 775 quam
1033 719 1227 759 novam
1269 705 1503 761 heresin
1543 705 1773 771 diceret,
1798 704 2053 777 Cyrillia-

470 814 600 855 nam
623 797 854 861 scilicet,
887 797 996 850 imo
1028 796 1352 851 catholicam
1389 797 1720 852 sententiam
1751 798 1818 852 de
1848 798 2052 852 unione

471 893 706 948 duarum
743 889 798 943 in
833 887 1052 943 Christo
1082 896 1429 953 naturarum,
1461 889 1686 960 physica
1715 897 1772 944 et
1792 889 2052 944 substan-

473 982 604 1046 tiva,
627 979 804 1048 deque
831 993 939 1032 una
981 977 1144 1034 Verbi
1198 979 1482 1033 incarnata
1514 988 1747 1034 natura:
1784 981 2054 1050 intellige-

471 1071 567 1125 bat
617 1069 764 1123 enim
811 1067 1072 1132 Nestorii,
1122 1067 1481 1137 Diodorique,
1526 1077 1584 1122 et
1616 1068 1895 1123 Theodori
1927 1067 2051 1138 cpi-

470 1163 622 1219 nioni
678 1160 1049 1226 contrariam,
1097 1169 1263 1228 atque
1317 1157 1455 1214 adeo
1509 1159 1727 1214 veritati
1767 1160 2052 1215 catholicae

471 1254 776 1310 adversam.

539 1345 827 1412 Quartum,
861 1358 962 1398 cur
985 1341 1230 1397 Himerio
1256 1341 1524 1408 scribens,
1548 1355 1658 1412 quo
1681 1349 1927 1413 tempore
1951 1357 2054 1412 pax

472 1439 844 1494 Ecclesiarum
872 1435 1057 1500 ﬁebat,
1078 1444 1482 1507 negaretposse
1511 1433 1887 1490 conditionem
1912 1435 2055 1489 hanc

472 1531 666 1600 accipi,
697 1545 803 1600 qua
835 1528 929 1598 qui
959 1528 1125 1582 vellet
1151 1542 1210 1582 se
1261 1527 1595 1582 catholicum
1627 1533 1684 1582 et
1726 1526 1877 1598 pacis
1913 1541 2056 1582 ama-

470 1635 651 1677 torem
707 1621 980 1690 probare,
1041 1619 1269 1674 deberet
1347 1618 1696 1673 anathemate
1753 1619 2055 1688 percellere

473 1712 711 1768 Nestorii
741 1711 935 1781 dogma
965 1728 978 1764 :
1014 1710 1249 1781 negabat
1292 1711 1439 1764 enim
1491 1709 1545 1763 id
1593 1709 1709 1764 ﬁeri
1741 1725 1901 1780 posse
1937 1710 2057 1764 sine

2159 537 2262 577 nec
2284 523 2457 592 potuit
2480 521 2547 574 ad
2577 518 2986 574 Theodoretum
3007 515 3133 588 Cyri
3153 515 3438 570 detentum
3454 512 3777 584 pervenire

2160 623 2287 668 ante
2309 621 2656 676 autumnum,
2697 617 2754 664 et
2794 608 3017 679 quidem
3039 609 3151 679 jam
3189 614 3535 676 provectum.
3569 603 3776 658 Theo-

2159 708 2384 762 doretus
2408 721 2542 760 vero
2563 703 2632 758 ad
2665 703 2868 757 milites
2891 700 3114 771 scripsit
3147 702 3334 753 statim
3355 706 3586 767 accepta
3612 696 3777 750 Leo—

2158 799 2248 854 nis
2267 797 2520 868 epistola,
2549 806 2612 851 ut
2635 796 3017 851 demonstrant
3047 791 3132 846 me
3153 805 3318 844 voces
3353 805 3367 842 :
3407 788 3771 842 ’Δκουσὰτω-

2161 907 2282 956 σαν,
2311 890 2521 944 καὶτοῦ
2547 887 2851 956 ἁγιωτάτου
2883 885 2976 938 καὶ
3005 883 3300 937 ὁσιωτάτου
3323 882 3420 949 τῆς
3456 878 3777 950 Ῥωμαίων

2159 981 2481 1044 ἐπισκόπου,
2513 978 2606 1032 τοῦ
2632 979 2822 1052 κυρίου
2850 977 3080 1039 Λέοντος
3113 974 3208 1029 νῦν
3237 972 3603 1043 γεγραφότος,
3646 979 3774 1026 etc.

2159 1073 2393 1128 Audiam
2415 1073 2804 1126 sanctissimum
2825 1080 2875 1122 et
2904 1068 3356 1140 religiosissimum
3384 1065 3776 1121 Romanorum

2159 1165 2476 1234 episcopum,
2512 1162 2783 1216 dominum
2815 1160 3063 1224 Leonem,
3087 1160 3177 1231 qui
3207 1157 3361 1212 modo
3380 1158 3619 1228 scripsit,
3648 1164 3770 1210 etc.

2229 1253 2297 1308 ll.
2323 1252 2541 1316 Milites,
2588 1252 2658 1306 ad
2698 1266 2837 1322 quos
2863 1250 3143 1322 dirigitur,
3174 1250 3436 1304 videntur
3477 1248 3663 1302 fuisse
3695 1247 3775 1300 de

2161 1358 2392 1397 numero
2415 1342 2578 1398 tertio
2611 1341 3112 1407 Stabilisianorum,
3143 1341 3238 1412 qui
3269 1341 3326 1395 in
3352 1339 3604 1395 Orientis
3624 1353 3772 1410 pro-

2161 1435 2362 1490 vinciis
2391 1435 2770 1490 morabantur.

2233 1525 2322 1581 Ill.
2359 1526 2844 1597 lnterrogaverant
2871 1524 2948 1579 illi
2980 1524 3413 1589 Theodoretum,
3455 1521 3595 1594 quid
3624 1536 3771 1576 sen-

2165 1619 2413 1675 tiendum
2437 1619 2504 1674 de
2530 1634 2617 1684 eo,
2644 1620 2739 1689 qui
2764 1618 3198 1689 reprehenderat
3226 1617 3524 1678 dicentem,
3564 1615 3771 1684 aliqua

2165 1727 2276 1766 esse
2300 1711 2408 1766 Deo
2421 1728 2634 1784 prorsus
2656 1709 3018 1782 impossibilia.
3037 1708 3262 1774 lrretiti,
3286 1709 3504 1778 Opinor,
3531 1706 3775 1760 fuerant

474 1805 696 1875 pietatis
716 1803 1068 1865 detrimento,
1089 1802 1184 1857 sed
1205 1801 1576 1856 adhibendam
1603 1818 1722 1858 esse
1748 1803 1894 1857 inter
1923 1805 2058 1857 sub-
2089 1802 2134 1861 Β
2161 1805 2289 1859 boni
2340 1805 2446 1859 viri
2471 1804 2540 1858 ab
2567 1805 2754 1874 aliquo
2782 1803 3076 1858 defensore
3104 1800 3202 1854 Dei
3245 1800 3530 1871 passibilis,
3562 1813 3772 1853 suam-

473 1892 827 1948 scribendum
857 1891 1009 1961 pacis
1044 1890 1434 1955 instrumento,
1474 1900 1590 1944 tum
1639 1891 2056 1947 distinctionem

467 1983 612 2056 juris
643 1991 700 2038 et
727 1981 879 2048 facti,
930 1981 1046 2036 sive
1080 1981 1354 2052 dogmatis
1383 1990 1438 2036 et
1469 1997 1750 2052 personae;
1786 1991 1903 2037 tum
1932 2000 2060 2038 cau-

473 2078 703 2142 tionem,
735 2091 842 2146 qua
870 2074 1229 2130 damnaretur
1255 2074 1452 2146 dogma
1483 2074 1551 2131 de
1577 2075 1796 2131 duobus
1819 2075 1966 2142 ﬁliis,
2011 2075 2059 2131 si

473 2184 584 2239 quo
608 2168 666 2222 in
692 2167 838 2222 libro
865 2164 1227 2236 reperiretur,
1261 2172 1317 2218 et
1343 2162 1388 2219 si
1419 2178 1529 2234 quo
1559 2164 1626 2219 ab
1661 2164 1884 2218 homine
1911 2177 2060 2218 asse-

473 2270 715 2317 reretur.

545 2355 833 2422 Quintum,
875 2367 976 2406 cur
1009 2351 1064 2404 in
1097 2348 1307 2420 synodo
1354 2347 1828 2412 Chalcedonensi,
1875 2347 2062 2417 jussus

474 2448 764 2504 anathema
794 2445 978 2499 dicere
1000 2442 1255 2498 Nestorio
1295 2451 1347 2495 et
1385 2441 1504 2510 ejus
1549 2441 1916 2512 dogmatibus,
1947 2450 2064 2496 tan-

476 2539 573 2595 diu
622 2538 1015 2608 tergiversatus
1067 2534 1175 2601 sit;
1212 2533 1546 2603 petieritque
1595 2532 1700 2587 sibi
1733 2540 2062 2603 potestatem

476 2629 818 2702 exponendas
861 2627 988 2682 ﬁdei
1030 2643 1143 2681 sua:
1175 2624 1317 2690 ﬁeri,
1348 2640 1514 2694 quam
1561 2623 1752 2694 utique
1784 2640 1814 2679 a
1841 2623 2063 2679 Diodori

478 2721 892 2791 Theodorique,
949 2726 1005 2774 ct
1039 2718 1272 2789 proinde
1305 2717 1544 2772 Nestorii
1575 2716 1683 2772 ﬁde
1709 2714 1820 2771 non
1858 2717 2067 2772 discer-

478 2815 683 2882 nebat;
719 2828 822 2868 nec
852 2813 1009 2882 prius
1046 2810 1279 2865 solemni
1320 2808 1557 2864 formula
1597 2808 2066 2879 Nestorii'dogma

477 2920 882 2978 personamque
923 2901 1245 2974 ejuraverit,
1271 2916 1437 2971 quam
1465 2901 1938 2956 conclamantibus
1969 2902 2068 2955 Pa-

480 2999 679 3063 tribus,
717 3012 775 3052 se
804 2996 954 3051 velut
996 2994 1317 3050 hzereticum
1351 2993 1419 3048 de
1461 2992 1655 3064 synodi
1688 2993 1810 3048 loco
1842 2992 2069 3064 ejicien-

479 3093 610 3146 dum
635 3087 988 3160 intelligeret.

2162 1909 2269 1964 que
2293 1895 2623 1949 sententiam
2649 1909 2718 1948 ex
2754 1908 2822 1948 eo
2846 1892 3116 1963 probante
3169 1890 3316 1961 quod
3356 1891 3468 1944 Deo
3508 1889 3656 1942 nihil
3691 1888 3772 1942 sit

2161 1984 2502 2054 impossibile
2523 2023 2538 2048 ,
2562 1982 2818 2052 quodque
2857 1982 3003 2036 Deus
3025 1995 3369 2051 quaecunque
3392 1979 3529 2041 vult,
3555 1977 3768 2047 possit.

2161 2078 2389 2133 Dixerat
2425 2091 2592 2147 porro
2620 2075 2858 2146 Cyrillus
2896 2075 3040 2129 inter
3080 2074 3320 2143 capitula
3365 2071 3766 2139 defendenda,

2163 2170 2303 2225 Deus
2333 2185 2519 2241 passus
2541 2176 2616 2223 est
2638 2167 2851 2233 volens;
2883 2167 3092 2222 dictum
3106 2165 3250 2221 forte
3277 2180 3345 2221 eo
3367 2163 3458 2220 ille
3484 2173 3766 2230 traxerat,

2165 2261 2311 2316 unde
2337 2261 2569 2330 quaestio
2603 2267 2732 2314 tunc
2759 2266 2897 2314 erat.

2235 2356 2324 2411 IV.
2371 2354 2689 2425 Respondet
2725 2354 2964 2423 primum
2989 2352 3393 2416 Theodoretus,
3427 2351 3616 2420 aliqua
3643 2350 3771 2405 Deo

2165 2464 2286 2503 esse
2316 2447 2698 2518 impossibilia,
2724 2445 2895 2501 veluti
2919 2446 3164 2510 mentiri,
3193 2445 3392 2516 injuste
3419 2459 3601 2513 agere,
3621 2452 3767 2507 θαι..

2165 2541 2413 2610 nihilque
2448 2541 2617 2595 Deum
2638 2539 2775 2594 velle
2813 2538 3016 2604 facere,
3056 2537 3202 2607 quod
3251 2545 3460 2591 naturae
3487 2551 3601 2590 non
3622 2549 3770 2590 con-

2164 2643 2358 2705 gruat;
2394 2649 2574 2704 neque
2604 2641 2787 2687 tamen
2816 2631 2945 2685 inde
2989 2632 3148 2702 argui
3197 2627 3618 2691 imbecillitatis,
3660 2627 3769 2683 sed

2166 2724 2427 2794 potentiae
2455 2723 2638 2793 potius
2672 2720 2943 2787 maximae,
2972 2736 3084 2790 qua
3107 2719 3281 2791 possit
3311 2719 3686 2774 inconcussus
3707 2717 3770 2772 in

2167 2827 2319 2872 recto
2344 2817 2659 2887 persistere.

2240 2911 2304 2964 ν.
2346 2910 2553 2964 Deinde
2573 2910 2817 2966 ostendit
2851 2925 2918 2965 eo
2951 2909 3066 2964 fere
3099 2906 3283 2971 modo,
3313 2919 3378 2959 ac
3406 2906 3422 2923 ⁶
3451 2904 3507 2957 in
3539 2902 3770 2972 dialogo

2169 3002 2333 3056 tertio
2359 3001 2647 3064 Erauistze,
2679 3003 2772 3070 qui
2821 3001 3030 3056 dicitur
3057 2994 3433 3069 Impassibilis,
3472 2992 3770 3064 quomodo

2167 3095 2314 3148 Deus
2328 3091 2567 3146 Verbum
2588 3091 2806 3146 dicatur
2820 3107 3030 3161 passus,
3056 3089 3351 3159 laudatque
3374 3084 3768 3144 Athanasium,

549 3182 798 3247 Sextum,
823 3196 988 3252 quam
1029 3179 1283 3235 videatur
1336 3178 1453 3250 ipse
1499 3177 1685 3232 animo
1739 3176 1942 3232 fovisse
1993 3174 2062 3230 ad
2097 3167 2139 3224 C
2173 3183 2464 3238 Damasum
2501 3192 2556 3238 ει
2607 3183 2846 3238 Leonem
2874 3223 2888 3247 ,
2947 3198 3110 3253 quem
3152 3191 3491 3252 postremum
3539 3178 3770 3247 dialogo

470 3288 654 3344 .usque
711 3273 983 3344 synodum
1023 3269 1528 3326 Chalcedonensem
1557 3310 1573 3336 ,
1628 3269 1946 3340 opinionem
2003 3267 2070 3321 de

467 3364 693 3419 -unione
723 3371 1048 3417 naturarum
1077 3361 1132 3415 in
1147 3359 1371 3417 Christo
1395 3378 1409 3413 :
1433 3375 1560 3416 cum
1584 3360 1732 3415 enim
1753 3368 1902 3414 totus
1924 3366 2072 3414 esset

481 3457 540 3511 in
562 3453 920 3511 distractione
945 3461 1271 3507 naturarum
1293 3451 1612 3516 astruenda,
1630 3466 1733 3506 nec
1751 3451 1886 3506 satis
1907 3451 2072 3506 intel-

481 3549 680 3620 ligeret
714 3548 843 3618 (qua
876 3545 944 3600 de
984 3559 1150 3599 causa
1201 3543 1499 3611 incertum)
1536 3543 1758 3597 unionis
1813 3543 2073 3614 hyposta-

484 3641 625 3704 tiae,
668 3653 790 3708 quae
839 3635 1061 3708 physica
1104 3650 1227 3690 esse
1271 3634 1438 3689 debet
1493 3643 1657 3704 atque
1697 3633 2069 3700 substantiva,

483 3731 646 3803 355
681 3731 927 3794 modum,
959 3729 1139 3784 videri
1166 3735 1348 3798 potest
1377 3726 1746 3798 permansisse
1795 3742 1863 3780 eo
1900 3742 2072 3796 usque

485 3822 542 3877 in
574 3821 833 3892 opinione
858 3820 928 3876 de
968 3819 1173 3874 unione
1199 3823 1418 3890 σχετικῇ
1454 3826 1509 3872 et
1543 3833 1678 3887 pure
1706 3819 1922 3882 morali,
1951 3833 2074 3888 qua:

485 3921 753 3984 perpetua
781 3921 964 3967 tamen
978 3919 1159 3981 .atque
1183 3910 1587 3965 indissolubilis
1617 3909 1804 3964 fuerit.

559 4005 925 4068 Postremum,
983 4019 1014 4057 a
1058 4019 1170 4072 quo
1217 4002 1530 4072 exemplum
1565 4003 1933 4071 sumpserint,
1980 4009 2075 4056 aut

488 4107 638 4152 certe
660 4111 882 4152 sumere
924 4096 1230 4164 potuerint,
1276 4095 1615 4149 recentiores
1649 4094 1752 4159 illi,
1799 4095 1896 4164 qui
1923 4094 2076 4148 dam-

487 4191 644 4244 nanti
687 4189 1094 4259 propositiones
1142 4188 1405 4257 quasdam
1456 4185 1717 4242 Ecclesiae
1760 4187 2075 4242 consentire

487 4283 764 4339 obstinata
799 4289 984 4337 mente
1023 4288 1363 4345 renuerunt,
1399 4281 1506 4335 nisi
1552 4281 1696 4334 inter
1721 4280 2077 4335 subscriben-

488 4375 620 4430 dum
646 4374 774 4430 ﬁdei
800 4373 1067 4437 formulae,
1100 4372 1293 4427 liceret
1317 4373 1730 4428 distinctionem
1754 4387 1960 4442 ponere
1985 4373 2076 4442 jus

478 4465 634 4522 inter
659 4474 716 4521 et
741 4464 966 4528 factum,
989 4471 1044 4518 et
1071 4462 1140 4517 de
1180 4463 1433 4533 dogmate
1455 4463 1680 4532 quidem
1706 4463 1967 4519 haeretico
1990 4480 2076 4518 re-

473 4557 726 4630 jiciendo
765 4556 1063 4612 convenire
1089 4570 1216 4609 cum
1247 4555 1525 4623 Ecclesia;
1569 4557 1637 4612 de
1676 4572 1914 4627 persona
1939 4573 2072 4612 vero

491 4651 818 4717 dissentire,
853 4650 1012 4721 quasi
1066 4651 1124 4704 in
1176 4648 1484 4720 alﬁngendo
1534 4665 1784 4720 personae
1820 4650 2074 4720 dogmate

477 4745 581 4799 .illa
612 4752 910 4813 peccasset,
943 4751 998 4798 et
1029 4742 1428 4812 imaginariam,
1489 4758 1652 4812 quam
1687 4757 1850 4797 nemo
1894 4743 2076 4811 reipsa

480 4832 848 4897 defendisset,
878 4832 1115 4888 haeresin
1140 4829 1246 4886 sibi
1276 4831 1727 4901 proscribendam
1759 4832 2073 4901 proposuis-

493 4932 599 4980 set.

736 5037 976 5107 Epistula
1023 5039 1148 5104 1M,
1185 5040 1485 5110 dogmatica
1528 5039 1597 5093 ad
1625 5038 1837 5093 milites.

550 5153 608 5208 'l.
642 5153 776 5207 Data
817 5160 901 5207 est
925 5165 1048 5223 post
1089 5172 1293 5210 annum
1321 5157 1445 5221 449,
1475 5167 1570 5210 aut
1594 5163 1746 5211 certe
1775 5155 1878 5210 sub
1903 5152 2080 5226 ipsius

502 5242 667 5295 linem
721 5258 734 5294 :
788 5241 1043 5296 laudatur
1079 5244 1226 5296 enim
1266 5243 1369 5298 sub
1412 5242 1576 5297 ﬁnem
1620 5244 1853 5314 epistola
1907 5245 2080 5298 sancti

495 5331 722 5399 Leonis,
746 5332 936 5402 utique
961 5333 1196 5389 celebris
1237 5333 1327 5388 illa
1367 5349 1490 5403 qua:
1513 5333 1581 5388 ad
1605 5335 1928 5390 Flavianum
1954 5334 2081 5389 data

2173 3291 2299 3329 mox
2321 3275 2469 3330 dicto
2510 3291 2621 3330 non
2675 3275 2948 3341 laudavit,
2986 3273 3452 3345 opportunissime
3500 3270 3771 3325 laudatu-

2173 3382 2290 3432 rus,
2317 3367 2362 3422 si
2393 3367 2591 3437 dialogi
2613 3383 2722 3421 non
2743 3377 2929 3422 essent
2948 3367 3108 3437 longe
3133 3373 3258 3420 ante
3281 3364 3571 3435 epistolam
3599 3361 3766 3422 editi,

2173 3459 2320 3530 quod
2343 3459 2474 3530 quia
2511 3461 2688 3514 nescit
2721 3460 3076 3524 Albertinus,
3114 3473 3240 3514 cum
3277 3458 3393 3512 suis
3426 3455 3770 3525 sequacibus

2174 3552 2311 3607 abiit
2336 3552 2391 3606 in
2417 3551 2684 3606 absurdas
2713 3551 3025 3621 opiniones.

2244 3642 2333 3698 Vl.
2364 3642 2784 3706 Testimonium,
2839 3640 2988 3711 quod
3031 3656 3099 3695 ex
3141 3638 3345 3694 Leonis
3391 3636 3603 3706 scripto
3635 3649 3772 3706 pro-

2175 3737 2370 3802 fertur,
2408 3753 2518 3791 non
2539 3737 2739 3810 legitur
2761 3736 2816 3790 in
2844 3734 2972 3788 ullis
2997 3733 3160 3789 ed-itis
3189 3731 3504 3795 codicibus;
3533 3730 3646 3783 imo
3663 3743 3772 3782 nec

2174 3828 2338 3900 356
2385 3829 2440 3883 in
2496 3844 2629 3883 mss.
2676 3827 2792 3882 sive
2823 3825 3028 3881 Graecis
3059 3824 3174 3879 sive
3214 3823 3446 3886 Latinis,
3483 3820 3659 3876 verbo
3696 3819 3770 3876 ad

2175 3921 2430 3975 verbum.
2458 3921 2666 3976 Verum
2695 3919 2796 3973 hac
2849 3918 2917 3973 de
2949 3916 3252 3986 quaestione
3301 3915 3520 3970 dicetur
3549 3914 3605 3966 in
3646 3912 3770 3966 Au-

2177 4012 2348 4067 ctario
2367 4011 2759 4081 epistularum;
2788 4009 2842 4062 in
2874 4007 3010 4062 illud
3057 4007 3206 4062 enim
3243 4004 3436 4060 referri
3470 4004 3640 4058 debet
3678 4017 3772 4057 ce-

2176 4105 2347 4160 lebris
2377 4104 2468 4158 illa
2512 4103 2713 4158 Leonis
2763 4099 2994 4171 epistola
3019 4101 3065 4131 ⁹¹
3097 4116 3111 4152 :
3151 4106 3268 4152 tum
3298 4097 3427 4167 quia
3467 4095 3769 4165 subjuncta

2178 4196 2344 4251 habet
2371 4194 2682 4250 testimonia
2728 4193 2976 4256 Patrum,
3022 4206 3145 4260 quae
3189 4188 3412 4258 collegit
3443 4185 3769 4240 Theodore-

2177 4298 2288 4354 tus,
2331 4295 2445 4341 tum
2471 4285 2618 4356 quod
2651 4283 2897 4339 nondum
2913 4281 3128 4337 mendis
3152 4295 3290 4351 pura
3318 4278 3468 4333 edita
3488 4277 3562 4331 sit
3589 4277 3657 4330 ³³.

2213 4398 2459 4471 Epistola
2512 4397 2635 4461 MS,
2681 4395 2750 4448 ad
2778 4393 3061 4448 monachos
3084 4387 3730 4459 Constantinopolitanos.

2103 4509 2151 4564 Ῑ)
2247 4515 2291 4569 Ι.
2325 4515 2446 4569 Non
2483 4522 2591 4568 tam
2631 4510 2864 4581 epistola
2906 4515 3012 4574 est,
3050 4521 3215 4577 quam
3253 4503 3501 4574 prolixus
3537 4501 3768 4572 quidam

2183 4607 2251 4661 de
2283 4605 2663 4660 incarnatione
2710 4609 2997 4665 tractatus,
3028 4615 3137 4669 quo
3171 4595 3557 4653 Theodoretus
3601 4592 3768 4648 ﬁdem

2183 4713 2336 4754 suam
2364 4695 2608 4766 exponit.

2255 4789 2319 4842 ll.
2363 4787 2592 4842 Praefert
2634 4783 2900 4854 temporis
2956 4781 3299 4835 manifestam
3345 4785 3552 4831 notam.
3603 4794 3621 4824 ‹
3668 4771 3770 4840 Qui

2187 4880 2542 4941 calumniam,
2576 4876 2775 4946 inquit,
2802 4883 2994 4928 contra
3013 4889 3114 4927 nos
3132 4876 3773 4932 texuerant,:erumnas-

2188 4987 2294 5042 que
2342 4978 2561 5024 nostras
2583 4969 2770 5022 multis
2801 4966 3050 5036 pecuniis
3078 4963 3444 5024 redemerunt,
3480 4969 3539 5012 ut
3568 4958 3774 5012 Valen-

2187 5061 2287 5116 tini
2343 5069 2400 5117 et
2452 5059 2781 5114 Bardesanis
2831 5057 2954 5111 tabe
3019 5054 3210 5110 infecti
3269 5051 3561 5106 manifeste
3603 5048 3772 5120 agniti

2186 5161 2334 5216 sunt,
2370 5171 2388 5204 ι
2425 5159 2531 5206 etc.
2560 5150 2697 5205 Cum
2717 5150 2866 5204 enim
2901 5147 3288 5202 Theodoretus
3326 5144 3394 5198 de
3425 5159 3524 5198 sua
3549 5142 3776 5196 damna-

2188 5244 2336 5298 tione
2365 5244 2420 5297 in
2471 5242 2720 5298 Dioscori
2769 5241 2998 5314 synodo,
3037 5248 3092 5294 et
3123 5239 3191 5294 de
3215 5236 3484 5309 ejectione
3509 5232 3777 5304 Eutychis

2189 5334 2245 5388 in
2271 5335 2527 5390 exsiliunt
2560 5334 2897 5388 mentionem
2923 5330 3117 5397 faciat,
3149 5343 3385 5400 cumque
3414 5326 3483 5382 de
3515 5323 3776 5380 Marciani

1815 5491 2130 5549 SCllULle
2157 5488 2383 5545 ΝΟΤιΕ.

577 5635 620 5665 ⁹¹
643 5632 939 5688 Promissis
961 5648 1070 5687 non
1115 5631 1266 5688 stetit
1300 5633 1618 5688 Garnerius.
1666 5633 1784 5688 Non
1829 5641 2006 5688 exstat
2040 5634 2142 5688 ista
2180 5631 2380 5688 Leonis
2415 5631 2481 5686 ad
2508 5632 2828 5687 Flavianum
2859 5628 3093 5701 epistola
3143 5628 3200 5701 in
3235 5628 3495 5684 Auctario
3521 5625 3779 5701 epistola-

508 5719 652 5757 rum.
729 5704 775 5736 ⁸³
796 5701 927 5770 Quae
957 5703 1012 5758 in
1042 5701 1149 5757 ﬁne
1181 5702 1364 5757 addita
1395 5712 1553 5758 erant
1578 5704 1646 5759 de
1672 5704 2016 5758 emendando
2039 5718 2229 5771 errore
2260 5703 2355 5772 qui
2389 5703 2443 5756 in
2473 5703 2772 5757 editionem
2841 5696 3121 5757 Si'rmond.
3165 5699 3483 5771 irrepserat,
3548 5696 3776 5755 delenda

496 5773 751 5845 uerunt,
783 5789 907 5830 cum
945 5773 1236 5832 emendata
1266 5773 1429 5831 lectio
1455 5775 1589 5830 servi
1622 5775 1792 5845 forma
1825 5781 2002 5829 exstet
2036 5773 2093 5828 in
2123 5772 2257 5829 edit.
2301 5783 2508 5840 nostra,
2543 5781 2581 5828 t.
2627 5774 2714 5840 ιγ,
2755 5789 2810 5844 p.
2840 5773 2998 5828 1245.
