3926 6216
184 323 274 386 305

1344 333 1440 392 DE
1483 333 1734 393 LIBRIS
1773 335 2270 402 THEODORETI.
3324 339 3429 401 3’06

187 437 435 493 beneﬂcio
464 453 598 510 erga
631 455 692 495 se
724 440 901 506 sileat,
937 441 1178 497 ostendit
1215 443 1359 499 clare
1387 460 1445 498 se
1496 461 1562 499 eo
1606 453 1747 500 tem-
1778 452 1822 507 Α
1851 445 1918 501 de
1945 446 2047 501 fide
2078 463 2435 518 personarum
2462 455 2838 514 exerceretur,
2884 463 2995 502 non
3043 447 3181 502 i-tem-
3221 447 3288 504 de
3321 450 3428 504 cri-

189 546 308 602 pore
336 531 606 599 scribere,
631 535 779 604 quod
814 534 1166 590 subsecutum
1209 544 1287 590 est
1313 545 1544 591 mortem
1573 535 1752 592 Theo-

191 625 313 678 dosii
358 625 747 695 imperatoris,
780 643 900 697 quae
949 629 1183 698 contigit
1226 644 1370 683 anno
1408 628 1531 694 450,
1558 629 1646 684 die
1681 630 1752 686 29

193 714 323 776 Julii,
357 723 413 768 et
458 715 784 771 inchoatum
819 717 906 772 die
928 717 998 772 25
1034 717 1263 788 Augusti
1300 718 1592 788 imperium
1613 719 1755 772 Mar-

193 805 335 870 ciani,
367 806 528 875 cujus
556 807 806 876 jussione
831 809 1104 880 Eutyches
1135 810 1343 881 ejectus
1367 819 1472 874 est,
1505 819 1561 864 et
1586 811 1753 866 resci—

195 908 293 952 tum
339 898 475 952 illud
506 898 768 954 Marciani
797 899 1024 964 factum,
1054 901 1123 955 de
1165 915 1275 970 quo
1311 917 1419 956 non
1446 901 1625 970 potuit
1651 917 1750 955 au-

195 988 281 1041 diri
303 997 426 1043 ante
448 989 614 1043 ﬁnem
659 989 1017 1059 Septembris.
1057 992 1300 1060 Epistola
1333 992 1497 1062 igitur
1519 992 1645 1046 data
1667 1000 1754 1047 est

194 1076 264 1134 vel
294 1076 603 1146 Septembri
653 1094 839 1134 mense
886 1079 1102 1144 all‘ecto,
1135 1081 1221 1134 vel
1258 1080 1555 1150 incipiente
1583 1079 1750 1135 Octo-

193 1168 282 1232 bri,
309 1184 417 1236 quo
453 1177 703 1238 tempore
737 1168 979 1224 nondum
1004 1179 1123 1224 erat
1149 1187 1178 1225 a
1214 1170 1491 1225 Marciano
1535 1170 1603 1225 ad
1659 1187 1748 1226 se-

191 1256 297 1309 dem
322 1272 474 1310 suam
504 1257 792 1312 remissus.

248 1346 326 1399 ill.
365 1347 476 1401 llos
509 1363 679 1416 porro
731 1349 1050 1415 monachos,
1078 1350 1280 1420 quibus
1316 1351 1534 1414 scribit,
1581 1359 1749 1406 teme-

193 1437 378 1490 rarium
428 1437 577 1492 haud
624 1438 789 1494 fuerit
817 1441 1027 1510 Opinari
1068 1449 1383 1506 acmmetas,
1443 1443 1584 1512 apud
1609 1459 1750 1514 quos

191 1525 317 1580 forte
349 1527 668 1596 suspicione
700 1529 926 1585 haeresis
951 1530 1253 1586 laborabat.

246 1618 325 1672 ιν.
354 1619 559 1674 Scribit
581 1636 714 1681 vero
739 1637 838 1691 per
853 1623 1150 1676 monachos
1172 1637 1202 1676 a
1228 1623 1484 1677 Marcello
1513 1638 1750 1678 acceme~

192 1719 350 1762 tarum
387 1711 818 1766 archimandrita
845 1713 902 1766 in
943 1713 1280 1769 thniciam
1313 1713 1436 1768 aliis
1471 1714 1539 1768 de
1579 1714 1744 1769 rebus

195 1800 367 1855 missos
394 1820 406 1854 :
436 1817 562 1856 cum
589 1801 726 1872 ipsis
743 1818 939 1874 nempe
969 1821 1294 1875 congressus
1320 1805 1610 1869 didicerat,
1640 1822 1748 1876 qua

195 1893 317 1962 apud
341 1894 556 1948 sodales
591 1893 646 1948 in
673 1895 932 1964 opinione
961 1905 1140 1962 esset;
1181 1897 1356 1966 ipsam
1379 1913 1511 1951 vero
1536 1913 1604 1951 ex
1629 1899 1749 1952 ani-

197 1985 282 2039 mis
301 1986 534 2040 evellere
560 1986 894 2052 referebant,
922 1995 1146 2058 propter
1164 1989 1451 2044 hominum
1479 1989 1749 2060 ejusmodi

197 2077 460 2130 maximam
492 2077 545 2130 in
578 2077 715 2132 urbe
742 2078 891 2148 regia
915 2080 1321 2136 auctoritatem.

254 2164 309 2221 V.
340 2166 465 2234 Quae
483 2168 551 2224 de
577 2169 695 2225 suis
717 2169 878 2226 libris
897 2179 1103 2237 narrat,
1136 2173 1381 2244 exposita
1414 2183 1542 2228 sunt
1571 2174 1750 2244 capite

198 2257 433 2313 secundo.

385 2397 628 2469 Epistola
657 2399 774 2467 I46,
808 2401 878 2455 ad
910 2401 1168 2458 Joannem
1195 2419 1532 2460 aeconomum.

253 2537 366 2592 Haec
395 2539 560 2594 etiam
609 2539 876 2610 epistola,
920 2541 1025 2597 etsi
1072 2543 1302 2609 mutila,
1353 2545 1533 2616 magni
1565 2554 1746 2601 tamen

199 2639 432 2686 tractatus
451 2630 688 2685 formam
728 2632 916 2688 habet.
949 2633 1244 2688 Historiam
1265 2635 1439 2706 ipsius
1475 2636 1750 2694 texuimus

198 2724 242 2777 in
266 2724 372 2780 Vita
396 2725 730 2780 Theodoreti
756 2726 824 2791 οδ,
865 2725 1317 2796 ostendimusque
1346 2728 1606 2797 scriptam
1627 2744 1749 2784 esse

199 2823 298 2884 post
337 2816 630 2870 concilium
651 2815 1132 2881 Chalcedonense,
1174 2831 1300 2872 cum
1345 2819 1661 2874 secessisset
1691 2820 1746 2873 in

200 2908 588 2972 monasterium,
613 2917 669 2963 et
690 2907 884 2978 procul
910 2908 1166 2963 omnibus
1195 2909 1452 2979 negotiis,
1496 2909 1746 2964 scriben-

199 2996 267 3052 dis
299 2998 449 3056 libris
478 3008 537 3055 et
571 3000 822 3071 pristinae
849 3000 975 3056 vitae
1003 2999 1272 3072 religiosae
1295 3000 1576 3057 exercitiis
1601 3010 1748 3058 totus

203 3097 405 3144 vacaret.

207 3227 409 3297 Epistola
433 3229 559 3294 147,
595 3231 665 3283 ad
690 3229 952 3284 Joannem
987 3229 1331 3287 Germanicia:
1355 3231 1651 3300 episcopum
1679 3230 1747 3282 ’⁵.

257 3364 293 3418 l.
319 3364 395 3420 Ad
434 3381 602 3436 quem
624 3365 835 3420 scilicet
863 3366 968 3421 fuit
997 3367 1227 3438 epistola
1256 3367 1378 3431 135,
1406 3365 1596 3436 paucis
1620 3375 1750 3420 ante

206 3453 370 3510 diebus
400 3457 625 3526 scripta.
661 3458 795 3511 Data
824 3465 908 3512 est
936 3457 1103 3528 igitur
1129 3457 1235 3513 sub
1271 3459 1432 3513 tinem
1468 3458 1597 3512 anni
1624 3457 1748 3524 449,

206 3554 279 3598 aut
312 3547 488 3600 statim
519 3547 682 3601 initio
719 3549 1020 3616 sequentis.

259 3635 399 3706 357
433 3637 499 3692 ll.
542 3639 624 3692 Ex
654 3638 756 3694 ista
791 3638 1053 3695 discimus
1095 3642 1295 3706 multa,
1352 3659 1472 3713 quae
1527 3643 1750 3698 aliunde

208 3725 296 3782 fere
323 3732 495 3799 ignota
523 3737 674 3784 sunt.
715 3731 763 3784 l.
815 3731 1085 3785 Domuum
1127 3733 1433 3788 Antiochiae
1462 3736 1750 3804 prmsulem

211 3816 348 3873 fuisse
394 3820 704 3890 depositum
735 3861 749 3885 ,
812 3822 948 3891 quod
997 3822 1233 3891 capitula
1296 3841 1399 3876 non
1453 3825 1747 3894 reciperet,

211 3906 582 3966 Theodoretum
609 3928 760 3976 vero,
791 3913 927 3982 quod
961 3914 1211 3968 hereseos
1253 3916 1532 3985 princeps;
1562 3913 1748 3970 Grzeee

212 4011 276 4053 est
294 4003 524 4074 ἓξπρχος,
552 4021 674 4075 quae
721 4020 828 4058 vox
857 4003 1253 4074 signiﬁcantior
1301 4021 1465 4075 quam
1515 4004 1748 4060 Latina:

214 4091 375 4148 ducem
409 4097 556 4150 enim
586 4105 640 4151 et
667 4096 822 4165 quasi
844 4095 1216 4150 dominantem
1241 4096 1530 4168 signiﬁcat.

265 4185 309 4237 2.
335 4186 649 4242 Dioscorum
696 4188 872 4256 palam
905 4194 1161 4244 testatum
1200 4205 1342 4254 esse,
1393 4189 1540 4258 quod
1571 4189 1752 4258 Ephe-

217 4275 306 4329 sina
327 4295 357 4332 ιι
387 4281 626 4351 synodus
653 4280 999 4337 convenisset
1029 4281 1313 4346 duntaxat,
1355 4299 1372 4332 ‹
1409 4280 1754 4352 utjudicium

1853 538 2118 594 minibus.
2154 559 2172 591 ι

1921 630 1973 684 3.
1996 631 2076 684 Ad
2104 631 2250 686 hunc
2281 647 2456 702 usque
2479 631 2626 686 diem
2650 629 3000 686 Theodoreto
3035 631 3209 686 invisa
3258 630 3426 686 fuisse

1851 737 2123 793 exosaque
2147 724 2407 794 capitula.
2452 745 2469 776 ι
2503 723 2880 795 Explodantur
2903 739 3051 779 nunc
3084 724 3305 779 tandem
3331 742 3425 780 ca-

1851 815 2042 884 pitula,
2075 832 2194 886 qua:
2237 817 2434 886 saepius
2462 826 2620 872 antea
2640 816 2993 882 damnarunt,
3016 815 3220 886 Ephesi
3243 825 3426 871 autem

1849 923 2029 979 nuper
2053 909 2450 978 approbarunt.
2488 929 2505 960 ι

1921 1001 1974 1052 4.
2002 999 2318 1066 Maximum,
2374 1004 2467 1071 qui
2508 1002 2719 1055 Domno
2755 1003 3086 1074 subrogatus
3118 1012 3202 1058 est
3245 1004 3299 1056 in
3343 1019 3429 1057 sc-

1847 1091 1974 1145 dem
2009 1090 2406 1146 Antiochenam
2433 1133 2447 1158 ,
2502 1109 2611 1147 non
2649 1092 2820 1148 fuisse
2863 1095 3177 1148 ordinatum
3228 1094 3282 1148 in
3309 1095 3428 1163 ipsa

1849 1181 2058 1253 synodo
2096 1183 2392 1252 Ephesina,
2427 1183 2523 1238 sed
2568 1193 2692 1253 post
2739 1185 2871 1238 istas
2905 1185 3117 1238 litteras
3171 1184 3424 1253 scriptas.

1855 1292 1873 1324 ‹
1913 1274 2041 1329 Post
2077 1274 2479 1329 ordinationem
2523 1291 2654 1330 sane
2711 1275 2960 1345 praesidis
2987 1274 3249 1339 Orientis,
3277 1283 3428 1344 pate-

1850 1365 1943 1418 llet
1970 1381 2199 1436 prorsus
2227 1382 2386 1422 mens
2419 1374 2474 1422 et
2508 1367 2784 1422 sententia
2821 1368 3274 1436 uniuscujusque.
3305 1383 3321 1416 ι
3351 1365 3429 1419 Ne

1848 1457 1974 1524 quis
1999 1458 2237 1527 praesidis
2264 1458 2489 1514 nomine
2521 1459 2838 1512 saecularem
2875 1464 3200 1528 potestatem
3229 1455 3431 1510 inteliio

1846 1557 1966 1617 gat;
1994 1564 2120 1603 nam
2147 1548 2205 1602 in
2230 1548 2418 1605 Graeco
2439 1558 2544 1614 est,
2567 1549 2899 1619 χειροτονίαν
2923 1546 3015 1602 τοῦ
3031 1543 3124 1616 τῆς
3146 1545 3430 1614 Ἀνατολῆς

1849 1637 2133 1708 προέδρου.
2173 1638 2570 1694 Ordinationem
2605 1639 2772 1704 illius,
2808 1640 2898 1710 qui
2929 1639 3160 1710 primam
3203 1635 3428 1692 Orientis

1848 1729 2151 1784 cathedram
2181 1731 2420 1785 obtinuit.

1784 1791 1824 1845 Β
1921 1821 1973 1875 5.
2011 1821 2092 1876 Ab
2123 1820 2613 1876 iis'l‘heodoretum
2655 1821 2974 1875 damnatura
3007 1819 3077 1873 ob
3101 1817 3360 1881 haeresin,
3400 1832 3431 1871 a

1851 1912 2052 1983 quibus
2081 1913 2212 1968 olim
2243 1911 2474 1967 miriﬁce
2504 1912 2848 1966 laudabatur.
2889 1928 2906 1961 ι
2939 1909 3259 1964 Laudabant
3311 1923 3431 1976 qua:

1849 2019 1882 2058 a
1919 2019 2006 2059 me
2050 2003 2355 2059 Antiochia:
2403 2018 2506 2073 pro
2543 2002 2810 2058 concione
2856 2000 3202 2060 dicebantur,
3251 2007 3366 2052 tum
3397 2013 3429 2049 e

1851 2109 2082 2149 numero
2109 2093 2338 2148 fratrum
2377 2107 2504 2147 cum
2537 2100 2742 2156 essent,
2781 2098 2899 2144 tum
2929 2090 3166 2144 lectores
3195 2086 3345 2149 facti,
3373 2095 3429 2140 et

1849 2185 2064 2240 diaconi
2096 2184 2357 2248 ordinati,
2381 2193 2438 2239 et
2459 2183 2781 2254 presbyteri,
2799 2190 2855 2238 et
2875 2179 3118 2251 episcopi
3143 2195 3158 2244 ;
3194 2188 3250 2232 et
3273 2177 3427 2232 ﬁnito

1849 2291 2103 2330 sermone
2133 2276 2589 2345 amplexabantur
2636 2272 3213 2341 deosculabanturque
3259 2277 3315 2325 et
3339 2285 3430 2324 (κιο

1850 2376 1983 2438 put,
2042 2375 2099 2422 et
2147 2376 2359 2438 pectus,
2387 2375 2444 2422 et
2483 2381 2710 2434 manus;
2741 2365 2994 2421 nonnulli
3046 2363 3212 2418 etiam
3250 2376 3426 2432 genua

1849 2460 2165 2531 tangebant,
2193 2460 2501 2514 doctrinam
2538 2468 2784 2514 nostram
2805 2456 2830 2481 '
2859 2456 3212 2528 apostolicam
3240 2453 3428 2522 appel-

1848 2549 2024 2606 lantes
2047 2568 2059 2603 :
2085 2559 2142 2605 et
2169 2551 2310 2606 hanc
2337 2550 2502 2605 modo
2532 2551 2884 2615 damnarunt,
2911 2549 3054 2602 hanc
3079 2545 3428 2600 anathemate

1849 2639 2228 2706 conﬁxerunt;
2259 2649 2421 2711 atque
2446 2657 2547 2712 ego
2573 2641 2684 2704 ille,
2712 2655 2875 2710 quem
2898 2639 3084 2694 lumen
3135 2635 3426 2697 vocabant,

1847 2748 1958 2786 non
1987 2731 2228 2788 Orientis
2266 2733 2458 2798 solius,
2494 2731 2590 2788 scd
2613 2733 2764 2788 orbis
2792 2732 3059 2795 universi,
3081 2728 3430 2801 proscriptus

1849 2837 1991 2878 sum.
2023 2845 2040 2874 ι

1920 2913 1971 2967 6.
2008 2913 2365 2968 lnterdictum
2418 2913 2590 2970 fuisse
2647 2930 2786 2984 aqua
2825 2922 2880 2969 et
2923 2915 3066 2984 igne.
3099 2930 3117 2964 ‹
3157 2912 3234 2966 Ne
3274 2910 3430 2981 panis

1849 3007 2095 3076 quidem,
2122 3015 2390 3078 quantum
2440 3009 2496 3062 in
2548 3009 2681 3077 ipsis
2724 3016 2828 3072 est,
2870 3023 3034 3060 usura
3061 3005 3260 3059 fruor:
3303 3013 3432 3057 nam

1849 3106 1906 3151 et
1937 3097 2005 3151 iis
2037 3098 2130 3167 qui
2164 3113 2264 3152 nos
2289 3099 2662 3167 alloquuntur,
2697 3098 2985 3151 anathema
3018 3095 3294 3150 dixerunt.
3331 3113 3350 3144 ι

1921 3188 1971 3240 7.
2001 3187 2105 3252 Qui
2131 3187 2415 3257 Eutychen
2451 3187 2844 3241 damnaverant
2870 3183 3343 3253 Constantinopoli
3371 3184 3429 3238 in

1849 3277 2084 3332 concilio
2127 3278 2392 3344 Flaviani,
2443 3279 2592 3333 hunc
2640 3277 2788 3347 ipsos
2843 3277 3044 3345 Ephesi
3106 3275 3426 3330 absolvisse.

1859 3386 1876 3419 ι
1907 3367 2079 3434 Quem
2116 3369 2279 3438 paulo
2301 3378 2429 3424 ante
2467 3369 2856 3438 deposuerant,
2885 3374 2941 3421 et
2966 3365 3238 3420 Valentini
3269 3365 3432 3434 Apol-

1849 3457 2155 3527 linarisque
2189 3458 2474 3513 erroribus
2506 3457 2766 3512 infectum
2810 3454 3253 3526 pronuntiarant,
3281 3453 3432 3506 hunc

1854 3554 2114 3618 tanquam
2150 3547 2276 3603 fidei
2315 3548 2579 3602 victorem
2615 3546 2890 3610 colebant,
2928 3545 3156 3615 ejusque
3197 3542 3431 3613 pedibus

1855 3640 2305 3703 advolvebantur,
2365 3640 2683 3696 et'veniam
2721 3639 3058 3709 poscebant,
3101 3645 3156 3691 et
3210 3637 3431 3692 Patrem

1856 3731 2196 3800 spiritualem
2229 3730 2634 3800 nuncupabant,
2666 3749 2683 3780 ›
2720 3741 2826 3784 etc.

1934 3825 2060 3880 Haec
2115 3831 2263 3878 tanta
2313 3831 2532 3891 tamque
2599 3821 2903 3874 vehemens.
2952 3815 3295 3888 objurgatio,
3346 3814 3432 3868 vel

1857 3931 2026 3971 unum
2095 3915 2178 3968 vel
2229 3913 2461 3968 maxime
2493 3912 2754 3966 Basiliam
2808 3909 3072 3964 Seleucia:
3117 3906 3431 3976 episcopum

1856 4008 2016 4078 petit,
2067 4006 2301 4060 amicum
2328 4020 2525 4074 nempe
2558 4011 2799 4058 veterem
2839 4017 2901 4057 ac
2939 3999 3288 4062 familiarem,
3337 3997 3430 4066 qui

1860 4098 2078 4166 utrique
2106 4095 2341 4150 concilio
2381 4093 2623 4149 Flaviani
2660 4099 2717 4147 et
2742 4090 2992 4146 Dioscori
3012 4088 3207 4152 adfuit,
3247 4085 3438 4142 ﬁdem-

1860 4204 1966 4259 que
2009 4189 2064 4242 in
2093 4187 2287 4250 Deum,
2334 4194 2390 4240 et
2425 4185 2723 4240 amicitiam
2771 4182 2826 4237 in
2862 4181 3269 4236 Theodoretum
3303 4193 3432 4247 pro-

1862 4278 2021 4344 didit,
2055 4275 2462 4333 chamaeleontis
2486 4276 2659 4332 instar
2697 4273 2934 4344 speciem
2963 4280 3331 4328 commutans.

1194 4578 1358 4649 358
1391 4584 1813 4646 ADMONITIO
1850 4586 1950 4644 AD
1987 4580 2410 4643 LECTOREM.

220 4722 272 4779 Ut
290 4727 436 4783 ﬁdem
466 4747 587 4803 pag.
621 4733 726 4787 155
761 4731 946 4787 datam
977 4731 1291 4799 liberemus,
1329 4735 1568 4803 prolixus
1602 4737 1722 4791 illas
1755 4738 2044 4808 adjicimus
2085 4734 2512 4796 observationes,
2552 4747 2689 4801 quas
2722 4728 3019 4785 Garnerius
3049 4724 3202 4795 (edit.
3233 4725 3434 4794 prioris

273 4836 317 4889 ρ.
350 4823 412 4876 55
449 4823 628 4895 seqq.)
659 4824 896 4895 subjecit
927 4822 1174 4894 epistolis
1204 4825 1260 4879 in
1288 4826 1546 4880 Auctario
1579 4829 1815 4897 primum
1841 4830 2021 4884 editis.
2051 4829 2168 4882 Has
2193 4825 2416 4896 quidem
2444 4823 2702 4893 epistolas
2727 4819 2976 4891 proximo
2993 4825 3114 4888 post
3135 4816 3276 4882 illas,
3301 4831 3441 4886 quas

274 4911 580 4970 Sirmondus
608 4917 723 4987 jam
750 4915 995 4986 dederat,
1025 4920 1164 4988 loco,
1197 4918 1320 4973 vide
1349 4928 1387 4972 t.
1421 4917 1511 4985 IV,
1547 4921 1681 4974 edit.
1714 4932 1916 4977 nostra:
1951 4938 2012 4990 p-
2039 4921 2175 4975 1279
2203 4934 2357 4987 seqq.

219 5023 233 5042 '
255 5025 469 5096 Epistola
512 5028 636 5093 148,
668 5028 1138 5103 Commonitorium
1173 5031 1357 5102 Cyrilli
1393 5034 1578 5088 datum
1618 5035 1765 5089 Posi—
1799 5039 1841 5092 D
1873 5049 1978 5103 que
2002 5033 2147 5087 diem
2174 5030 2381 5085 editum
2408 5042 2515 5080 non
2544 5025 2647 5080 fuit
2673 5026 2756 5076 ’σε
2787 5029 2846 5078 nt
2866 5063 2879 5087 ,
2916 5023 3178 5091 quoniam
3221 5020 3434 5074 initium

641 5099 821 5165 donio,
857 5100 1078 5156 Romam
1113 5099 1290 5155 misso.

275 5208 307 5262 l.
336 5209 597 5277 Quoniam
639 5213 892 5282 epistolae
915 5213 1274 5276 Theodoreti,
1309 5231 1446 5284 quas
1469 5214 1721 5268 addimus
1745 5255 1758 5278 ,

221 5301 458 5364 pertinent
495 5319 694 5358 omnes
716 5301 785 5355 ad
805 5318 894 5356 res
921 5303 1182 5366 Nestorii,
1199 5303 1374 5356 visum
1414 5312 1498 5360 est
1525 5304 1762 5371 praemit-

222 5391 410 5448 tendum
437 5395 628 5467 Cyrilli
663 5394 1186 5459 Commonitorium,
1220 5394 1364 5463 quod
1409 5394 1466 5447 iu
1491 5394 1636 5447 hunc
1673 5409 1763 5447 us-

1864 5121 2240 5192 deditjudicio
2269 5119 2368 5172 toti
2398 5118 2663 5172 adversus
2683 5114 2994 5170 Nestorium
3020 5112 3231 5176 habito,
3262 5112 3435 5165 lucem

1867 5214 2059 5268 afferat
2083 5209 2457 5280 sequentibus,
2486 5208 2687 5277 quibus
2712 5205 2916 5276 negotii
2954 5204 3108 5274 quasi
3128 5218 3438 5272 processus,

1870 5313 1964 5356 aut
1994 5309 2142 5356 certe
2168 5300 2341 5353 series
2359 5297 2694 5351 continetur.

1944 5393 2008 5446 ll.
2063 5391 2300 5462 Cyrillus
2359 5388 2550 5441 amicis
2613 5386 2828 5440 duabus
2879 5383 3081 5437 litteris
3128 5379 3436 5432 Nestorium

1577 5553 1888 5609 StllIL'Lle
1914 5551 2137 5607 ΝΟΤᾸΞ.

269 5695 306 5724 ’³
345 5697 456 5751 Viti.
502 5711 696 5766 supra,
734 5709 787 5761 ι).
845 5690 962 5766 Sili.

203 5771 230 5817 1-
276 5766 514 5822 lCullect.
553 5761 706 5821 riora:
737 5761 1100 5816 conciliorum.

1066 5691 1106 5719 ’⁵
1137 5691 1254 5744 Viti.
1305 5707 1485 5758 supra,
1527 5699 1562 5742 ί.
1595 5689 1679 5749 IV,
1717 5705 1766 5757 p.
1813 5689 1961 5742 I273.

2042 5687 2083 5716 9"
2119 5686 2193 5737 lix
2251 5681 2521 5737 Sinuemli
2567 5678 2786 5732 schedis
2819 5675 3026 5730 editum
3051 5681 3133 5725 est
3162 5687 3188 5720 δι
3229 5666 3449 5720 liuiuzio
