3926 6216
466 359 568 421 307

1595 353 1971 413 GARNERII
2014 351 2511 413 DlSSERTATIO
2551 355 2631 414 ΙΙ.

3626 353 3748 416 303

468 473 721 526 hortatus
747 468 930 525 fuerat
962 476 1023 524 ut
1051 483 1296 523 errorem
1337 465 1676 536 corrigeret,
1706 474 1767 521 et
1804 464 2049 520 concita-
2074 469 2123 526 A
2220 465 2358 522 VIII.
2390 466 2684 523 Caelestius
2705 465 2796 521 ille
2821 466 3060 521 Nestorii
3080 464 3425 531 administer,
3449 481 3562 521 non
3589 466 3749 522 alter

471 573 553 617 tas
589 563 705 618 suis
733 560 1095 616 concionibus
1146 558 1335 614 turbas
1376 557 1633 613 sedaret:
1665 556 1918 628 utrisque
1956 572 2047 613 re-

466 654 767 725 sponderat
795 654 888 708 ille
918 652 1165 723 quidem,
1195 650 1291 707 sed
1316 649 1512 721 primis
1533 651 1916 721 contemptim,
1957 663 2047 705 se-

469 747 663 803 cundis
711 744 1127 801 contumaciter.
1173 743 1409 815 Cyrillus
1463 743 1660 799 videns
1720 757 1947 813 operam
1990 757 2048 797 se

470 836 723 908 perdere,
754 835 1089 892 monendum
1118 834 1355 889 credidit
1393 848 1674 889 summum
1705 830 2044 903 pontiﬁcem,

469 937 529 983 ut
555 929 849 999 apostolica
888 926 1216 982 auctoritate
1243 933 1525 981 coerceret
1554 940 1710 980 novas
1739 924 1927 979 Romae
1951 938 2050 977 an-

471 1017 732 1085 tistitem;
763 1034 933 1088 quare
962 1017 1113 1073 misit
1131 1018 1360 1073 Romam
1393 1016 1462 1071 ad
1491 1024 1745 1074 sanctum
1790 1015 2045 1073 Caelesti-

469 1129 598 1167 num
640 1112 1020 1180 Posidonium,
1055 1111 1151 1183 qui
1184 1111 1489 1166 remedium
1533 1111 1721 1167 aﬂ‘erri
1752 1110 1895 1166 malo
1919 1123 2048 1180 pro-

466 1212 707 1258 curaret.
735 1203 868 1258 Erat
888 1205 981 1259 ille
1007 1203 1389 1258 Alexandrinae
1416 1203 1677 1260 Ecclesiae
1706 1202 2050 1258 archidiaco-

466 1310 591 1358 nus,
621 1294 705 1349 vir
737 1296 986 1366 apprime
1033 1295 1369 1362 catholicus,
1405 1303 1461 1352 et
1505 1296 1563 1351 in
1596 1295 1766 1351 rebus
1790 1295 2046 1366 gerendis

467 1386 772 1443 industrius
791 1402 857 1445 ac
898 1396 1179 1443 strenuus.
1210 1388 1308 1443 llic
1335 1394 1525 1458 postea
1552 1387 1841 1459 presbyter
1868 1386 2047 1442 factus

467 1480 668 1542 missus
710 1489 794 1536 est
837 1497 1027 1537 rursus
1058 1481 1285 1536 Romam
1313 1497 1344 1536 a
1377 1474 1639 1537 Dioscoro
1668 1495 1864 1537 recens
1899 1480 2049 1535 ordi-

465 1576 618 1635 nato,
648 1578 709 1625 ut
731 1570 799 1625 de
821 1572 1171 1627 ordinatione
1204 1580 1452 1627 sanctum
1485 1571 1728 1627 Leonem
1751 1571 2047 1628 certiorem

464 1659 676 1717 faceret
696 1662 742 1694 ⁸⁷
773 1679 787 1716 :
820 1662 1024 1720 missus
1048 1671 1153 1728 est,
1180 1664 1427 1733 inquam,
1456 1679 1602 1720 anno
1620 1664 1744 1720 444.

538 1750 629 1806 lII.
666 1750 905 1807 Abeunti
946 1752 1181 1825 Cyrillus
1209 1753 1704 1810 Commonitorium
1731 1753 1905 1820 dedit,
1931 1769 2047 1825 quo

2150 554 2256 611 fuit
2291 557 2494 626 procul
2518 556 2709 621 dubio,
2752 572 2916 627 quam
2962 556 3164 627 Pelagii
3218 555 3425 622 socius,
3469 555 3582 611 dux
3640 566 3751 611 aut

2151 648 2403 702 incentor
2434 647 2824 718 episcoporum
2854 646 3241 718 Pelagianismi
3270 661 3438 702 causa
3469 663 3537 702 ex
3574 647 3749 703 Italia

2147 739 2712 796 exsulumznondum
2746 739 2884 795 urbe
2929 739 3075 809 regia
3111 746 3245 794 tunc
3306 739 3576 809 temporis
3617 740 3749 811 eje-

2147 841 2273 887 ctus
2298 840 2420 886 erat
2447 846 2572 886 cum
2600 831 2842 896 Iuliano,
2873 829 3145 895 Persidio,
3188 829 3373 896 Floro,
3415 828 3654 886 Orentio
3686 840 3750 887 et

2153 923 2494 979 Marcellino.
2539 923 2646 979 Sed
2694 923 2867 995 gratia
2913 922 3155 994 pollebat
3187 922 3335 993 apud
3386 922 3746 990 Nestorium,

2147 1016 2353 1087 quippe
2377 1015 2474 1086 qui
2525 1016 2758 1072 sentiret
2807 1015 2954 1071 idem
3003 1030 3128 1070 cum
3158 1015 3297 1086 ipso,
3333 1018 3589 1086 quamvis
3618 1033 3744 1072 non

2146 1106 2397 1163 eamdem
2455 1106 2529 1163 ob
2578 1122 2822 1173 causam,
2851 1106 2920 1162 de
2970 1106 3177 1161 Christi
3225 1115 3439 1161 matre:
3493 1116 3748 1180 uterque

2147 1200 2294 1255 enim
2343 1200 2635 1269 Deiparam
2660 1214 2790 1254 vere
2814 1214 2937 1254 esse
2966 1197 3339 1267 diﬁltebatur;
3385 1199 3481 1254 sed
3530 1200 3750 1255 Nesto-

2147 1292 2285 1356 rius,
2332 1291 2462 1361 quia
2514 1290 2797 1347 Christum
2848 1306 2961 1345 non
3019 1290 3283 1346 credebat
3339 1307 3469 1347 vere
3518 1292 3747 1358 Deum;

2145 1384 2458 1448 Caelestius,
2494 1382 2779 1454 quoniam,
2825 1382 2928 1439 etsi
2966 1381 3250 1439 Christum
3282 1383 3552 1439 fateretur
3603 1399 3751 1439 vere

2146 1477 2339 1544 Deum,
2379 1492 2448 1532 ex
2490 1477 2704 1533 meritis
2732 1483 2938 1542 tamen,
2979 1490 3107 1531 cum
3138 1475 3490 1545 adolevisset,
3520 1493 3638 1533 non
3673 1493 3749 1533 ex

2146 1579 2293 1633 ortu,
2346 1583 2472 1624 cum
2506 1569 2747 1640 primum
2801 1566 3072 1623 formatus
3101 1574 3206 1633 est,
3246 1567 3596 1623 divinitatem
3649 1581 3753 1622 ac-

2146 1662 2356 1732 cepisse
2383 1660 2773 1717 contendebat.
2803 1659 3283 1731 Constantinopoli
3326 1676 3495 1731 porro
3546 1662 3748 1732 impu-

2146 1770 2242 1810 rus
2261 1752 2552 1808 eunuchus
2586 1752 2641 1808 id
2666 1752 2885 1824 agebat,
2915 1752 3064 1823 quod
3089 1751 3297 1823 ubique
3334 1751 3567 1820 solitus;
3593 1769 3749 1823 quos

464 1841 708 1899 Nestorii
744 1842 902 1911 ﬁdes,
935 1824 1179 1900 breviter
1203 1844 1449 1915 quidem,
1482 1845 1580 1901 sed
1621 1846 1767 1902 clare
1814 1824 2043 1917 exponi-
2075 1824 2117 1885 Β
2146 1859 2345 1916 nempe
2404 1842 2692 1915 originalis
2741 1843 2953 1915 peccati
3008 1841 3336 1899 defensores
3382 1844 3589 1910 sciret,
3640 1859 3749 1900 eos

468 1942 561 1989 tur
595 1952 608 1986 :
640 1934 794 1990 dedit
834 1944 891 1991 et
924 1946 1102 1994 tomos
1133 1938 1379 2008 quinque
1414 1938 1681 1994 adversus
1724 1937 2044 1994 Nestorium

467 2037 499 2079 a
522 2039 581 2080 se
620 2026 972 2099 compositos,
1013 2028 1107 2083 ubi
1156 2028 1512 2099 blasphemiae
1542 2031 1871 2086 concionum
1897 2029 2046 2086 Con—

466 2115 821 2187 stantinopoli
842 2117 1174 2182 habitarunt,
1200 2128 1258 2174 et
1290 2119 1521 2174 Romam
1541 2119 1611 2173 ab
1632 2118 1908 2175 Antiocho
1927 2120 2048 2175 viro

466 2205 667 2262 illustri
696 2206 1022 2274 delatarum,
1050 2208 1367 2264 referuntur
1392 2218 1450 2265 et
1471 2209 1852 2268 confutantur.

532 2298 624 2354 IV.
666 2298 862 2354 Datum
915 2310 999 2355 est
1036 2299 1535 2357 Commonitorium
1578 2316 1770 2356 mense
1826 2301 2042 2372 Aprili,

464 2405 611 2446 anno
646 2391 770 2457 450,
813 2393 970 2464 cujus
1010 2393 1138 2446 anni
1170 2393 1204 2446 5
1233 2392 1360 2449 Idus
1392 2393 1620 2464 Augusti
1651 2390 2047 2464 consignantur

466 2481 687 2549 litterae,
735 2484 939 2554 quibus
987 2482 1317 2540 Coelestinus
1359 2483 1585 2556 Cyrillo,
1630 2492 1757 2556 post
1790 2494 2045 2541 coactum

466 2575 654 2633 Romae
683 2577 980 2631 concilium
1012 2584 1069 2632 et
1115 2592 1340 2633 causam
1367 2577 1606 2633 Nestorii
1638 2578 1743 2633 rite
1771 2579 2044 2649 cognitam

463 2673 629 2739 atque
655 2667 980 2739 judicatam,
1010 2668 1328 2739 respondet.

533 2761 599 2819 V.
625 2761 768 2830 Quin
805 2763 1075 2833 scriptum
1128 2761 1277 2817 istud
1324 2777 1516 2818 verum
1565 2762 1657 2826 sit,
1720 2770 1777 2817 et
1817 2762 2045 2817 minime

464 2863 802 2927 suspectum,
826 2855 1013 2910 nullus
1037 2854 1298 2925 equidem
1320 2854 1515 2910 dubito
1542 2872 1555 2908 :
1585 2854 1847 2909 convenit
1869 2855 2041 2924 enim,

463 2947 643 3018 primo
686 2961 813 3002 cum
846 2944 1076 3001 historia
1122 2954 1431 3015 temporum
1481 2944 1801 3015 negotiique
1843 2945 2041 3001 Nesto-

463 3040 605 3095 riani
647 3039 923 3111 adiunctis
945 3057 958 3093 :
982 3037 1184 3094 deinde
1216 3052 1342 3094 cum
1377 3035 1565 3108 Cyrilli
1596 3038 1868 3104 moribus,
1893 3038 2044 3094 soliti

2149 1936 2450 2008 impietatis
2478 1935 2791 1991 Manichteae
2823 1935 3136 1991 accusabat.

2215 2026 2306 2082 IX.
2328 2025 2634 2082 Consessus
2654 2025 2769 2080 sive
2792 2023 3111 2097 synedrion,
3143 2040 3254 2095 quo
3284 2024 3353 2080 de
3386 2024 3589 2095 agitur,
3642 2024 3749 2080 illa

2149 2118 2265 2189 ipsa
2288 2124 2374 2172 est
2402 2115 2666 2188 synodus,
2707 2129 2875 2185 quam
2912 2114 3203 2170 Nestorius
3247 2124 3493 2170 sanctam
3546 2125 3746 2181 vocat,

2148 2210 2203 2264 in
2226 2208 2488 2265 secundis
2516 2207 2721 2263 litteris
2754 2206 2823 2262 ad
2858 2205 3147 2279 Cyrillum.
3174 2206 3311 2262 Vide
3328 2206 3602 2277 prolixam
3640 2224 3748 2263 su—

2147 2317 2245 2372 per
2268 2316 2333 2356 ea
2356 2316 2417 2355 re
2445 2299 2860 2355 annotationem
2895 2307 3139 2354 nostram
3185 2298 3255 2354 ad
3287 2299 3500 2355 litteras
3536 2299 3749 2356 Nesto-

2148 2391 2301 2456 torii,
2333 2399 2489 2462 parte
2545 2407 2580 2444 ιι
2643 2389 2883 2463 Operum
2921 2389 3078 2445 Marii
3118 2390 3467 2458 Mercatoris,
3499 2406 3628 2463 pag.
3669 2392 3747 2447 62

2145 2489 2202 2537 et
2239 2497 2393 2553 seqq.

2216 2574 2284 2630 Χ.
2319 2576 2398 2631 De
2453 2575 2725 2631 sententia
2776 2589 2946 2646 porro
2998 2574 3055 2630 in
3102 2575 3439 2647 Philippum,
3483 2575 3747 2647 aliosque

2143 2665 2349 2738 Cyrillo
2395 2665 2649 2721 addictos
2697 2665 2954 2731 clericos,
2987 2665 3346 2737 intelligenda
3398 2674 3530 2722 sunt
3557 2669 3746 2723 verba

2148 2759 2253 2814 ista
2282 2758 2546 2823 Nestorii,
2577 2758 2633 2812 in
2683 2758 2891 2814 litteris
2935 2774 3072 2828 quas
3096 2757 3244 2813 dixi:
3270 2758 3511 2812 Γινωσκε
3551 2759 3609 2813 δὲ
3636 2777 3747 2814 πε-

2146 2850 2491 2922 πλανημένον
2532 2851 2729 2905 σαυτὸν
2759 2850 2865 2904 ὑπὸ
2896 2850 3006 2904 τῶν
3055 2850 3157 2922 τῆς
3218 2850 3320 2923 σῆς
3374 2851 3505 2916 ἴσως
3561 2851 3748 2907 διαθέ-

2147 2960 2284 3007 σεως
2307 2942 2608 3015 κληρικῶν,
2631 2943 2737 2997 ὑπὸ
2766 2942 2876 2996 τῶν
2890 2943 3123 2998 ἐνταῦθα
3146 2945 3253 2999 ἀπὸ
3285 2946 3385 3016 τῆς
3410 2944 3574 3013 ἁγίας
3600 2962 3742 2999 συν-

2143 3035 2261 3090 όδου
2295 3036 2734 3109 διατηρημένων,
2766 3037 2843 3101 ὡς
2863 3035 2933 3090 τὰ
2958 3037 3277 3109 Μανιχαίων
3300 3037 3671 3110 φρονούντων.

463 3130 581 3186 suis
614 3128 1054 3185 commonitoriis
1086 3127 1317 3194 docere;
1354 3126 1435 3184 sic
1485 3128 1875 3197 apocrisiarios
1901 3128 2043 3185 Con-
2071 3163 2118 3227 ο
2218 3128 2310 3184 XI.
2356 3129 2417 3185 In
2457 3129 2650 3185 eadem
2688 3128 2898 3201 synodo
2944 3130 3190 3185 sancitus
3243 3139 3330 3186 est
3377 3146 3554 3185 canon
3615 3131 3739 3199 ille,

462 3222 818 3292 stantinopoli
844 3221 1196 3286 dissidentes,
1228 3221 1311 3276 sic
1340 3221 1630 3293 Eulogium
1661 3223 1865 3278 ibidem
1894 3238 2043 3278 com-

462 3321 770 3368 morantem
798 3312 1028 3368 docuit:
1062 3321 1252 3382 postea
1287 3329 1413 3369 cum
1464 3314 1719 3370 doctrina
1757 3314 1923 3385 359
1942 3315 2045 3387 Cy-

464 3402 595 3468 rilli,
638 3402 852 3467 eadem,
909 3417 1033 3472 qua:
1075 3402 1167 3460 hic
1193 3412 1478 3471 notantur,
1514 3406 1693 3474 capita
1725 3405 2042 3460 Nestoriani

464 3493 672 3550 erroris
715 3492 772 3549 in
811 3494 975 3549 tomis
1000 3495 1281 3564 arguentis
1338 3512 1351 3547 :
1381 3494 1622 3565 denique
1650 3511 1775 3550 cum
1811 3497 2044 3567 epistola

464 3585 707 3640 secunda
729 3584 967 3639 Nestorii
990 3584 1058 3639 ad
1080 3583 1369 3655 Cyrillum,
1398 3585 1499 3639 ubi
1531 3601 1716 3641 sermo
1749 3585 1809 3643 ﬁt
1829 3588 1899 3642 de
1928 3588 2043 3644 cle-

468 3677 601 3733 ricis
622 3674 1017 3731 Manichaeismi
1045 3675 1102 3730 in
1129 3686 1408 3731 conventu
1434 3677 1731 3733 damnatis.

534 3766 623 3822 VI.
652 3766 731 3821 Ex
751 3781 818 3821 eo
859 3766 1093 3836 plurima
1147 3766 1533 3839 intelliguntur
1575 3769 1732 3824 utilia
1763 3770 1833 3825 ad
1866 3770 2044 3827 histo-

465 3857 638 3915 riam:
668 3859 729 3916 ﬁt
756 3859 904 3915 enim
933 3860 1140 3916 mentio
1160 3859 1398 3931 Philippi
1430 3862 1761 3934 presbyteri,
1793 3863 1888 3934 qui
1939 3863 2046 3919 Ne-

465 3951 697 4009 storium
720 3952 919 4024 arguit,
945 3951 1189 4008 Ctelestii
1214 3968 1246 4008 a
1304 3952 1567 4009 Nestorio
1629 3954 1939 4021 subornati,
1974 3956 2041 4011 ad

465 4041 862 4113 imponendum
907 4043 1166 4114 Philippo
1206 4045 1441 4111 crimen,
1493 4046 1667 4102 habiti
1726 4064 1758 4103 a
1785 4047 2043 4105 Nestorio

467 4151 777 4201 consessus,
814 4145 870 4191 et
899 4137 1189 4192 sententiae
1215 4137 1270 4191 in
1306 4139 1623 4209 Philippum
1664 4140 1848 4206 dictae,
1873 4156 1938 4196 ac
1956 4151 2041 4196 to-

466 4240 705 4291 morum,
734 4225 803 4280 de
836 4224 1040 4295 quibus
1059 4224 1335 4297 sigillatim
1371 4226 1579 4295 aliquid
1595 4242 1776 4298 operae
1803 4229 2042 4301 pretium

465 4325 553 4375 est
582 4318 899 4373 observare.

536 4410 647 4465 VII.
710 4409 1001 4479 Philippus
1046 4410 1137 4465 ille
1189 4411 1477 4482 presbyter
1517 4412 1697 4483 magni
1753 4412 1859 4467 fuit
1906 4415 2039 4469 olim

464 4501 707 4557 nominis
747 4500 803 4554 in
841 4501 1083 4556 Ecclesia
1123 4500 1753 4571 Constantinopolitana.
1801 4502 2043 4577 Chryso-

464 4592 629 4648 stomi
648 4591 872 4646 hortatu
899 4590 1120 4660 scripsit
1150 4590 1442 4647 Historiam
1476 4590 1861 4661 Christianam,
1912 4612 2039 4651 cum

462 4680 644 4736 adhuc
672 4689 821 4736 esset
846 4678 1149 4743 diaconus;
1187 4678 1480 4750 presbyter
1504 4679 1681 4737 factus
1711 4692 1794 4738 est
1823 4684 1892 4739 ab
1938 4685 2037 4740 At—

464 4772 596 4836 tico,
634 4786 745 4840 quo
786 4785 818 4826 e
872 4770 1015 4826 vivis
1070 4779 1348 4841 exempto,
1400 4771 1468 4826 de
1517 4774 1648 4830 sede
1683 4777 2038 4845 patriarchali

462 4859 768 4925 contendit,
802 4860 901 4916 sed
926 4860 1152 4928 frustra,
1170 4875 1297 4916 cum
1321 4860 1598 4918 Sisinnio:
1625 4881 1736 4935 quo
1756 4867 2036 4935 defuncto,

465 4967 661 5006 rursus
687 4951 841 5006 venit
890 4952 948 5007 in
990 4954 1402 5009 contentionem
1462 4971 1589 5011 cum
1643 4959 1860 5026 Proclo,
1918 4978 2039 5032 quae

465 5058 631 5098 causa
652 5041 778 5107 fuit,
803 5056 894 5107 ne,
931 5043 1105 5098 scisso
1146 5043 1205 5098 in
1234 5054 1418 5115 partes
1457 5048 1630 5113 clero,
1693 5050 2041 5108 Theodosius

465 5141 721 5187 evocaret
753 5133 1047 5190 Antiochia
1075 5134 1423 5191 Nestorium:
1456 5140 1636 5208 arguit
1667 5149 1722 5195 et
1751 5142 1867 5211 ipse
1897 5142 2040 5199 inter

465 5222 673 5296 primos
692 5223 1029 5290 Nestorium,
1051 5234 1107 5281 et
1143 5226 1213 5281 ab
1244 5226 1385 5298 ipso,
1424 5238 1547 5299 post
1575 5229 1900 5298 patefactam
1929 5236 2041 5285 me-

468 5315 636 5381 resin,
666 5315 1064 5373 discessionem
1105 5318 1265 5387 fecit;
1326 5319 1472 5374 unde
1529 5323 1886 5376 exacerbatus
1930 5322 2039 5377 Nc-

466 5408 671 5467 storius
707 5410 1036 5467 calumniam
1064 5411 1166 5482 ipsi
1190 5427 1221 5468 a
1254 5410 1515 5467 leestio
1573 5413 1733 5475 strui.
1774 5413 2036 5484 litemque

472 5498 526 5555 in
551 5514 646 5553 sua
678 5500 885 5571 synodo
939 5501 1150 5555 intendi
1182 5501 1521 5570 procuravit,
1565 5501 1675 5557 imo
1710 5510 1766 5557 et
1813 5504 2040 5562 insaniae

469 5587 775 5647 Manichma:
798 5599 1113 5647 accusatum
1137 5591 1372 5660 maligne
1401 5592 1697 5649 damnavit.

2148 3236 2258 3291 quo
2288 3220 2576 3277 dicebatur
2606 3221 2897 3276 anathema
2919 3221 2993 3289 ei,
3026 3221 3122 3294 qui
3153 3220 3450 3278 adlrmaret
3480 3224 3737 3279 animum

2142 3313 2273 3367 Adae
2305 3313 2361 3366 in
2380 3321 2593 3384 peccato
2627 3329 2736 3366 esse
2774 3323 3065 3379 mortuam,
3110 3329 3229 3367 cum
3251 3312 3494 3368 diabolus
3534 3316 3591 3369 in
3633 3333 3736 3371 cor

2145 3405 2377 3460 hominis
2402 3420 2507 3459 non
2537 3405 2897 3475 ingrediatur.
2955 3405 3119 3477 360
3146 3404 3282 3460 Vide
3312 3404 3515 3461 ibidem
3558 3414 3743 3463 totam

2144 3495 2310 3566 hujus
2370 3494 2597 3550 canonis
2627 3495 2941 3560 historiam,
2994 3496 3112 3551 suis
3141 3510 3173 3550 e
3216 3495 3461 3551 tenebris
3506 3506 3739 3553 erutam

2144 3586 2409 3641 adversus
2429 3585 2750 3656 popularem
2788 3600 3057 3640 errorem.

2212 3677 2327 3732 XII.
2357 3677 2515 3733 Tomi
2542 3676 2782 3747 denique
2812 3676 3026 3747 ἔχοντες
3048 3675 3117 3730 τὰ
3142 3677 3411 3747 κεφάλαια
3433 3677 3541 3731 τῶν
3565 3678 3742 3749 βλασ-

2143 3769 2364 3841 φημιῶν
2419 3770 2740 3842 Νεστοριου,
2803 3780 2932 3826 sunt
2985 3770 3040 3826 id
3099 3770 3301 3841 ipsum,
3368 3772 3518 3843 quod
3573 3775 3727 3829 κατὰ

2144 3859 2254 3915 τῶν
2321 3860 2619 3934 Νεστορίου
2686 3860 3011 3931 δυσφημιῶν
3097 3862 3453 3926 πεντάόιόλος
3531 3865 3737 3938 ἀντίρ-

2146 3952 2324 4022 ρησις.
2361 3949 2562 4006 Totum
2592 3951 2741 4006 enim
2786 3951 2894 4005 hoc
2918 3966 3058 4022 opus
3089 3968 3119 4007 a
3139 3952 3341 4025 Cyrillo
3385 3954 3626 4010 divisum
3646 3967 3741 4013 est

2144 4040 2200 4095 in
2233 4043 2479 4113 quinque
2522 4042 2715 4108 libros,
2744 4057 2886 4113 quos
2920 4042 3154 4113 ipsemet
3172 4044 3457 4116 inscripsit
3481 4046 3732 4117 Τόμους,

2144 4134 2231 4189 Fit
2283 4134 2530 4205 ejusdem
2583 4133 2768 4204 operis
2806 4133 3015 4191 mentio
3067 4135 3122 4190 in
3175 4138 3603 4193 commonitorio
3657 4140 3735 4195 ad

2147 4224 2475 4297 Eulogium:
2511 4224 2746 4280 alterum
2794 4225 2941 4281 enim
2997 4226 3102 4281 fuit
3144 4242 3396 4298 operum,
3452 4245 3576 4300 qua:
3620 4231 3738 4289 sibi

2145 4316 2479 4387 Praepositus
2503 4316 2590 4370 vir
2622 4317 3203 4389 magniﬁcentissimus
3242 4321 3361 4376 dari
3409 4324 3738 4393 postulave-

2146 4417 2229 4463 rat
2254 4427 2267 4463 :
2314 4408 2373 4462 ἓν
2397 4409 2495 4479 μὲν
2521 4407 2661 4462 κατὰ
2684 4409 2792 4463 τῶν
2807 4410 3104 4483 Νεστορίου
3139 4412 3486 4484 δυσφημιῶν.
3515 4415 3604 4470 Fit
3629 4433 3737 4487 pa-

2081 4513 2124 4568 1)
2150 4502 2285 4556 riter
2309 4502 2366 4555 in
2397 4501 2632 4572 epistola
2667 4502 2736 4558 ad
2758 4503 3021 4559 Acacium
3067 4506 3409 4574 Melitenum,
3441 4512 3537 4566 ubi
3562 4512 3740 4570 refert

2148 4593 2388 4666 Cyrillus
2433 4593 2782 4651 conditiones
2836 4596 3009 4666 pacis,
3058 4597 3129 4652 ab
3180 4597 3554 4657 Orientalibus
3597 4618 3739 4672 pro-

2148 4684 2373 4755 positas.
2406 4683 2635 4737 Ἠθελον
2680 4685 2787 4757 γὰρ
2841 4686 3083 4757 ἀργῆσαι
3147 4690 3247 4759 μὲν
3309 4691 3609 4762 σύμπαντα
3661 4695 3737 4749 τὰ

2149 4777 2282 4847 παρ’
2312 4775 2446 4846 ἐμοῦ
2481 4776 2762 4845 γραφέντα
2793 4776 2849 4831 ἐν
2885 4795 2943 4831 τε
2990 4779 3320 4845 ἐπιστολαῖς,
3372 4783 3465 4836 καὶ
3514 4785 3733 4854 τὸμοις,

2148 4870 2242 4923 καὶ
2276 4867 2518 4939 βιὸλεοις.
2548 4868 2625 4923 De
2649 4869 2897 4939 epistolis
2925 4870 3101 4925 tribus
3127 4879 3223 4926 aut
3242 4882 3479 4942 quatuor
3501 4874 3736 4946 dogma-

2151 4959 2276 5015 ticis
2296 4959 2560 5030 loquitur,
2589 4958 2658 5014 de
2686 4958 2852 5016 tomis
2876 4961 3123 5031 quinque
3167 4961 3433 5018 adversus
3476 4964 3741 5034 blasphe-

2147 5051 2305 5115 mias,
2331 5062 2390 5107 et
2416 5050 2485 5106 de
2524 5051 2769 5107 scholiis.
2800 5051 2929 5107 Haec
2966 5051 3117 5108 enim
3156 5054 3345 5109 omnia
3395 5064 3588 5109 contra
3616 5057 3734 5113 Ne-

2147 5143 2379 5198 storium
2408 5142 2620 5197 directo
2657 5143 2806 5198 edita
2842 5152 2992 5199 sunt.

2216 5232 2359 5287 XIII.
2382 5232 2503 5288 Non
2527 5233 2721 5304 ignoro
2764 5241 3038 5289 tomorum
3066 5250 3267 5292 nomen
3299 5251 3422 5292 esse
3447 5240 3728 5308 generale,

2147 5334 2203 5379 et
2239 5325 2537 5395 aliquando
2552 5326 2682 5395 poni
2710 5342 2812 5397 pro
2832 5326 3154 5382 codicibus:
3201 5328 3282 5383 sic
3306 5329 3615 5383 adhibitum
3643 5343 3733 5386 est

2146 5417 2215 5472 ab
2251 5417 2469 5472 Andrea
2490 5416 2867 5482 Samosateno,
2902 5418 2959 5473 in
2979 5419 3290 5489 objectione
3318 5420 3384 5474 ad
3415 5422 3647 5476 tertium
3670 5430 3733 5477 et

2146 5517 2403 5578 quartum
2462 5508 3002 5573 anathematismum,
3044 5510 3111 5564 ad
3137 5509 3550 5579 significandam
3600 5510 3729 5580 epi-

2146 5598 2341 5654 stolam
2394 5598 2581 5671 Cyrilli
2619 5599 2685 5654 ad
2730 5599 3032 5656 monachos
3073 5599 3310 5674 Egypti,
3345 5610 3402 5657 et
3435 5601 3723 5659 homiliam

1806 5726 2116 5783 SCIll‘LZlI
2158 5728 2387 5783 ΝΟΤιΕ.

536 5801 575 5830 υτ
603 5790 722 5844 Viti.
759 5791 926 5846 Leon.
956 5792 1115 5863 epist.
1156 5792 1241 5846 48.
