3926 6216
242 305 349 371 3119

1443 322 1543 383 DE
1579 323 1834 384 LIBRIS
1872 313 2373 389 THEODORE'PL

3395 335 3504 402 310

247 427 565 485 Paschalem
596 428 684 484 18.
717 426 827 486 Sed
857 428 1098 501 Cyrillus
1134 429 1191 486 in
1233 432 1596 501 responsione
1642 434 1813 491 absti-
1849 443 1888 492 Λ
1918 436 2011 506 jus
2040 438 2289 501 nomine,
2320 453 2559 508 quarunt
2583 440 2837 497 consilio.
2890 442 3128 499 Dubium
3174 445 3321 502 istud
3374 463 3500 506 sex—

246 520 422 576 nuita
457 522 685 577 nomine
724 529 1024 588 ternorum,
1068 524 1443 597 epistulasque
1496 528 1657 592 dixit,
1687 543 1828 599 quas

246 611 496 667 Andreas
533 613 551 631 ·
597 620 776 668 tomos
803 613 1149 683 appellasset.
1185 615 1392 673 Deinde
1433 626 1668 691 utroque
1703 620 1826 674 loco

244 702 692 775 citatoCyrillus,
720 706 1005 761 mentione
1043 705 1188 763 facta
1239 715 1537 775 tomorum,
1597 725 1694 767 eos
1739 712 1825 765 vel

244 794 315 848 ab
338 795 588 865 epistolis
613 796 887 863 distinxit,
910 799 998 854 vel
1022 798 1218 854 eodem
1270 800 1496 858 nomine
1521 801 1821 872 inscripsit,

244 901 355 956 quo
387 887 855 945 contradictiones
875 888 1018 944 κατὰ
1034 890 1144 945 τῶν
1168 892 1463 964 Νιστορίου
1483 893 1657 965 ὃυσφη
1666 893 1822 965 μιῶν.

315 979 457 1035 ΧΠ.
495 979 684 1037 Exhis
705 980 1066 1038 innotescunt
1088 999 1199 1039 non
1223 1000 1419 1055 pauca,
1445 1002 1568 1056 qua
1600 985 1826 1041 fuerunt

243 1070 513 1127 hactenus
550 1072 639 1127 vel
669 1072 854 1143 ignota
874 1073 961 1128 vel
994 1073 1249 1130 obscura.
1274 1075 1326 1131 1.
1356 1074 1667 1132 Adhmsisse
1690 1075 1823 1131 Phi-

244 1164 449 1235 lippum
475 1164 688 1236 Cyrillo
716 1181 844 1222 cum
889 1166 1108 1223 clericis
1159 1168 1307 1234 aliis,
1358 1182 1500 1239 quos
1536 1168 1826 1224 Nestorius

242 1255 505 1328 Cyrillum
535 1256 827 1328 alloquens
855 1268 1018 1315 vocat
1038 1258 1140 1329 τῆς
1192 1258 1291 1329 σῆς
1347 1259 1640 1325 διαθέσεως
1686 1260 1824 1331 κλη-

248 1349 451 1418 ρικοὺς.
477 1348 538 1403 2.
560 1349 879 1421 Philippum
927 1351 1175 1422 arguisse
1220 1350 1535 1407 Nestorium
1565 1351 1825 1409 haeretica

246 1439 557 1508 docentem,
587 1442 899 1513 ducemque
920 1442 1091 1499 fuisse
1106 1442 1462 1499 discessionis
1485 1444 1634 1500 illius
1661 1444 1827 1500 cleri-

244 1547 431 1587 corum
448 1533 723 1590 Ecclesiae
739 1533 1364 1605 Constantinopolitanae
1379 1551 1411 1590 a
1428 1551 1531 1591 suo
1544 1535 1823 1606 episcopo,

245 1635 402 1688 quam
434 1622 698 1677 meminit
726 1621 969 1695 Cyrillus
1012 1623 1082 1678 ad
1135 1622 1499 1679 Ccelestinum
1548 1624 1822 1692 scribens,

244 1712 687 1783 leestinusque
706 1714 764 1769 in
801 1714 1002 1770 litteris
1019 1714 1089 1770 ad
1106 1715 1340 1771 clericos
1355 1715 1824 1789 ConstantinOpo-

1932 537 2068 593 tum,
2103 544 2172 584 an
2200 545 2229 584 a
2258 529 2611 588 Theodoreto
2649 534 2954 603 composita
2989 535 3061 590 sit
3119 536 3347 595 Joannis
3395 556 3500 596 no-

1927 618 2097 684 mine,
2151 617 2295 691 quod
2345 622 2545 693 opinor
2571 623 2639 689 ";
2692 639 2763 679 an
2808 640 2839 679 a
2894 624 3105 681 Joanne
3165 627 3500 687 Theodoreti

1925 708 2177 772 consilio,
2207 710 2355 780 quod
2385 712 2552 782 vulgo
2569 711 2794 768 dicitur.

1997 797 2065 853 ll.
2096 798 2313 871 Scripta
2340 809 2426 857 est
2450 802 2644 872 procul
2673 803 2864 869 dubio,
2920 814 3211 878 postquam
3269 809 3498 865 Posido-

1925 889 2054 946 nius
2102 890 2361 946 Ecclesiae
2422 892 2802 950 Alexandrinae
2851 895 3155 963 diaconus,
3216 898 3391 955 Roma
3442 900 3499 954 in

1924 979 2218 1054 Egyptum
2248 983 2443 1049 redux,
2470 985 2687 1041 litteras
2712 993 2827 1043 tres
2865 1002 2898 1043 a
2929 997 3124 1044 sancto
3173 990 3498 1056 Caelestino.

1925 1073 1960 1128 5
1981 1074 2112 1130 ldus
2145 1075 2379 1146 Augusti
2408 1073 2563 1131 datas
2588 1078 2865 1133 reddidit:
2904 1078 3113 1152 Cyrillo
3154 1081 3503 1137 Alexandria:

1926 1178 2096 1231 unas;
2147 1164 2377 1231 alteras,
2427 1164 2707 1236 profectus
2738 1168 2796 1223 in
2832 1169 3174 1226 Palaestinam
3214 1180 3272 1229 et
3308 1172 3503 1230 Orien-

1926 1263 2058 1322 tem,
2095 1256 2350 1312 Juvenali
2399 1257 2920 1331 Hierosolymitano,
2967 1272 3024 1318 et
3068 1263 3267 1321 Joanni
3305 1265 3502 1322 Antio-

1925 1347 2126 1403 cheno.
2151 1347 2290 1404 Cum
2317 1363 2451 1421 ergo
2475 1350 2594 1405 haec
2632 1350 2863 1421 epistola
2908 1361 3035 1423 post
3079 1364 3335 1425 acceptas
3366 1355 3506 1412 alias

1926 1443 2040 1492 tres
2063 1436 2188 1492 data
2215 1437 2308 1504 sit,
2332 1446 2553 1509 oportet
2582 1447 2643 1495 ut
2691 1440 2966 1511 pertineat
3006 1442 3073 1497 ad
3132 1443 3296 1499 ﬁnem
3333 1444 3503 1501 Octo-

1926 1525 2044 1583 bris
2077 1535 2174 1583 aut
2218 1529 2441 1584 initium
2469 1528 2799 1587 Novembris
2844 1534 2973 1588 anni
3004 1532 3128 1588 430.
3160 1535 3297 1590 Nam
3346 1536 3503 1593 Posi-

1924 1619 2124 1676 donius
2151 1619 2209 1676 in
2235 1619 2520 1677 Orientem
2550 1622 2829 1693 profectus
2878 1633 2983 1691 est,
3017 1634 3309 1697 antequam
3338 1627 3505 1701 Egy-

1925 1711 2007 1782 pti
2039 1711 2282 1785 synodus
2311 1714 2682 1780 convenisset,
2714 1722 2778 1769 ut
2805 1717 3103 1772 conﬁcitur
3130 1734 3199 1773 ex
3254 1720 3509 1791 epistolis

234 1801 457 1859 1itanos.
486 1803 544 1859 5.
570 1805 841 1861 Eumdem
886 1806 1204 1877 Philippum
1230 1814 1517 1863 auctorem
1572 1822 1694 1862 esse
1721 1783 1824 1862 ob-
1857 1783 1901 1839 Β
1927 1783 2116 1873 Cyrilli
2145 1802 2216 1858 ad
2258 1803 2526 1861 Joannem
2565 1814 2623 1860 et
2672 1805 3015 1864 Juvenalem.
3073 1783 3347 1867 Convenit
3374 1828 3511 1869 vero

248 1896 560 1951 testationis
589 1897 763 1963 illius,
797 1913 920 1968 quae
940 1898 1145 1970 legitur
1168 1899 1225 1953 in
1271 1900 1449 1969 prima
1474 1909 1633 1970 parte
1662 1899 1827 1955 Aeto-

252 2004 366 2045 rum
391 1991 623 2046 concilii
656 1992 945 2063 Ephesini,
969 2007 1189 2063 quaque
1222 1991 1465 2048 Nestorii
1499 2007 1626 2047 cum
1654 1992 1826 2048 Paulo

253 2082 608 2139 Samosatcno
637 2085 930 2141 consensio
954 2086 1269 2156 exponitur.
1297 2086 1352 2141 4.
1383 2083 1653 2140 Eumdem
1693 2084 1824 2140 Phi-

256 2174 457 2244 lippum
476 2175 631 2245 apud
658 2191 720 2232 se
742 2191 977 2249 synaxes
997 2176 1331 2234 celebrasse.
1364 2177 1417 2232 5.
1444 2176 1715 2232 Eumdem
1742 2176 1827 2231 in-

257 2262 461 2318 fensum
507 2263 684 2321 fuisse
729 2266 1057 2337 Pelagianis,
1120 2275 1177 2322 et
1230 2274 1519 2336 peccatum
1557 2267 1827 2338 originale

253 2349 580 2408 defendisse.
609 2354 663 2410 6.
698 2355 1024 2425 Pelagianos
1061 2357 1370 2428 episcopos,
1390 2372 1517 2413 cum
1542 2356 1824 2422 leestio,

254 2442 413 2502 fuisse
445 2447 635 2503 adhuc
656 2447 1159 2521 Constantinopoli,
1187 2466 1300 2522 quo
1336 2458 1585 2522 tempore
1627 2451 1826 2507 Nesto-

256 2536 362 2591 rius
386 2537 586 2594 habuit
609 2540 903 2612 synodum,
936 2540 1007 2596 de
1030 2557 1140 2612 qua
1165 2557 1350 2597 sermo
1381 2542 1550 2598 estin
1575 2559 1827 2598 commo-

164 2620 173 2627 κ
256 2628 468 2695 nitorio,
491 2639 552 2686 et
575 2632 811 2703 epistola
830 2634 866 2689 2
885 2633 1120 2689 Nestorii
1154 2634 1223 2689 ad
1252 2632 1539 2706 Cyrillum.
1565 2636 1619 2690 7.
1657 2635 1829 2707 Syno-

252 2721 377 2777 dum
403 2723 653 2779 habitam
723 2734 970 2796 tempore
1012 2727 1287 2792 autumni,
1314 2742 1463 2783 anno
1518 2727 1656 2794 429;
1700 2744 1827 2783 nam

257 2809 353 2865 hoc
383 2826 530 2867 anno
555 2814 659 2869 sub
687 2814 853 2869 ﬁnem
882 2814 1383 2871 Commonitorium
1435 2832 1595 2872 suum
1625 2817 1831 2873 obtulit

258 2900 567 2974 imperatori
608 2905 680 2960 ll.
715 2904 1003 2974 Mercator,
1035 2922 1146 2978 quo
1166 2907 1429 2978 perlecto,
1455 2908 1716 2977 expulsus
1745 2916 1831 2964 est

256 3012 373 3052 cum
425 2998 708 3068 episcopis
755 2998 1065 3071 Pelagianis
1103 2997 1580 3069 Constantinopoli
1634 2998 1821 3056 Coale-

258 3088 408 3145 stius.
461 3088 515 3144 8.
573 3088 1093 3156 Contradictiones,
1163 3089 1278 3145 sive
1333 3099 1512 3147 tomos
1563 3091 1830 3148 adversus

260 3181 619 3254 blasphemias
639 3182 900 3249 Nestorii,
925 3182 1085 3254 361
1121 3182 1332 3241 delatos
1368 3183 1539 3240 fuisse
1577 3184 1828 3251 Romam,

259 3285 311 3331 et
336 3292 400 3332 ex
427 3276 499 3332 iis
528 3276 841 3332 exercitum
882 3275 1154 3347 judicium
1182 3275 1251 3331 de
1286 3275 1564 3331 Nestorio.
1616 3277 1669 3332 9.
1716 3276 1831 3332 Hoc

259 3382 386 3439 opus
425 3368 599 3425 fuisse
621 3366 888 3439 aCyrillo
912 3367 1279 3438 compositum
1318 3367 1477 3423 initio
1525 3368 1655 3423 anni
1691 3367 1827 3434 450;

260 3460 525 3531 siquidem
563 3460 835 3516 traditum
888 3468 975 3516 est
1025 3460 1324 3515 Posidonio
1388 3461 1620 3516 Romam
1673 3461 1831 3517 eunti

263 3552 410 3608 initio
455 3552 666 3623 Aprilis
721 3552 968 3624 ejusdem
1026 3552 1176 3607 anni.
1213 3553 1298 3608 10.
1358 3552 1557 3608 Iisdem
1614 3554 1833 3611 artibus

259 3643 729 3716 Constantinopoli
756 3658 916 3701 usum
972 3643 1318 3710 C(elestium,
1376 3645 1582 3716 quibus
1620 3646 1829 3713 Romae,

261 3732 395 3788 unde
424 3749 485 3790 se
535 3734 681 3789 clam
728 3733 1012 3799 subduxit,
1069 3749 1197 3790 cum
1250 3750 1360 3789 non
1411 3734 1661 3801 haberet,
1719 3752 1832 3807 quo

261 3841 403 3880 suam
434 3840 660 3881 causam
694 3833 965 3881 tueretur.
996 3827 1082 3881 ll.
1114 3825 1364 3897 Magnam
1395 3825 1567 3882 fuisse
1589 3826 1830 3884 Nestorii

262 3930 375 3970 cum
410 3916 710 3973 Theodoro
756 3917 1144 3988 Mopsuesteno
1198 3918 1654 3974 consensionem:
1704 3936 1829 3991 qua:

260 4007 395 4061 enim
432 4007 502 4063 de
531 4007 791 4063 Nestorio
819 4007 988 4063 refert
1013 4007 1273 4080 Cyrillus,
1317 4007 1513 4064 eadem
1570 4010 1832 4081 leguntur

262 4096 312 4151 in
339 4097 661 4170 fragmentis
684 4098 985 4165 Theodori,
1017 4116 1140 4169 quze
1188 4099 1456 4156 Leontius
1484 4100 1712 4157 adducit
1764 4117 1831 4157 ex

262 4190 394 4247 libro
416 4208 506 4246 xxv
535 4191 614 4246 De
664 4192 1052 4246 incarnatione.
1091 4192 1176 4247 12.
1237 4192 1358 4247 Νοιι
1406 4209 1571 4264 posse
1626 4194 1834 4249 certius

260 4283 581 4353 planiusque
612 4282 808 4339 resciri
838 4282 953 4338 ullo
980 4299 1048 4339 ex
1069 4284 1210 4348 loco,
1264 4300 1386 4353 qua:
1414 4283 1581 4339 fuerit
1602 4285 1832 4341 hatresis

260 4374 587 4438 Nestorii,et
617 4375 675 4429 in
704 4389 817 4446 quo
844 4374 1053 4447 κυρίως
1081 4375 1277 4445 posita.
1307 4375 1443 4443 Quis
1474 4375 1624 4432 enim
1652 4376 1831 4448 Cyril-

1929 1893 2174 1966 synodus
2225 1894 2387 1950 initio
2437 1895 2787 1965 Novembris,
2828 1906 2891 1955 ut
2934 1901 3375 1960 demonstratum
3421 1913 3508 1980 est

1928 1985 2152 2042 dissert.
2181 1987 2218 2042 2
2237 1986 2308 2041 ad
2337 2002 2375 2041 ιι
2404 1996 2617 2057 partem
2639 1986 2879 2060 Operum
2909 1990 3063 2047 Marii
3095 1993 3433 2052 Mercatoris.

1998 2077 2091 2133 111.
2122 2078 2200 2133 De
2257 2094 2424 2134 causa
2468 2079 2750 2135 scribendi
2793 2080 3005 2138 dictum
3050 2084 3186 2141 satis
3238 2086 3296 2141 in
3346 2102 3510 2159 argu-

1908 2170 2138 2225 ‘mento.
2184 2168 2420 2226 Sanctus
2475 2169 2828 2241 Caelestinus,
2880 2176 3120 2247 acceptis
3148 2192 3249 2247 per
3277 2178 3509 2235 Posido-

1931 2264 2086 2319 nium
2107 2262 2301 2336 Cyrilli
2326 2264 2551 2330 litteris,
2581 2279 2856 2337 causaque
2904 2268 3145 2325 Nestorii
3207 2269 3395 2327 Romae
3452 2272 3509 2328 in

1931 2356 2142 2428 synodo
2196 2357 2467 2428 judicata,
2529 2358 2751 2429 scriptis
2804 2359 3069 2416 Joannem
3099 2372 3157 2419 et
3188 2363 3509 2420 Juvenalem

1930 2447 2219 2515 docuerat,
2250 2450 2384 2521 quid
2413 2450 2470 2505 in
2499 2451 2820 2508 Nestorium
2852 2454 3158 2520 statuisset,
3195 2456 3301 2511 nisi
3354 2471 3512 2513 revo-

1931 2548 2084 2597 caret
2111 2555 2398 2610 errorem;
2425 2542 2630 2613 quidve
2653 2545 2965 2600 mandasset
2991 2544 3217 2618 Cyrillo,
3250 2563 3377 2603 suas
3406 2548 3514 2605 hoc

1930 2633 2154 2703 negotio
2200 2633 2351 2689 vices
2399 2633 2644 2689 obituro.
2704 2634 2961 2706 Acceptis
3019 2636 3260 2693 Joannes
3308 2641 3510 2695 summi

1930 2721 2229 2792 pontiﬁcis,
2257 2722 2555 2794 Cyrillique
2580 2723 2804 2790 litteris,
2839 2733 3221 2796 tempestatem
3266 2728 3323 2783 in
3348 2736 3515 2801 caput

1931 2814 2169 2870 Nestorii
2205 2814 2615 2872 incumbentem
2645 2816 2943 2887 depellere,
2962 2824 3020 2873 et
3048 2819 3227 2876 amico
3257 2821 3511 2887 suadere,

1933 2917 1994 2962 ut
2022 2915 2321 2977 occuparet
2350 2909 2550 2963 summi
2605 2909 2882 2980 pontiﬁcis
2939 2913 3290 2978 sententiam,
3337 2912 3518 2984 Virgi-

1932 3013 2172 3069 nemque
2227 3000 2518 3070 Deiparam
2570 3001 2948 3071 proﬁteretur,
3007 3003 3154 3073 quod
3199 3020 3371 3059 unum
3426 3005 3514 3060 vel

1857 3129 1900 3188 ϐ
1934 3091 2305 3161 potissimum,
2360 3088 2522 3163 362
2552 3091 2677 3147 ﬁdei
2737 3093 3061 3149 orthodoxae
3116 3094 3395 3163 specimen
3427 3108 3516 3149 ro-

1935 3183 2189 3253 gabatur,
2230 3183 2460 3238 Joannis
2516 3184 2742 3240 nomine
2784 3184 3169 3241 Theodoretus
3222 3186 3514 3257 epistolam

1931 3274 2265 3343 composuit.

2003 3365 2092 3420 IV.
2113 3364 2194 3420 Ad
2225 3364 2542 3419 Nestorium
2570 3365 2777 3435 scripta
2796 3374 2901 3429 est,
2929 3364 3047 3435 qui,
3087 3379 3213 3420 cum
3238 3365 3354 3421 suis
3383 3381 3519 3422 eon-

1931 3456 2184 3512 cionibus
2214 3456 2405 3511 turbas
2434 3456 2696 3512 movisset
2718 3457 2774 3510 in
2805 3456 3067 3522 Ecclesia,
3102 3472 3213 3527 prae
3257 3459 3516 3528 superbia

1934 3556 2117 3605 tamen
2163 3549 2345 3604 noluit
2366 3549 2539 3605 verbo
2567 3564 2701 3612 uno,
2734 3564 2846 3619 quo
2901 3549 3195 3621 Deiparam
3223 3550 3513 3619 fateretur,

1932 3656 2027 3697 eas
2059 3639 2291 3708 sedare;
2320 3641 2432 3696 imo
2461 3640 2774 3711 principum
2798 3640 2987 3712 gratiae
3034 3642 3284 3712 aulasque
3338 3643 3515 3699 favori

1931 3730 2134 3786 etsuis
2191 3730 2405 3785 artibus
2434 3730 2740 3793 conﬁdens,
2788 3729 3266 3802 ConstantinOpoli
3327 3734 3519 3789 saevie-

1933 3823 2046 3887 bat,
2079 3828 2419 3891 eaaterasque
2446 3821 2725 3877 Ecclesias
2748 3822 3067 3892 spernebat.

2003 3933 2068 3989 ν.
2103 3933 2337 3988 Nomine
2386 3932 2614 3989 Joannis
2657 3931 2988 3987 Antiocheni
3039 3933 3381 3998 inscribitur,
3410 3935 3502 3989 cui

1933 4040 2059 4081 cum
2094 4024 2350 4079 Nestorio
2399 4039 2594 4081 omnes
2644 4032 2805 4078 erant
2859 4024 3115 4079 amicitia:
3148 4025 3516 4080 necessitudi-

1932 4133 2052 4183 nes,
2085 4117 2410 4172 diuturnum
2444 4114 2892 4181 contubernium,
2918 4115 3190 4187 religiosae
3214 4115 3337 4171 vitae
3362 4131 3517 4170 com-

1933 4209 2143 4275 munio,
2176 4208 2411 4264 societas
2439 4208 2769 4274 studiorum,
2790 4208 2933 4263 idem
2964 4208 3243 4277 magister,
3269 4209 3516 4280 ejusdem

1935 4299 2190 4357 Ecclesiae
2234 4296 2626 4364 ministerium,
2686 4299 2875 4354 eadem
2920 4298 3115 4370 adepta
3146 4300 3369 4356 demum
3395 4312 3518 4371 post

1934 4389 2299 4446 ministerium
2338 4388 2594 4460 dignitas.
2651 4389 2846 4445 Joanni
2897 4390 3279 4446 Theodoretus
3320 4390 3515 4446 iisdem

262 4466 311 4522 lo
350 4469 403 4524 in
430 4466 777 4539 pervidenda
806 4467 1049 4522 Nestorii
1095 4468 1370 4524 sententia
1412 4469 1828 4540 perspicacior?
1863 4484 1905 4539 ο
1932 4480 2167 4535 vinculis
2221 4479 2509 4535 devinctus
2540 4478 2663 4533 fuit.

260 4557 353 4626 Qui
372 4576 501 4632 ergo
530 4560 747 4631 lapsum
776 4558 951 4614 verbo
1006 4559 1322 4614 Nestorium
1380 4561 1614 4627 malunt,
1663 4577 1826 4631 quam

262 4656 447 4724 reipsa,
481 4653 772 4708 Socratem
800 4651 1003 4723 Cyrillo
1032 4652 1355 4722 praeferunt,
1400 4653 1728 4723 scriptorem
1760 4654 1829 4708 de

260 4747 391 4811 aula,
456 4744 673 4801 homini
704 4759 819 4800 suae
875 4743 1058 4799 aetatis
1113 4744 1456 4800 doctissimo.
1497 4746 1582 4800 15.
1615 4745 1696 4801 Ex
1725 4746 1831 4802 hoc

259 4837 687 4893 Commonitorio
719 4837 904 4892 lucem
927 4836 1113 4892 afferri
1162 4837 1407 4907 quinque
1436 4837 1596 4893 libris
1635 4837 1827 4910 Cyrilli

260 4930 512 4986 adversus
564 4929 943 5001 blasphemias
988 4930 1252 4994 Nestorii,
1284 4938 1341 4984 et
1393 4930 1639 4986 vicissim
1668 4930 1833 4987 Com-

262 5023 606 5078 monitorium
653 5038 724 5078 ex
769 5020 860 5076 bis
908 5020 1170 5076 illustrari
1206 5041 1218 5075 :
1254 5029 1341 5076 est
1381 5021 1530 5076 enim
1585 5021 1830 5092 ipsorum

262 5115 638 5184 compendiosa
661 5111 918 5184 quaedam
944 5113 1218 5168 collectio.

322 5228 557 5301 Epistula
582 5230 708 5294 H9,
733 5246 766 5283 a
797 5228 1004 5282 Joanne
1025 5228 1342 5284 Antiocheno
1364 5230 1433 5283 ad
1457 5229 1761 5283 Nestorium

930 5302 1149 5369 scripta.

316 5410 355 5467 1.
380 5412 497 5469 Νοη
515 5413 766 5468 obscura
789 5417 940 5475 sunt,
966 5426 1069 5465 nec
1113 5411 1321 5466 incerta
1380 5412 1495 5466 hinc
1541 5411 1786 5481 quinque
1810 5430 1822 5464 :

255 5506 458 5575 quando
481 5507 695 5577 scripta
716 5504 796 5559 sit
823 5503 1076 5573 epistola,
1122 5520 1229 5574 qua
1265 5504 1332 5559 de
1351 5520 1538 5568 causa,
1595 5505 1705 5567 cui,
1728 5522 1823 5560 cu-

1998 4592 2089 4649 γι.
2133 4591 2396 4656 Dubium,
2454 4589 2581 4661 quis
2637 4590 2943 4661 scripserit,
2971 4590 3211 4646 Joannes
3244 4591 3382 4660 ipse,
3443 4605 3514 4643 an

1928 4684 2155 4742 Joannis
2223 4683 2447 4739 nomine
2534 4681 2954 4737 Theodorctus?
3009 4681 3207 4737 Joanni
3267 4681 3519 4743 tribuunt

1932 4773 2255 4846 prmjudicia
2285 4772 2417 4838 duo,
2447 4770 2737 4843 inscriptio
2766 4786 2985 4840 nempe,
3033 4770 3183 4840 quod
3232 4770 3516 4842 publicum

1931 4867 2088 4938 quasi
2134 4865 2545 4928 documentum,
2581 4871 2639 4918 et
2666 4861 3006 4919 consuetudo
3032 4863 3105 4917 ita
3135 4862 3375 4929 dicendi,
3395 4880 3517 4933 qua:

1931 4958 2152 5014 videtur
2203 4973 2324 5012 esse
2391 4956 2642 5027 quaedam
2691 4953 3008 5024 praescripta
3060 4954 3357 5024 possessio.
3411 4954 3516 5009 Pro

1935 5046 2286 5103 Theodorcto
2319 5043 2448 5099 facit
2488 5043 2688 5112 primo,
2719 5040 2865 5111 quod
2917 5048 3213 5110 utrumque
3260 5039 3520 5111 prtejudi-

1936 5138 2077 5194 cium
2094 5138 2259 5193 fallax
2295 5137 2387 5202 sit,
2422 5136 2509 5190 vel
2550 5151 2618 5190 ex
2646 5149 2713 5190 eo
2764 5133 3021 5199 maxime,
3083 5133 3233 5203 quod
3284 5130 3515 5186 inﬁnitre

1931 5229 2178 5300 epistolae
2197 5244 2310 5283 non
2335 5225 2632 5281 scribentis
2681 5224 2888 5295 ipsius,
2929 5223 3024 5278 sed
3073 5222 3388 5277 mandantis
3416 5236 3516 5277 no-

1938 5336 2060 5374 men
2092 5319 2411 5390 praeferunt,
2439 5327 2494 5374 et
2517 5317 2742 5388 singulae
2765 5331 2833 5371 eo
2867 5308 3090 5370 nemine
3118 5316 3383 5380 citantur,
3404 5329 3514 5383 quo

1936 5422 2332 5483 pranotantur.
2369 5409 2651 5481 Ejusmodi
2679 5417 2762 5463 est
2792 5407 2999 5478 Pelagii
3024 5405 3266 5461 secunda
3283 5404 3512 5475 epistola

1934 5504 2000 5559 ad
2032 5504 2273 5575 Illyricos
2298 5520 2326 5557 a
2352 5513 2541 5558 sancto
2559 5501 2825 5574 Gregorio
2845 5501 3070 5570 scripta.
3094 5499 3321 5564 Deinde,
3341 5497 3511 5569 quod,

1565 5657 1879 5713 5011131111
1918 5657 2144 5712 NOTAE.

309 5778 525 5848 “Quod
564 5780 789 5851 opinor.
825 5775 933 5832 Sed
960 5776 1081 5832 vide
1122 5793 1303 5847 supra,
1335 5795 1387 5847 ι).
1427 5780 1538 5844 lii-3,
1580 5777 1749 5831 st-lml.
1790 5775 1836 5829 l.
