3926 6216
369 271 468 332 311

1514 267 1893 328 GARNERII
1923 262 2419 326 DISSERTATIO
2456 262 2538 323 II.

3530 252 3639 319 312

363 400 418 456 si
442 380 758 437 conferatur
787 380 1020 452 epistola
1049 380 1165 436 haec
1184 397 1310 437 cum
1341 380 1430 445 iis,
1462 380 1577 435 sive
1615 396 1752 449 quas
1775 380 1945 436 Joan-
1981 394 2018 443 Α
2051 394 2233 449 poma,
2262 377 2368 432 nisi
2402 383 2526 447 post
2551 373 2825 430 decimum
2853 386 2884 426 a
2905 368 3324 426 denuntiatione
3353 367 3501 423 diem
3540 381 3640 436 με

373 487 491 537 nes,
523 473 637 528 sive
667 489 805 544 quas
833 472 1219 529 Theodoretus
1257 472 1503 542 scripsit,
1553 471 1779 527 differre
1810 471 1950 543 stylo

372 572 635 634 appareat
654 564 724 619 ab
754 565 864 620 illis
881 564 1177 621 convenire
1214 578 1340 618 cum
1370 562 1514 618 istis.
1555 563 1776 628 Postea,
1801 562 1950 632 quod

372 656 592 724 quoties
617 663 775 711 erant
824 670 1147 710 communes
1172 655 1371 710 litterae
1400 655 1685 711 mittendae
1714 655 1784 709 ab
1828 654 1945 725 epi-

373 749 577 818 scopis,
606 764 843 820 quorum
871 764 1013 803 unus
1040 755 1187 804 esset
1219 747 1628 812 Theodoretus,
1670 747 1949 803 scribendi

375 852 580 893 munus
627 839 1008 909 imponeretur
1063 835 1188 906 ipsi,
1246 843 1504 906 tanquam
1552 836 1952 892 admirabiliter

374 929 602 1000 hujusce
625 930 705 984 rei
737 930 935 1000 perito.
972 929 1105 984 Erat
1132 944 1266 984 vero
1292 944 1442 984 unus
1466 929 1536 985 dc
1580 938 1795 999 septem
1823 929 1947 999 epi-

374 1022 573 1091 scopis,
596 1021 691 1090 qui
739 1021 884 1090 apud
913 1021 1184 1077 Joannem
1232 1019 1617 1085 versabantur,
1649 1036 1777 1075 cum
1811 1020 1951 1075 scri-

374 1110 598 1164 beretur
653 1109 721 1164 ad
767 1109 1105 1196 Nestorium.
1156 1109 1311 1164 Adde
1360 1109 1508 1180 quod
1553 1110 1610 1163 in
1663 1110 1787 1165 aliis
1812 1109 1951 1164 locis

368 1201 758 1269 Theodoretus
780 1200 978 1256 iisdem
1009 1202 1186 1256 utitur
1234 1201 1563 1266 rationibus,
1610 1200 1721 1256 imo
1749 1209 1807 1257 et
1852 1201 1950 1256 iis-

373 1292 496 1346 dem
525 1292 641 1347 fere
673 1292 880 1359 verbis,
899 1291 969 1346 ad
1002 1291 1145 1348 idem
1173 1291 1518 1347 tractandum
1540 1300 1948 1361 argumentum,

368 1387 442 1449 de
474 1386 697 1456 Virgine
733 1386 966 1455 Deipara
1000 1403 1013 1439 :
1040 1383 1279 1439 videnda
1309 1384 1543 1453 epistola
1577 1383 1660 1438 16.
1706 1383 1952 1453 Denique

373 1476 521 1547 quod
546 1477 799 1531 videatur
826 1476 1211 1530 Theodoretus
1237 1475 1354 1545 ipse
1387 1475 1530 1530 hanc
1563 1474 1669 1530 sibi
1702 1489 1954 1545 arrogas-

375 1582 456 1631 se,
488 1583 615 1622 cum
645 1566 1001 1623 scriberetad
1032 1567 1307 1622 Domnum
1332 1564 1762 1630 Antiochenam,
1788 1566 1953 1635 paulo

376 1668 502 1713 ante
529 1658 919 1729 praedatoriam
948 1658 1243 1729 synodum,
1271 1665 1738 1728 enumeraretque
1787 1672 1953 1730 syno-

375 1750 497 1807 dica
521 1749 787 1806 adversus
822 1749 1087 1822 Cyrillum
1111 1750 1337 1820 scripta.

370 1914 371 1917 η
446 1843 556 1896 Vll.
589 1842 1005 1898 Observandum
1043 1843 1097 1897 in
1130 1857 1193 1898 ea
1235 1842 1498 1912 primum,
1554 1840 1703 1912 quod
1747 1840 1952 1896 dicitur

375 1932 441 1984 de
464 1932 671 1986 lrenzeo
695 1931 928 1987 comite:
965 1931 1091 1986 inde
1120 1931 1270 1986 enim
1320 1931 1497 2001 ipsius
1528 1947 1651 1987 cum
1697 1930 1952 1986 Nestorio

372 2033 427 2078 et
458 2023 834 2079 Orientalibus
871 2024 1211 2093 conspiratio
1251 2023 1600 2094 intelligitur.

372 2180 377 2185 η
444 2115 673 2181 Deinde,
717 2117 865 2186 quod
922 2116 1162 2173 refertur
1205 2115 1497 2172 Theodoro
1544 2116 1950 2186 Mopsuesteno,

372 2204 603 2270 dictum,
638 2205 785 2261 unde
823 2206 1042 2262 fuerant
1064 2206 1355 2260 audientes
1377 2204 1600 2271 offensi,
1641 2213 1950 2260 retractan-

373 2306 460 2349 te:
491 2312 597 2365 qua
634 2296 703 2351 de
740 2312 799 2351 re
826 2296 974 2361 vide,
1002 2305 1203 2366 praeter
1256 2296 1601 2363 Liberatum,
1632 2306 1952 2367 excerptum

370 2404 438 2461 ex
469 2388 674 2443 libellis
702 2405 731 2442 a
760 2390 1101 2462 presbyteris
1130 2402 1186 2444 et
1210 2389 1459 2445 diaconis
1486 2389 1711 2460 majoris
1756 2391 1953 2445 Arme-

372 2478 479 2533 niae
503 2486 559 2533 ct
581 2480 830 2535 Persidis
848 2481 1047 2536 Proclo
1077 2481 1369 2551 porrectis,
1418 2481 1611 2553 synod.
1650 2498 1704 2548 v,
1744 2482 1872 2537 coll.
1899 2481 1950 2537 5.

369 2565 453 2621 Eo
476 2566 620 2621 enim
643 2567 751 2622 loci
773 2568 1006 2624 affertur
1038 2569 1322 2626 concionis
1353 2569 1444 2624 illa
1487 2585 1634 2641 pars,
1686 2586 1809 2642 quae
1848 2570 1955 2626 fuit

372 2657 695 2717 offensionis
734 2676 916 2718 causa.

442 2751 659 2818 Postea,
693 2764 897 2824 quanta
950 2757 1262 2812 reverentia
1319 2766 1600 2828 receptum
1637 2758 1728 2824 sit,
1765 2758 1852 2813 vel
1883 2758 1954 2813 ab

373 2847 508 2916 ipsis
540 2846 783 2904 Orientis
814 2850 1168 2919 patriarchis,
1202 2852 1401 2907 summi
1458 2851 1735 2923 pontificis
1762 2852 1957 2908 decre-

374 2949 508 2997 tum.
538 2941 658 2996 Non
679 2941 1045 3014 objiciebatur
1071 2943 1181 2999 illis
1223 2945 1567 3015 temporibus
1609 2945 1956 3001 auctoritatis

371 3033 753 3102 praesumptio,
806 3033 902 3089 sed
957 3034 1263 3104 parebatur
1291 3035 1442 3092 velut
1486 3035 1744 3107 legitimae
1794 3044 1954 3106 pote-

371 3124 521 3188 stati,
543 3123 703 3196 363
731 3141 858 3181 cum
890 3141 1140 3181 summus
1164 3127 1433 3197 pontifex,
1464 3144 1494 3184 e
1541 3144 1641 3184 suo
1677 3127 1953 3183 Occiden-

374 3213 444 3268 tis
470 3215 729 3279 concilio,
763 3217 926 3286 regiae
975 3217 1130 3272 urbis
1167 3218 1535 3288 patriarcliam
1581 3218 1867 3290 dejiceret,
1897 3228 1955 3276 et

371 3305 531 3360 alteri
558 3307 883 3377 patriarchae
911 3309 1251 3379 exsequendi
1275 3311 1605 3366 sententiam
1637 3311 1953 3367 mandatum

371 3396 545 3451 daret.

440 3488 669 3554 Quarto,
704 3489 850 3559 quod
879 3490 1084 3546 dicitur
1127 3492 1181 3546 id
1221 3508 1392 3547 unum
1423 3493 1567 3565 exigi
1610 3510 1639 3547 a
1677 3495 1952 3561 Nestorio,

371 3587 432 3634 ut
461 3580 674 3636 beatam
707 3582 986 3654 Virginem
1020 3584 1257 3639 fateatur
1286 3584 1576 3655 Deiparam
1607 3603 1621 3639 :
1652 3585 1779 3641 inde
1805 3587 1955 3641 enim

370 3673 746 3742 cognoscitur,
776 3683 910 3730 tunc
943 3677 1207 3746 temporis
1233 3692 1354 3732 eam
1381 3678 1615 3732 formam
1638 3676 1805 3733 fuisse
1829 3692 1957 3749 pro-

371 3762 560 3818 fitendi
594 3764 920 3821 catholicam
958 3766 1027 3822 de
1073 3767 1449 3824 incarnatione
1488 3768 1671 3824 ﬁdem.
1711 3769 1861 3825 Idem
1898 3778 1955 3825 et

367 3855 605 3926 Cyrillus
637 3857 692 3912 in
722 3856 979 3930 Apologia
1023 3868 1079 3915 et
1135 3859 1518 3918 Theodoretus
1555 3861 1717 3932 epist.
1756 3860 1823 3917 16
1869 3873 1952 3919 te-

369 3955 606 4003 stantur.

437 4037 663 4105 Quinto,
694 4041 839 4110 quod
871 4041 1075 4097 dicitur
1106 4043 1274 4098 etiam
1301 4044 1593 4101 Nestorius
1626 4061 1689 4101 ea
1723 4047 1950 4112 sentire,

368 4146 490 4199 quae
518 4132 709 4187 Patres
731 4133 801 4188 de
822 4134 1084 4205 mysterio
1111 4136 1506 4192 incarnationis
1532 4154 1546 4190 :
1575 4152 1697 4207 quae
1724 4138 1827 4193 fuit
1857 4150 1953 4195 aut

368 4222 771 4292 dispensatoria
815 4224 1065 4294 quaedam
1106 4226 1410 4281 amicorum
1456 4230 1473 4249 ‘
1515 4228 1793 4296 adulatio,
1843 4246 1952 4301 qua

368 4311 623 4367 blandius
666 4312 909 4367 animum
955 4313 1197 4369 hominis
1237 4314 1609 4382 innectereut;
1645 4324 1741 4371 aut
1778 4316 1953 4371 admi-

2053 477 2218 525 reret.
2247 470 2499 524 Formam
2527 467 2653 522 ﬁdei
2677 464 2969 520 duodecim
2990 460 3466 518 anathematismis
3485 473 3639 514 com-

2052 558 2351 629 prehendit
2370 556 2630 629 Cyrillus,
2658 554 3021 623 Nestorioque
3044 567 3142 623 per
3162 558 3401 621 quatuor
3420 547 3641 618 episco-

2050 664 2150 718 pos
2190 664 2259 703 ex
2293 647 2611 722 [Egyptiaca
2642 644 2850 717 synodo
2889 643 3057 698 misit.
3091 640 3405 696 Mandatum
3433 637 3639 692 Nesto-

2052 740 2166 794 rius
2192 749 2487 810 procurata
2521 737 2822 794 indictione
2862 733 3083 791 concilii
3118 732 3390 804 generalis
3424 728 3636 785 elusit:

2053 830 2165 885 imo
2195 829 2381 902 Cyrilli
2412 828 2887 886 anathematismis
2913 823 3143 881 totidem
3175 823 3424 878 diversos
3462 834 3645 890 oppon

2052 921 2193 988 suit,
2231 922 2553 992 rogavitque
2591 921 2817 991 insuper
2857 917 3096 973 amicum
3135 915 3401 972 Joannem
3442 912 3642 968 Antio-

2052 1014 2311 1080 ebenum,
2345 1022 2407 1070 ut
2445 1013 2515 1068 ab
2551 1012 2771 1068 Andrea
2806 1010 3164 1067 Samosateno
3193 1016 3251 1063 et
3288 1004 3642 1061 Theodoreto

2050 1104 2300 1176 Cyrensi,
2327 1103 2717 1159 eruditissimis
2753 1101 2921 1157 totius
2947 1100 3190 1156 Orientis
3220 1096 3518 1168 episc0pis,
3546 1109 3643 1147 ar-

2051 1197 2300 1268 guendos
2340 1204 2604 1252 curaret:
2641 1205 2874 1265 uterque
2917 1193 3132 1265 paruit,
3173 1205 3289 1247 suae
3338 1187 3646 1259 reprehen-

2052 1289 2194 1345 sioni
2229 1288 2615 1344 Theodoretus
2645 1287 2787 1343 hanc
2817 1286 3107 1358 epistolam
3141 1281 3461 1355 praeposuit.

2122 1380 2165 1436 Ι.
2193 1380 2467 1451 Scriptam
2484 1395 2607 1436 esse
2631 1388 2851 1450 oportet
2871 1378 3162 1449 epistolam
3186 1376 3330 1430 banc
3350 1386 3498 1427 anno
3512 1369 3617 1425 451
3630 1409 3647 1433 ,

2053 1472 2274 1529 circiter
2289 1489 2535 1530 mensem
2549 1472 2936 1536 Februarium,
2948 1477 3004 1525 et
3019 1479 3144 1524 ante
3162 1467 3381 1522 initium
3390 1462 3648 1530 Quadra-

2052 1567 2292 1639 gesimte,
2314 1567 2462 1638 quod
2486 1565 2684 1621 incidit
2703 1564 2760 1619 in
2781 1563 2928 1620 diem
2951 1570 3206 1633 quartum
3222 1557 3401 1623 Martii
3427 1574 3439 1609 :
3463 1569 3651 1623 neque

2053 1660 2202 1715 enim
2226 1659 2408 1729 potuit
2436 1667 2530 1715 aut
2553 1658 2736 1723 citius,
2758 1664 2852 1712 aut
2873 1656 3051 1711 serius
3074 1652 3262 1709 scribi.
3288 1650 3409 1706 Non
3433 1647 3606 1703 citius
3631 1662 3648 1699 :

1984 1744 2027 1800 Β
2055 1767 2180 1807 nam
2214 1753 2410 1828 litterae
2434 1751 2624 1825 Cyrilli
2657 1749 2725 1805 ad
2745 1747 3060 1805 Nestorium
3101 1761 3170 1800 ex
3205 1742 3439 1814 Egypto
3478 1739 3649 1801 daue,’

2053 1845 2257 1914 quibus
2293 1845 2769 1917 subjungebantur
2806 1835 3273 1899 anathematismi,
3308 1832 3650 1902 consignata:

2052 1946 2182 1992 sunt
2207 1936 2299 1992 die
2327 1937 2490 1993 tertia
2516 1934 2872 2000 Novembris;
2915 1931 3130 1987 tradita;
3159 1944 3294 1985 vero
3323 1923 3653 1983 Constanti-

2053 2029 2242 2098 nopoli
2283 2029 2352 2084 ab
2393 2027 2670 2099 episcopis
2712 2025 3007 2089 Nestorio,
3049 2023 3080 2076 7
3122 2019 3254 2076 ldus
3292 2014 3651 2078 Decembris;

2053 2137 2225 2192 quare
2282 2122 2467 2178 missze
2516 2117 2994 2188 Constantinopoli
3057 2111 3406 2170 Antiochiam
3459 2108 3653 2177 aliquo

2053 2226 2178 2287 post
2224 2225 2503 2286 tempore,
2554 2212 2611 2267 id
2661 2218 2746 2267 est
2795 2207 3019 2264 circiter
3063 2205 3231 2259 tinem
3277 2197 3600 2255 Decembris
3633 2215 3651 2251 :

2054 2308 2237 2364 missae
2275 2321 2498 2378 quoque
2541 2303 2833 2359 Antiochia
2877 2300 3081 2372 Cyrum
3126 2295 3193 2351 ad
3234 2287 3653 2348 Theodoreturn

2055 2408 2180 2470 post
2203 2398 2500 2454 nonnullos
2525 2395 2665 2451 dies.
2697 2393 3083 2448 Theodoretus
3104 2384 3359 2443 nonnihil
3382 2380 3654 2452 temporis

2054 2491 2241 2563 posuit
2262 2490 2317 2545 in
2343 2485 2868 2560 reprehensionibus
2888 2477 3304 2552 componendis,
3326 2472 3654 2544 compositis

2056 2582 2276 2638 tandem
2313 2579 2596 2651 rescripsit
2630 2577 2849 2634 Joanni.
2883 2575 3001 2631 Non
3036 2572 3236 2635 serius,
3260 2568 3520 2641 quoniam
3554 2581 3653 2621 re-

2055 2674 2522 2747 prehensionibus
2561 2671 2704 2744 Cyro
2749 2667 3129 2731 Antiochiam,
3173 2660 3464 2720 Antiochia
3501 2659 3653 2716 Con-

2055 2767 2493 2837 stantinopolim,
2519 2762 2846 2819 Alexandria
2871 2754 3425 2826 Constantinopolim,
3462 2759 3524 2805 ut
3549 2766 3652 2821 par

2055 2871 2143 2916 est
2171 2859 2421 2922 credere,
2453 2857 2651 2912 delatis
2688 2853 2852 2926 36h.
2889 2852 3127 2924 Cyrillus
3158 2846 3457 2919 respondit,
3491 2854 3653 2899 ante-

2055 2968 2220 3023 quam
2262 2950 2499 3021 peractis
2535 2947 2890 3003 Paschalibus
2929 2943 3087 2999 festis
3120 2942 3401 3011 Ephesum
3441 2936 3656 3007 cogita-

2058 3051 2175 3107 ret,
2227 3049 2392 3111 atqne
2438 3038 2578 3094 adeo
2623 3035 3068 3107 Quadragesima:
3111 3043 3359 3102 tempore
3402 3047 3416 3083 :
3460 3026 3651 3084 statim

2055 3133 2203 3189 enim
2232 3132 2387 3188 festis
2415 3129 2658 3202 peractis
2685 3143 2745 3184 se
2771 3127 2925 3183 dedit
2956 3127 3010 3180 in
3041 3126 3206 3180 viam.

2128 3226 2194 3281 ll.
2234 3224 2354 3291 Quo
2407 3222 2608 3278 atl'ectu
2655 3219 2992 3275 Theodoreti
3034 3216 3309 3272 adversus
3354 3213 3655 3286 Cyrillum,

2056 3316 2369 3387 quibusque
2403 3313 2590 3369 verbis
2621 3311 2853 3382 epistola
2893 3308 3195 3379 composita
3232 3307 3323 3371 sit,
3363 3321 3431 3360 ex
3461 3321 3530 3361 eo
3563 3305 3647 3360 di-

2054 3408 2235 3464 lucide
2262 3404 2607 3476 intelligitur,
2637 3402 2785 3472 quod
2815 3403 3088 3471 impotens
3113 3400 3333 3454 animus
3363 3398 3419 3453 in
3447 3413 3650 3453 secun-

2055 3503 2185 3555 dum
2228 3496 2397 3553 totius
2438 3493 2698 3551 Ecclesiae
2741 3494 3043 3549 antistitem
3084 3493 3332 3549 convicia
3364 3501 3648 3563 congerat,

2054 3589 2277 3661 indigna
2316 3603 2544 3660 prorsus
2578 3602 2721 3657 quae,
2761 3601 2873 3640 non
2908 3585 3088 3640 dicam
3121 3585 3192 3640 ab
3224 3585 3507 3656 episcopo,
3549 3585 3649 3639 sed

2053 3680 2222 3734 etiam
2274 3679 2344 3733 ab
2398 3677 2622 3734 homine
2670 3675 2988 3732 Christiano
3034 3675 3462 3745 profundantur.
3510 3672 3650 3741 Quis

2053 3769 2202 3825 enim
2264 3770 2405 3824 ferat
2450 3768 2857 3825 sanctissimum
2913 3765 3118 3823 Christi
3165 3766 3512 3822 defensorem
3557 3782 3650 3821 re-

2055 3856 2379 3927 praesentari
2420 3858 2573 3919 velut
2613 3876 2631 3908 ‹
2671 3864 2968 3927 pastorem,
3007 3855 3102 3925 qui
3143 3870 3274 3910 oves
3314 3855 3420 3911 sibi
3456 3855 3647 3911 credi-

2055 3959 2138 4007 tas
2167 3949 2302 4005 feris
2338 3949 2538 4005 saevius
2566 3947 2839 4016 discerpat
2866 3962 2880 4000 :
2916 3964 2936 3997 ι
2972 3946 3127 4000 velut
3156 3945 3458 4010 doctorem,
3498 3964 3517 3996 α
3547 3946 3647 4016 qui

2052 4042 2317 4098 latentem
2346 4056 2594 4096 errorem
2627 4039 2684 4095 in
2712 4054 2830 4104 eos,
2859 4037 2954 4108 qui
2983 4037 3034 4093 ei
3065 4047 3279 4108 parent,
3308 4039 3645 4105 introducat,

2052 4141 2107 4188 et
2128 4132 2231 4189 sub
2256 4131 2511 4187 amicitia:
2542 4129 2726 4200 specie
2752 4131 2768 4151 ⁶
2797 4127 3028 4184 insidias
3053 4135 3263 4195 struat;
3300 4147 3318 4179 ι
3348 4128 3500 4183 velut
3521 4128 3646 4199 epi-

2052 4241 2301 4296 scopum,
2335 4244 2352 4275 l
2382 4225 2478 4294 qui
2517 4221 2620 4278 sub
2651 4220 2872 4291 pietatis
2910 4218 3134 4275 nomine
3168 4228 3335 4290 atque
3366 4218 3558 4289 ﬁgura,
3587 4229 3649 4275 et

2053 4320 2107 4374 in
2138 4316 2376 4388 pasmris
2401 4313 2665 4386 dignitate
2691 4310 3021 4377 consistens,
3046 4311 3104 4365 in
3132 4310 3418 4366 baereticas
3439 4319 3490 4364 et
3519 4310 3644 4365 bla-

368 4403 557 4460 rabilis
608 4405 847 4471 caecitas,
894 4415 1018 4476 post
1058 4407 1229 4462 lectas
1277 4408 1515 4464 Nestorii
1564 4408 1808 4475 litteras;
1856 4418 1951 4465 aut
1982 4427 2027 4487 ι)
2053 4410 2309 4479 sphemas
2353 4422 2517 4463 voces
2560 4409 2847 4473 erumpat;
2896 4422 2914 4454 ι
2950 4403 3063 4458 imo
3105 4402 3200 4473 qui
3243 4421 3262 4453 ‹
3297 4401 3507 4456 dudum
3547 4416 3646 4455 ex-

365 4498 744 4554 consensionis
771 4513 896 4553 cum
923 4498 1178 4555 Nestorio
1201 4500 1523 4570 imprudens
1549 4501 1842 4558 confessio.

434 4590 703 4660 Denique,
729 4591 824 4660 qui
868 4589 1091 4660 irrepsit
1119 4606 1275 4645 error
1308 4592 1363 4646 in
1396 4592 1731 4661 posteriores
1763 4592 1947 4648 conci-

363 4678 565 4734 liorum
611 4680 908 4745 editiones,
944 4679 1039 4735 ubi
1082 4695 1186 4750 pro
1222 4680 1514 4736 Theodoro
1551 4681 1754 4751 legitur
1792 4678 1948 4736 Pauli

364 4785 618 4824 nomen:
661 4771 765 4827 etsi
821 4787 932 4828 non
1003 4771 1306 4837 invenitur,
1360 4788 1539 4843 neque
1592 4772 1648 4828 in
1706 4773 1949 4830 editione

363 4862 551 4919 Crteca
579 4864 929 4931 Commelini,
956 4882 1138 4937 neque
1171 4866 1226 4922 in
1264 4866 1457 4922 Latina
1486 4865 1666 4923 Contii
1705 4886 1718 4923 :
1745 4869 1947 4924 mirum

363 4972 518 5023 vero,
548 4957 600 5012 id
636 4957 706 5013 ab
736 4958 972 5015 eruditis
1010 4960 1320 5017 editoribus
1358 4976 1469 5016 non
1500 4960 1668 5018 fuisse
1697 4962 1946 5017 animad-

364 5065 610 5104 versum.

366 5201 609 5273 Epistola
654 5202 776 5267 150,
818 5201 1150 5275 Theodoreti.
1194 5221 1354 5275 quam
1401 5206 1543 5260 dedit
1580 5208 1651 5260 ad
1686 5205 1945 5260 Joannem

952 5274 1352 5329 Antiochenam.

432 5419 763 5475 leestinus
807 5436 1053 5476 summus
1101 5422 1347 5493 pontifex
1394 5423 1691 5493 scripserat
1743 5422 1945 5496 Cyrillo

359 5518 415 5565 et
438 5511 694 5567 Nestorio
728 5513 964 5577 litteras,
997 5515 1202 5584 quibus
1246 5514 1551 5579 mandaret,
1587 5514 1791 5588 Cyrillo
1823 5517 1946 5587 qui-

359 5603 506 5669 dem,
546 5612 607 5659 ut
637 5603 759 5659 fidei
797 5604 1027 5660 formam
1072 5604 1369 5670 scriberet;
1404 5603 1658 5660 Nestorio
1695 5620 1849 5670 vero,
1884 5613 1945 5658 ut

360 5695 732 5766 praescriptam
764 5695 1167 5762 subscriberet,
1195 5694 1550 5754 interminata
1584 5695 1943 5766 depositionis

2054 4500 2308 4556 stinctam
2350 4496 2675 4569 Apollinarii
2711 4495 2929 4550 inanem
2967 4494 3131 4551 simul
3167 4493 3500 4565 impiamque
3544 4493 3646 4548 do-

2052 4592 2285 4648 ctrinam
2321 4600 2568 4654 renovet,
2600 4609 2619 4641 ι
2657 4597 2764 4645 etc.

2121 4684 2212 4739 ΙΙΙ.
2241 4684 2504 4753 Excipere
2530 4682 2669 4737 forte
2691 4681 2965 4753 quispiam
2991 4680 3103 4737 duo
3122 4689 3346 4752 posset:
3371 4679 3642 4752 primum,

2050 4793 2176 4833 cum
2219 4775 2600 4831 Theodoretus
2646 4775 2716 4829 ad
2759 4773 3025 4831 Joannem
3069 4774 3359 4839 scriberet,
3395 4775 3639 4829 amicum

2049 4869 2392 4925 familiariter
2425 4868 2494 4923 ad
2527 4867 2764 4923 amicum
2798 4868 3014 4923 litteras
3047 4867 3287 4931 dedisse,
3318 4881 3430 4935 quo
3460 4866 3516 4920 in
3546 4881 3643 4937 ge-

2049 4977 2181 5017 nere
2219 4959 2536 5031 scriptionis
2581 4960 2757 5030 major
2795 4967 2882 5014 est
2917 4960 3209 5028 minusque
3245 4974 3337 5013 rea
3376 4958 3636 5025 licentia;

2049 5053 2303 5119 alterum,
2339 5053 2391 5107 id
2421 5051 2566 5123 quod
2593 5052 2770 5107 amico
2797 5051 2942 5107 ﬁdeli
2968 5051 3317 5114 credebatur,
3349 5050 3641 5120 publican-

2047 5144 2178 5199 dum
2210 5158 2316 5199 non
2346 5143 2534 5208 fuisse,
2560 5158 2739 5213 neque
2771 5142 2825 5197 id
2855 5142 3058 5198 factum
3092 5142 3160 5198 de
3191 5142 3422 5199 consilio
3448 5141 3634 5195 Theo-

2047 5235 2244 5303 doreti,
2281 5235 2378 5292 sed
2422 5236 2795 5309 imprudentia
2838 5235 3085 5292 Joannis.
3130 5235 3337 5290 Verum
3377 5232 3634 5302 exceptio

2046 5330 2221 5386 futilis
2269 5339 2391 5385 est:
2433 5345 2559 5384 nam
2606 5330 3096 5400 reprehensionem
3139 5327 3633 5385 anathematismo-

2044 5438 2168 5477 rum
2197 5421 2468 5492 publicari
2498 5421 2881 5477 Theodoretus
2911 5422 3107 5486 voluit,
3148 5428 3211 5475 ut
3247 5403 3440 5491 aperte
3461 5417 3635 5488 signi-

2045 5512 2191 5577 ficat,
2224 5528 2350 5567 cum
2378 5512 2599 5567 lectoris
2627 5513 2897 5579 meminit,
2928 5513 3279 5583 epistolzeque
3307 5510 3467 5566 linem
3501 5526 3631 5565 cum

2045 5605 2474 5675 reprehensione
2513 5605 2592 5662 sic
2625 5605 2839 5669 nexuit,
2868 5614 2930 5660 ut
2958 5604 3189 5675 epistola
3221 5603 3293 5658 sit
3324 5602 3628 5672 reprehen-

2044 5696 2217 5753 sionis
2255 5698 2561 5755 necessaria
2598 5697 2864 5772 praefatio,
2900 5697 3048 5768 quod
3088 5695 3326 5754 intuenti
3371 5701 3627 5765 apertum
