3926 6216
243 315 340 380 313

1424 332 1521 393 DE
1557 335 1629 394 Ll
1638 335 1814 397 ΒΗ.Ιὸ
1849 335 2356 400 THEODORETI-

3377 339 3483 405 3M

240 434 355 525 est,
386 430 528 487 unde
572 431 845 504 Evoptius
890 442 1181 511 utramque
1227 456 1337 498 una
1371 442 1578 516 Cyr-illo
1624 457 1806 503 trans-
1835 453 1876 508 Α
1907 449 1963 504 id
2006 460 2109 515 est,
2145 467 2290 507 anno
2329 453 2454 519 431,
2490 452 2716 511 circiter
2747 452 3251 525 Quadragesimam.
3285 453 3488 509 illatis-

242 520 402 574 misit.

299 610 384 667 IV.
417 613 495 669 Ad
521 621 772 677 convicia
805 622 1138 679 Theodoreti
1172 624 1410 698 Cyrillus
1438 631 1577 685 nihil
1609 642 1806 702 praeter

239 703 502 762 modestia:
515 711 827 769 severiores
851 713 999 784 leges
1020 718 1326 786 respondit,
1348 720 1466 787 sed,
1483 723 1620 778 actis
1639 738 1806 780 evan-

237 793 400 862 gelica
432 799 614 855 animo
645 805 840 873 gratiis
880 805 1013 871 Deo,
1044 807 1418 880 auxiliumque
1455 813 1802 882 deprecatus,

237 893 284 939 et
326 886 544 945 laudato
589 891 943 951 Theodoreto
978 897 1049 953 ab
1087 899 1402 969 eloquentia
1434 914 1491 959 et
1521 919 1801 959 sacrarum

233 975 545 1037 Litterarum
585 1001 698 1041 non
737 988 1004 1044 mediocri
1043 991 1374 1061 cognitione,
1410 994 1466 1049 id
1507 1011 1678 1051 unum
1709 1010 1804 1051 ex-

233 1072 386 1139 cepit,
420 1074 562 1143 quod
599 1079 968 1147 reprehensor
1004 1082 1309 1151 videretur,
1339 1094 1439 1141 aut
1471 1090 1799 1144 sementium

232 1161 802 1222 anathematismorum
848 1184 959 1225 non
1003 1187 1125 1228 esse
1167 1183 1475 1242 assecutus,
1512 1185 1609 1233 aut
1655 1178 1803 1234 illius

232 1248 401 1314 potius
440 1266 499 1306 se
542 1252 886 1323 ignorantem
929 1258 1174 1326 finxisse,
1213 1271 1275 1317 ut
1320 1265 1557 1321 aliorum
1603 1268 1803 1325 studiis

232 1336 895 1429 indulgeretaQuanquam
920 1351 1126 1407 urbane
1145 1354 1289 1410 ridet
1312 1356 1416 1412 sub
1442 1357 1626 1425 tinem,
1649 1361 1799 1429 quod

230 1427 289 1483 de
316 1446 475 1500 pomo
500 1436 794 1496 discordiae
822 1441 1205 1501 Theodoretus
1227 1460 1258 1501 e
1287 1446 1488 1505 fabulis
1516 1427 1798 1519 attulerat,

230 1521 484 1592 siquidem
517 1544 629 1584 non
672 1531 865 1588 deceat
911 1533 1219 1608 theologica
1259 1546 1582 1597 tractantem
1625 1542 1682 1599 in
1720 1544 1800 1600 fa-

227 1611 358 1671 bulis
389 1623 622 1676 versari.

287 1706 346 1762 γ.
384 1708 509 1766 Haec
538 1728 713 1782 porro
743 1716 977 1786 epistola
1005 1735 1117 1774 non
1156 1720 1432 1780 incuriose
1470 1725 1575 1797 legi
1607 1726 1793 1794 debet,

1904 554 2034 595 nem
2070 541 2213 597 hanc
2250 543 2446 613 probat
2483 558 2647 599 causa
2683 544 2961 601 scribendi
2992 560 3117 599 mox
3144 544 3399 609 adducta,
3428 550 3486 600 et

1903 633 2078 687 series
2102 642 2491 703 excerptorum
2516 635 2572 689 in
2595 636 2786 706 quinta
2813 634 3023 707 synodo
3048 636 3479 708 productorum:

1904 738 2007 778 suo
2025 724 2172 778 enim
2194 724 2388 781 ordine
2419 726 2682 796 temporis
2705 727 3077 784 adducuntur.

1976 816 2039 870 ν.
2080 816 2227 871 Nihil
2268 818 2718 873 contumeliosius
2766 819 2823 873 in
2872 818 3058 890 Cyrilli
3100 829 3390 887 personam
3426 820 3483 870 et

1882 907 2215 962 -doctrinam
2247 908 2357 962 dici
2390 916 2572 979 potest
2602 912 2656 978 ¹;
2688 926 2813 965 nam
2842 910 3080 982 Cyrinus
3114 909 3315 979 impius
3346 908 3485 963 dici-

1902 1007 1995 1054 tur
2021 1014 2085 1054 ac
2114 1000 2387 1071 malignus
2420 1000 2703 1073 Aigyptius
2746 1021 2761 1056 :
2805 1003 3057 1059 doctrina
3094 1017 3226 1057 vero
3258 1008 3482 1055 notatur

1901 1089 2060 1159 quasi
2097 1108 2117 1141 ‹
2154 1106 2222 1145 ex
2252 1105 2434 1144 amara
2475 1091 2793 1160 Apollinarii
2835 1092 3020 1147 radice
3057 1100 3198 1155 orta,
3234 1090 3481 1161 ejusdem

1900 1193 2027 1234 cum
2055 1179 2185 1234 Ario
2213 1188 2271 1235 et
2301 1179 2573 1234 Eunomia
2598 1180 2969 1251 blasphemiae,
3000 1198 3112 1237 non
3154 1181 3417 1236 differens
3449 1196 3482 1235 a

1899 1270 2198 1335 Valentini,
2229 1271 2460 1327 Manetis
2503 1280 2668 1342 atque
2694 1272 2985 1327 Marcionis
3024 1273 3256 1337 insania,
3300 1271 3480 1326 Mace-

1899 1361 2051 1416 donii
2078 1361 2314 1425 soboles,
2347 1380 2366 1413 ι
2401 1371 2507 1416 etc.
2534 1361 2988 1417 Anathematisuii
3011 1361 3222 1416 scilicet
3245 1368 3481 1431 quatuor

1899 1452 2135 1507 maxime
2201 1451 2617 1522 impugnantur,
2664 1452 2721 1507 in
2782 1453 2987 1522 quibus
3035 1453 3187 1507 visus
3238 1460 3323 1506 est
3374 1451 3480 1507 sibi

1899 1542 2283 1599 Theodoretus
2322 1543 2511 1599 videre
2556 1544 2742 1598 varios
2787 1543 3169 1597 haereticorum
3208 1557 3430 1598 errores
3464 1561 3478 1596 :

1897 1636 1954 1691 in
1998 1635 2180 1706 primo
2216 1651 2436 1707 nempe,
2469 1634 2831 1706 Apollinarii;
2879 1635 2934 1689 in
2975 1635 3235 1699 secundo,
3271 1634 3387 1689 Arii
3426 1642 3484 1689 et

1898 1725 2186 1791 Eunomii;
2211 1726 2267 1780 in
2289 1734 2505 1795 quarto,
2524 1726 2816 1789 Valentini,
2836 1724 3066 1779 Manetis
3086 1732 3143 1778 et
3161 1724 3479 1792 Marcionis;

226 1800 655 1872 quandoquidem
694 1808 963 1875 continet,
1004 1811 1150 1867 unde
1192 1814 1365 1883 possit
1403 1817 1794 1873 nonnullorum
1828 1820 1870 1881 Β
1898 1815 1954 1870 in
1977 1830 2146 1879 nono,
2173 1814 2477 1870 Macedonii
2506 1813 2575 1869 de
2609 1813 2817 1883 Spiritu
2860 1820 3049 1867 sancto
3082 1812 3338 1867 hmresin.

224 1889 383 1947 audax
418 1910 521 1964 pro
553 1895 908 1954 Theodoreto
951 1900 1201 1958 defensio
1247 1904 1446 1961 refelli.
1488 1906 1626 1962 Nam
1668 1924 1792 1963 cum

224 1981 554 2041 adducuntur
597 2004 666 2044 ex
713 1989 999 2047 veteribus
1049 1998 1428 2053 monumentis
1469 2009 1795 2071 argumenta

225 2090 310 2145 per
349 2093 407 2133 se
455 2079 833 2137 ineluctabilis
884 2083 1147 2141 adversus
1192 2087 1632 2160 Theodoretum,
1682 2110 1794 2149 non

225 2168 537 2224 erubescunt
589 2172 669 2227 illi
715 2175 1113 2245 suppositionis
1168 2181 1489 2252 exceptione
1538 2186 1640 2253 uti,
1679 2186 1796 2244 haec

224 2270 415 2326 contra,
444 2266 755 2332 quantaevis
799 2267 1146 2338 antiquitatis
1189 2273 1300 2327 sint
1337 2291 1460 2345 quae
1499 2279 1795 2348 proferunt-

225 2358 305 2405 tnr
328 2362 713 2421 monumenta;
741 2372 847 2412 nec
877 2360 1333 2431 suppositionem,
1357 2382 1479 2437 qua:
1515 2370 1798 2427 confiden-

226 2442 287 2497 tia
307 2453 404 2510 est,
428 2445 653 2501 aliunde
682 2448 944 2517 probant,
973 2467 1138 2522 quam
1167 2455 1318 2525 quia,
1342 2457 1386 2512 si
1412 2459 1796 2530 reciperentur

226 2535 357 2590 velut
398 2541 667 2608 genuina,
709 2539 990 2595 fatendum
1034 2552 1210 2610 esset,
1255 2546 1668 2607 Theodoretum
1711 2554 1796 2608 in-

225 2622 369 2696 digna
397 2627 658 2698 episcopo
683 2629 768 2683 sui
795 2628 1036 2685 nominis
1059 2634 1309 2691 convicia
1336 2640 1652 2709 projecisse.
1686 2641 1794 2698 Sed

224 2727 331 2784 qua:
362 2718 578 2773 tandem
619 2720 896 2775 atrociora
938 2719 1057 2778 istis
1100 2727 1373 2799 projicere
1413 2747 1655 2803 unquam
1696 2750 1796 2805 po.

225 2808 355 2862 tuit?

224 2962 367 3036 365
400 2969 415 2987 ’
439 2968 682 3047 Ερίειρια
704 2973 842 3047 iiii,
875 2992 1036 3047 quam
1079 2976 1427 3031 Theodoretus
1455 2986 1639 3034 contra
1668 2997 1793 3035 san-

414 3047 555 3094 ctum
587 3040 853 3114 Cyrillum
884 3040 956 3101 ad
987 3049 1314 3103 monasteria
1346 3050 1574 3119 scripsit.

285 3170 325 3225 1.
348 3170 471 3238 Quae
506 3174 599 3230 hic
624 3177 915 3249 inscriptio
946 3188 1050 3246 est,
1088 3179 1283 3235 eadem
1315 3178 1520 3251 legitur
1551 3181 1608 3235 in
1637 3182 1789 3239 Actis
1814 3160 1863 3225 θ

223 3272 261 3312 ι’
278 3264 474 3333 synodi,
501 3267 795 3324 collatione
824 3272 888 3337 5;
931 3286 1041 3341 quo
1072 3271 1129 3326 in
1166 3271 1289 3327 loco
1331 3278 1587 3340 excerpta
1611 3274 1794 3343 profe-

224 3364 404 3409 runtur
425 3372 489 3412 ex
517 3358 678 3414 libris
710 3361 817 3417 illis
843 3362 1198 3429 Theodoreti,
1236 3379 1376 3434 quos
1415 3357 1565 3418 velut
1597 3365 1793 3421 adver-

222 3456 308 3500 sos
331 3445 470 3516 fidei,
500 3459 558 3506 et
597 3452 656 3507 in
684 3452 949 3526 Cyrillum
991 3456 1307 3527 injuriosos,
1337 3468 1524 3515 sancta
1552 3459 1793 3531 synodus

224 3533 500 3595 damnavit.

292 3629 348 3684 ll.
384 3632 513 3699 Quae
556 3635 627 3690 ad
668 3639 1001 3694 monasteria
1044 3640 1340 3708 scribatur,
1370 3642 1473 3697 etsi
1518 3642 1793 3712 expressis

226 3720 390 3779 verbis
412 3740 522 3781 non
551 3729 821 3797 aperitur,
845 3744 1025 3800 neque
1056 3732 1108 3785 in
1128 3733 1281 3788 Actis
1310 3751 1343 3787 v
1374 3734 1590 3806 synodi,
1612 3749 1792 3805 neque

230 3813 358 3883 apud
384 3816 666 3888 nugonem
697 3819 1081 3887 Etherianum,
1108 3824 1200 3893 qui
1227 3824 1592 3896 fragmentum
1619 3826 1792 3881 addu-

232 3903 320 3969 cit;
351 3906 505 3963 docet
545 3917 729 3966 tamen
769 3920 956 3982 aperte
1001 3915 1175 3970 codex
1218 3915 1440 3972 Graecus
1479 3918 1791 3972 manuscri-

232 4002 339 4063 ptus
366 4014 465 4054 Lvu
500 4000 861 4059 Bibliotheca:
904 4005 1210 4075 imperialis
1242 4008 1703 4072 Vindobonensis,
1735 4008 1791 4063 in

233 4098 326 4152 quo
350 4089 662 4145 continetur
697 4093 928 4162 epistola
960 4094 1029 4149 ad
1063 4097 1363 4151 monachos
1391 4098 1791 4169 Euphratesite,

230 4170 519 4244 Osrhoenaa,
553 4180 744 4253 Syriae,
779 4182 1080 4250 Phoenicis,
1111 4193 1168 4239 et
1199 4185 1425 4254 Ciliciae,
1453 4187 1560 4243 hoc
1588 4187 1787 4243 titulo:

233 4263 572 4343 Θεοδωρίτου,
629 4275 768 4345 πρὸς
820 4276 946 4338 τοὺς
998 4277 1058 4328 ὲν
1124 4280 1189 4347 τῇ
1244 4278 1643 4349 Εὑφρατησεᾳ,
1699 4280 1792 4332 καὶ

242 4356 505 4435 ὀσροηνῇ,
541 4366 636 4419 καὶ
674 4367 872 4438 Συρίᾳ.
903 4368 998 4422 καὶ
1033 4370 1275 4442 Φοινίκῃ,
1309 4372 1404 4424 καὶ
1437 4371 1666 4443 Κιλικίᾳ
1694 4388 1790 4441 μο-

230 4450 481 4520 νάζοντας.
520 4457 866 4530 Principium
901 4474 1036 4515 vero
1076 4469 1198 4516 est:
1242 4461 1419 4533 Ὁρῶν
1460 4461 1560 4534 τὴν
1607 4464 1665 4516 ὲν
1712 4463 1791 4534 τῷ

230 4544 431 4612 παρόντι
467 4548 646 4621 καιρῷ
675 4550 776 4623 τῆς
829 4550 1154 4622 Ἐκκλησίας
1194 4554 1527 4607 κατάστασιν
1572 4552 1637 4618 θ’,
1680 4562 1787 4609 etc.

291 4634 370 4692 Ill.
407 4640 700 4697 Scribebat
743 4657 876 4699 vero
908 4643 1289 4699 Theodoretus
1320 4644 1607 4714 epistolam
1641 4645 1791 4715 ejus-

230 4733 358 4788 modi
380 4734 714 4806 encyclicam
746 4733 815 4789 ad
842 4734 1138 4791 orientales
1179 4737 1497 4801 monachos,
1534 4744 1595 4791 ut
1629 4753 1724 4792 eos
1760 4754 1790 4793 a

229 4823 456 4891 partibus
485 4822 676 4895 Cyrilli
721 4832 1018 4890 averteret,
1060 4824 1522 4894 quemadmodum
1556 4826 1793 4898 Cyrillus

230 4911 507 4985 (Egyptios,
535 4915 796 4986 ipsosque
821 4915 987 4970 etiam
1011 4915 1647 4988 Constantinopolitanos
1676 4935 1794 4975 mo-

231 5007 413 5062 nachos
437 5024 467 5062 a
490 5007 745 5063 Nestorio
771 5007 1093 5063 abduxerat.
1334 5068 1338 5071 Α

288 5097 365 5155 IV.
396 5099 575 5171 Atque
613 5101 745 5155 hinc
784 5108 1021 5171 tempus,
1056 5117 1165 5171 quo
1203 5102 1369 5158 missa
1400 5112 1504 5168 est,
1541 5119 1650 5159 non
1683 5105 1788 5158 im-

231 5191 567 5261 probabiliter
609 5193 869 5258 infertur,
899 5210 1008 5263 quo
1047 5210 1245 5263 nempe
1285 5206 1555 5251 venerunt
1596 5196 1651 5250 in
1698 5213 1790 5250 ur-

229 5279 335 5340 bem
360 5287 560 5358 regiam
585 5285 658 5341 ad
678 5285 997 5342 Nestorium
1024 5286 1485 5357 reprehensiones
1512 5288 1785 5356 capitum:

1970 1907 2059 1963 Vl.
2090 1907 2213 1962 Erit
2235 1906 2397 1971 forte,
2424 1907 2535 1961 imo
2558 1921 2748 1961 revera
2772 1904 2897 1969 fuit,
2920 1912 2982 1958 ut
3001 1903 3187 1967 audio,
3215 1903 3309 1972 qui
3333 1908 3483 1956 tanta

1898 1993 1953 2048 in
1985 1993 2248 2066 Cyrillum
2276 1994 2543 2058 convicia,
2572 1994 2960 2064 indoctamque
2994 1992 3482 2049 anathematismo-

1897 2101 2020 2139 rum
2066 2086 2556 2157 reprehensionem
2610 2084 2872 2150 miratus,
2929 2086 3265 2157 suppositam
3312 2083 3482 2138 fuisse

1897 2176 2248 2233 Theodoreto
2291 2177 2581 2247 epistolam
2627 2177 2817 2232 credat
2850 2193 2865 2232 :
2897 2178 2993 2232 sed
3040 2179 3097 2232 in
3145 2174 3482 2232 contrarium

1892 2265 2106 2321 faciunt
2130 2267 2377 2336 quinque
2399 2274 2723 2336 argumenta
2754 2269 2796 2320 ³.
2833 2266 2886 2320 1.
2917 2266 3235 2321 Auctoritas
3263 2263 3485 2319 concilii

1893 2358 2224 2414 mcunienici
2256 2373 2324 2412 ex
2359 2357 2522 2428 386
2548 2357 2636 2412 his
2660 2357 3043 2413 instrumentis
3072 2357 3483 2412 Theodoretum

1893 2448 2228 2504 damnantis.
2268 2448 2323 2502 9.
2365 2448 2687 2504 Constantia
2736 2451 3025 2504 sententiae
3062 2449 3132 2503 de
3167 2447 3486 2502 anathema-

1896 2541 2187 2596 tismorum
2211 2557 2397 2606 sensu,
2422 2541 2738 2611 ubicunque
2760 2541 2827 2597 de
2853 2541 2985 2612 ipsis
3004 2541 3206 2612 agitur.
3228 2540 3281 2593 5.
3307 2538 3485 2593 Theo-

1892 2629 2073 2684 doreti
2106 2644 2285 2686 caecus
2328 2638 2385 2685 et
2424 2631 2479 2685 in
2505 2631 2821 2686 Nestorium
2855 2646 3030 2695 amor,
3052 2638 3115 2685 et
3138 2631 3193 2684 in
3218 2628 3484 2701 Cyrillum

1893 2738 2034 2793 pene
2058 2720 2235 2777 furor.
2263 2723 2315 2777 ι.
2343 2722 2742 2777 Testimonium
2784 2723 3031 2794 Hugonis
3055 2721 3360 2784 Etheriani,
3386 2720 3484 2790 qui

1891 2830 1960 2870 ex
1980 2830 2045 2870 ea
2066 2815 2434 2885 fragmentum
2466 2816 2635 2871 refert
2663 2816 2731 2871 de
2757 2816 2965 2887 Spiritu
2991 2824 3200 2872 sancto.
3229 2816 3281 2871 5.
3310 2814 3484 2869 Tanta

1892 2908 2187 2963 consensio
2224 2908 2473 2978 epistolae
2516 2923 2642 2962 cum
2689 2908 3118 2978 reprehensione
3160 2906 3484 2962 anathema-

1896 2986 2208 3065 tismorum,
2245 3006 2306 3053 ut
2332 2997 2482 3053 aliud
2514 3012 2626 3053 non
2656 2997 2911 3053 videatur
2940 3013 3083 3063 esse,
3116 3010 3278 3066 quam
3312 2995 3485 3064 ipsius

1896 3091 2152 3162 quaedam
2189 3092 2517 3147 contractio.

1894 3224 2138 3296 Epistola
2175 3224 2297 3291 152,
2341 3224 2547 3280 Relatio
2586 3224 2936 3281 Orientalium
2977 3225 3047 3279 ad
3082 3227 3478 3296 imperatorem.

1963 3361 2043 3417 Ne
2065 3370 2265 3417 sanctis
2304 3362 2515 3433 quidem
2543 3360 2893 3426 Pentecostes,
2933 3369 3042 3416 etc.
3072 3361 3149 3415 De
3187 3359 3485 3415 Orientali-

1891 3452 1999 3509 bus
2040 3470 2150 3508 non
2184 3465 2269 3509 est
2301 3470 2507 3519 sermo,
2547 3454 2642 3509 sed
2685 3453 2753 3509 de
2786 3453 3025 3509 Nestorii
3059 3452 3374 3508 comitibus.
3400 3452 3482 3507 Illi

1892 3545 2041 3600 enim
2073 3545 2165 3599 diu
2201 3554 2325 3616 post
2352 3546 2715 3600 Pentecosten
2749 3551 3044 3609 venerunt,
3082 3544 3161 3597 illi
3194 3551 3339 3597 ante.
3372 3542 3484 3597 Cur

1891 3653 2027 3693 vero
2066 3638 2408 3693 Nestorianis
2448 3639 2664 3693 nullum
2709 3638 2951 3708 patuerit
2997 3640 3283 3707 templum,
3321 3634 3511 3708 Egy?

1894 3729 1986 3785 tiis
2009 3746 2142 3785 vero
2168 3730 2492 3800 ueterisque
2524 3729 2785 3801 patuerit,
2817 3745 2979 3785 causa
3006 3729 3242 3783 obscura
3266 3738 3370 3783 est.
3400 3727 3483 3783 An

1893 3820 2041 3891 quod
2085 3819 2396 3875 Nestoriani
2434 3822 2819 3876 communione
2865 3821 3017 3874 velut
3055 3818 3300 3874 heretici
3330 3833 3484 3873 arce-

1895 3911 2121 3967 rentur?
2152 3910 2222 3965 At
2253 3911 2500 3967 necdum
2523 3912 2766 3967 damnati
2805 3920 2983 3968 erant.
3022 3911 3104 3966 An
3144 3910 3272 3980 quia
3308 3925 3485 3980 popu-

1891 4004 1981 4059 lus
2007 4003 2209 4057 mirum
2242 4003 2295 4057 in
2330 4003 2553 4059 modum
2594 4003 2850 4060 addictus
2881 4003 3052 4058 cultui
3086 4003 3260 4058 beatae
3299 4001 3483 4073 Virgi-

1891 4094 2015 4157 nis,
2067 4092 2260 4147 oderat
2307 4093 2562 4150 homines
2613 4092 2847 4161 Θεοτόκῳ
2891 4094 3176 4150 infensos?
3222 4094 3292 4149 At
3342 4094 3482 4149 nihil

1893 4184 2165 4256 ejusmodi
2212 4186 2392 4255 questi
2436 4193 2568 4240 sunt
2604 4186 2938 4241 Nestoriani.
2981 4185 3191 4257 Opinor
3235 4187 3483 4242 Memno-

1893 4293 2055 4342 nem,
2102 4284 2327 4347 propter
2372 4277 2631 4332 tuendam
2683 4293 2794 4333 suae
2840 4279 2987 4333 sedis
3036 4279 3483 4349 praerogativam,

1896 4372 1913 4392 ‘
1948 4384 2073 4424 cum
2104 4368 2361 4424 Nestorio
2394 4369 2694 4423 convenire
2720 4370 2967 4424 noluisse
2999 4388 3011 4423 :
3044 4378 3308 4425 tentasset
3336 4371 3484 4424 enim

1824 4502 1868 4557 ο
1893 4461 2210 4525 Nestorius,
2256 4460 2433 4516 fretus
2469 4462 2594 4532 jure
2641 4462 2736 4517 illo
2780 4463 3020 4533 litigioso
3053 4478 3165 4516 suae
3199 4460 3375 4525 sedis,
3428 4461 3483 4515 in

1896 4554 2023 4611 Asia
2074 4554 2404 4624 praesidere,
2448 4555 2598 4610 velut
2642 4556 2698 4610 in
2738 4556 2983 4610 Ecclesia
3028 4570 3140 4610 sum
3181 4553 3480 4609 dioecesis:

1898 4646 2044 4716 quod
2081 4645 2127 4701 si
2178 4646 2397 4701 tulisset
2440 4646 2737 4712 Memnon,
2785 4646 3123 4702 deseruisset
3190 4645 3480 4713 antiquum

1896 4753 2008 4793 sum
2053 4737 2448 4808 autocephaliae
2474 4738 2583 4809 jus,
2628 4737 2759 4792 olim
2805 4752 2835 4791 a
2873 4736 3263 4807 Chrysostomo
3305 4742 3483 4789 tenta-

1898 4837 2048 4895 tum;
2076 4830 2224 4900 quod
2253 4829 2514 4894 retinere,
2537 4846 2661 4885 cum
2696 4829 2831 4883 alias
2863 4828 2991 4883 totis
3019 4827 3235 4882 viribus
3264 4826 3357 4881 vix
3384 4841 3483 4897 po-

1899 4923 2115 4987 tuisset,
2144 4938 2293 4977 nunc
2313 4938 2378 4977 ea
2404 4938 2587 4977 rerum
2613 4921 2929 4976 conditione
2955 4920 3113 4976 facile
3136 4920 3373 4975 valebat.

1967 5012 2359 5078 Candidianus,
2391 5022 2498 5067 etc.
2531 5014 2967 5069 Domesticorum
3000 5014 3088 5068 ille
3130 5028 3314 5069 comes
3353 5029 3478 5067 cum

1893 5104 2149 5159 Nestorio
2195 5103 2299 5158 fuit
2342 5104 2583 5159 amicitia
2633 5106 2979 5176 conjunctus,
3021 5105 3253 5175 ideoque
3301 5120 3481 5159 causae

1896 5197 2179 5252 catholica:
2209 5213 2318 5252 non
2347 5197 2478 5252 satis
2513 5213 2725 5267 aequus.
2764 5199 2899 5253 Nam
2924 5206 2980 5253 et
3012 5214 3137 5253 eum
3168 5198 3234 5252 de
3259 5196 3479 5267 negotio

1854 5289 2257 5362 ‘defositionis
2301 5290 2541 5346 Nestorii
2593 5290 2805 5347 diceret
2860 5307 3046 5346 coram
3085 5290 3477 5354 Orientalibus,

1517 5439 1835 5499 SCHULZII
1875 5438 2106 5496 NOTAE.

281 5561 320 5593 ”
348 5562 479 5617 Vide
514 5561 793 5629 integram
844 5558 1129 5629 epistolam
1171 5557 1357 5613 Graece
1396 5558 1462 5613 ad
1497 5558 1871 5628 apographum
1933 5558 2169 5629 Vindob.
2203 5575 2480 5626 excusem,
2545 5569 2583 5615 t.
2641 5561 2730 5625 IV,
2792 5574 2846 5629 p.
2881 5559 3010 5613 1291
3050 5574 3164 5626 seq.
3236 5553 3475 5629 Delenda

220 5627 421 5702 fuerunt
452 5632 585 5702 quae
619 5624 932 5702 (inmeritis
958 5628 1037 5702 de
1099 5644 1291 5702 manca
1326 5637 1446 5702 Ista,
1483 5624 1644 5697 quam
1676 5624 1924 5702 dederat,
1958 5624 2543 5702 LatiunAversione,‘et
2565 5632 2631 5685 de
2678 5624 2854 5702 textus
2882 5629 3054 5702 Graeci
3090 5624 3338 5702 exemplo
3370 5624 3475 5678 sibi

219 5695 848 5775 denegato'scripscrat._
910 5698 1050 5775 ‘_l_lis
1084 5698 1296 5775 gemina
1334 5699 1448 5752 vid.
1477 5695 1660 5769 supra,
1692 5715 1742 5768 p.
1774 5699 2023 5775 l_55_se_q.
2095 5700 2115 5729 ’
2150 5698 2410 5775 Quinque.
2450 5701 2595 5755 Edil.
2632 5700 2783 5775 prior
2822 5699 3057 5755 habebat
3082 5713 3192 5765 sex,
3222 5695 3316 5751 sed
3345 5709 3481 5749 non-

217 5768 307 5829 nisi
336 5768 579 5847 quinque
610 5768 852 5845 proferri
895 5768 1142 5824 videmus
1177 5770 1437 5837 rationes,
1471 5786 1669 5840 easque
1711 5770 1842 5825 satis
1888 5769 2151 5826 infirmas.
2195 5768 2313 5829 Vid.
2349 5788 2537 5843 supra,
2568 5768 2780 5844 p.108.
