  <div class='ocr_page' id='page_1' title='image "/cluster/home/n/w/nwhite01/storage/ocr_20150623/84 pt.5/mdp.39015010572884/165.png"; bbox 0 0 3926 6216; ppageno 0'>
   <div class='ocr_carea' id='block_1_1' title="bbox 408 309 515 380">
    <p class='ocr_par' dir='ltr' id='par_1_1' title="bbox 408 309 515 380">
     <span class='ocr_line' id='line_1_1' title="bbox 408 309 515 380; baseline 0 -2"><span class='ocrx_word' id='word_1_1' title='bbox 408 309 515 380; x_wconf 82' lang='lat'><strong>315</strong></span> 
     </span>
    </p>
   </div>
   <div class='ocr_carea' id='block_1_2' title="bbox 1516 310 2550 377">
    <p class='ocr_par' dir='ltr' id='par_1_2' title="bbox 1516 310 2550 377">
     <span class='ocr_line' id='line_1_2' title="bbox 1516 310 2550 377; baseline -0.012 0"><span class='ocrx_word' id='word_1_2' title='bbox 1516 314 1895 377; x_wconf 82' lang='lat' dir='ltr'><strong>GARNERII</strong></span> <span class='ocrx_word' id='word_1_3' title='bbox 1930 310 2429 374; x_wconf 78' lang='lat' dir='ltr'><strong>DISSERTATIO</strong></span> <span class='ocrx_word' id='word_1_4' title='bbox 2468 313 2550 373; x_wconf 89' lang='lat' dir='ltr'><strong>II.</strong></span> 
     </span>
    </p>
   </div>
   <div class='ocr_carea' id='block_1_3' title="bbox 3578 302 3712 371">
    <p class='ocr_par' dir='ltr' id='par_1_3' title="bbox 3578 302 3712 371">
     <span class='ocr_line' id='line_1_3' title="bbox 3578 302 3712 371; baseline -0.03 -1"><span class='ocrx_word' id='word_1_5' title='bbox 3578 302 3712 371; x_wconf 81' lang='lat' dir='ltr'><strong>3l6</strong></span> 
     </span>
    </p>
   </div>
   <div class='ocr_carea' id='block_1_4' title="bbox 414 413 3710 493">
    <p class='ocr_par' dir='ltr' id='par_1_4' title="bbox 414 413 3710 493">
     <span class='ocr_line' id='line_1_4' title="bbox 414 413 3710 493; baseline -0.004 -10"><span class='ocrx_word' id='word_1_6' title='bbox 414 428 588 483; x_wconf 85' lang='lat' dir='ltr'><strong>multa</strong></span> <span class='ocrx_word' id='word_1_7' title='bbox 622 424 888 481; x_wconf 84' lang='lat' dir='ltr'><strong>mentitus</strong></span> <span class='ocrx_word' id='word_1_8' title='bbox 906 431 1015 491; x_wconf 83' lang='lat' dir='ltr'><strong>est,</strong></span> <span class='ocrx_word' id='word_1_9' title='bbox 1045 431 1102 481; x_wconf 92' lang='lat' dir='ltr'><strong>et</strong></span> <span class='ocrx_word' id='word_1_10' title='bbox 1124 422 1341 480; x_wconf 83' lang='lat' dir='ltr'><strong>obstitit</strong></span> <span class='ocrx_word' id='word_1_11' title='bbox 1367 423 1573 479; x_wconf 86' lang='lat' dir='ltr'><strong>etausis</strong></span> <span class='ocrx_word' id='word_1_12' title='bbox 1605 422 1730 487; x_wconf 89' lang='lat' dir='ltr'><strong>viis,</strong></span> <span class='ocrx_word' id='word_1_13' title='bbox 1755 438 1825 477; x_wconf 88' lang='lat' dir='ltr'><strong>ne</strong></span> <span class='ocrx_word' id='word_1_14' title='bbox 1872 437 1998 493; x_wconf 85' lang='lat' dir='ltr'><strong>syn—</strong></span> <span class='ocrx_word' id='word_1_15' title='bbox 2025 422 2072 481; x_wconf 79' lang='grc' dir='ltr'><strong>Δ</strong></span> <span class='ocrx_word' id='word_1_16' title='bbox 2099 421 2179 475; x_wconf 90' lang='lat' dir='ltr'><strong>ris</strong></span> <span class='ocrx_word' id='word_1_17' title='bbox 2199 436 2325 478; x_wconf 89' lang='lat' dir='ltr'><strong>cum</strong></span> <span class='ocrx_word' id='word_1_18' title='bbox 2353 422 2720 491; x_wconf 74' lang='lat' dir='ltr'><strong>praecedente,</strong></span> <span class='ocrx_word' id='word_1_19' title='bbox 2751 429 2916 490; x_wconf 88' lang='lat' dir='ltr'><strong>atque</strong></span> <span class='ocrx_word' id='word_1_20' title='bbox 2946 418 3084 473; x_wconf 87' lang='lat' dir='ltr'><strong>adeo</strong></span> <span class='ocrx_word' id='word_1_21' title='bbox 3113 413 3472 482; x_wconf 74' lang='lat' dir='ltr'><strong>Theodoreti,</strong></span> <span class='ocrx_word' id='word_1_22' title='bbox 3496 415 3710 471; x_wconf 82' lang='lat' dir='ltr'><strong>nullus</strong></span> 
     </span>
    </p>
   </div>
   <div class='ocr_carea' id='block_1_5' title="bbox 422 516 2001 586">
    <p class='ocr_par' dir='ltr' id='par_1_5' title="bbox 422 516 2001 586">
     <span class='ocr_line' id='line_1_5' title="bbox 422 516 2001 586; baseline -0.003 -12"><span class='ocrx_word' id='word_1_23' title='bbox 422 519 517 574; x_wconf 89' lang='lat' dir='ltr'><strong>odi</strong></span> <span class='ocrx_word' id='word_1_24' title='bbox 547 517 831 575; x_wconf 76' lang='lat' dir='ltr'><strong>catholica:</strong></span> <span class='ocrx_word' id='word_1_25' title='bbox 859 518 1057 574; x_wconf 67' lang='lat' dir='ltr'><strong>littera:</strong></span> <span class='ocrx_word' id='word_1_26' title='bbox 1085 516 1154 572; x_wconf 89' lang='lat' dir='ltr'><strong>ad</strong></span> <span class='ocrx_word' id='word_1_27' title='bbox 1183 517 1575 586; x_wconf 76' lang='lat' dir='ltr'><strong>imperatorem</strong></span> <span class='ocrx_word' id='word_1_28' title='bbox 1626 516 1911 582; x_wconf 88' lang='lat' dir='ltr'><strong>venirent;</strong></span> <span class='ocrx_word' id='word_1_29' title='bbox 1943 523 2001 570; x_wconf 89' lang='lat' dir='ltr'><strong>et</strong></span> 
     </span>
    </p>
   </div>
   <div class='ocr_carea' id='block_1_6' title="bbox 418 604 2002 676">
    <p class='ocr_par' dir='ltr' id='par_1_6' title="bbox 418 604 2002 676">
     <span class='ocr_line' id='line_1_6' title="bbox 418 604 2002 676; baseline 0.001 -16"><span class='ocrx_word' id='word_1_30' title='bbox 418 606 485 660; x_wconf 88' lang='lat' dir='ltr'><strong>ad</strong></span> <span class='ocrx_word' id='word_1_31' title='bbox 533 606 714 676; x_wconf 89' lang='lat' dir='ltr'><strong>ipsum</strong></span> <span class='ocrx_word' id='word_1_32' title='bbox 755 605 1145 675; x_wconf 66' lang='lat' dir='ltr'><strong>imperatorem</strong></span> <span class='ocrx_word' id='word_1_33' title='bbox 1198 605 1389 660; x_wconf 91' lang='lat' dir='ltr'><strong>retulit</strong></span> <span class='ocrx_word' id='word_1_34' title='bbox 1435 604 1778 661; x_wconf 69' lang='lat' dir='ltr'><strong>mendaciter</strong></span> <span class='ocrx_word' id='word_1_35' title='bbox 1819 622 1833 660; x_wconf 91' lang='lat'>:</span> <span class='ocrx_word' id='word_1_36' title='bbox 1878 620 2002 676; x_wconf 68' lang='lat' dir='ltr'><strong>quae</strong></span> 
     </span>
    </p>
   </div>
   <div class='ocr_carea' id='block_1_7' title="bbox 418 694 2001 767">
    <p class='ocr_par' dir='ltr' id='par_1_7' title="bbox 418 694 2001 767">
     <span class='ocr_line' id='line_1_7' title="bbox 418 694 2001 767; baseline 0.003 -19"><span class='ocrx_word' id='word_1_37' title='bbox 418 710 584 749; x_wconf 83' lang='lat' dir='ltr'><strong>causa</strong></span> <span class='ocrx_word' id='word_1_38' title='bbox 615 695 739 762; x_wconf 91' lang='lat' dir='ltr'><strong>fuit,</strong></span> <span class='ocrx_word' id='word_1_39' title='bbox 774 710 876 751; x_wconf 90' lang='lat' dir='ltr'><strong>cur</strong></span> <span class='ocrx_word' id='word_1_40' title='bbox 909 703 1033 766; x_wconf 88' lang='lat' dir='ltr'><strong>post</strong></span> <span class='ocrx_word' id='word_1_41' title='bbox 1063 694 1356 751; x_wconf 74' lang='lat' dir='ltr'><strong>veritatem</strong></span> <span class='ocrx_word' id='word_1_42' title='bbox 1390 696 1632 767; x_wconf 78' lang='lat' dir='ltr'><strong>agnitam</strong></span> <span class='ocrx_word' id='word_1_43' title='bbox 1658 698 1727 753; x_wconf 86' lang='lat' dir='ltr'><strong>ab</strong></span> <span class='ocrx_word' id='word_1_44' title='bbox 1755 696 1879 753; x_wconf 89' lang='lat' dir='ltr'><strong>aula</strong></span> <span class='ocrx_word' id='word_1_45' title='bbox 1902 712 2001 753; x_wconf 82' lang='lat' dir='ltr'><strong>ex-</strong></span> 
     </span>
    </p>
   </div>
   <div class='ocr_carea' id='block_1_8' title="bbox 419 787 741 858">
    <p class='ocr_par' dir='ltr' id='par_1_8' title="bbox 419 787 741 858">
     <span class='ocr_line' id='line_1_8' title="bbox 419 787 741 858; baseline 0.009 -16"><span class='ocrx_word' id='word_1_46' title='bbox 419 787 741 858; x_wconf 83' lang='lat' dir='ltr'><strong>pelleretur.</strong></span> 
     </span>
    </p>
   </div>
   <div class='ocr_carea' id='block_1_9' title="bbox 498 875 2003 943">
    <p class='ocr_par' dir='ltr' id='par_1_9' title="bbox 498 875 2003 943">
     <span class='ocr_line' id='line_1_9' title="bbox 498 875 2003 943; baseline 0.003 -13"><span class='ocrx_word' id='word_1_47' title='bbox 498 875 690 931; x_wconf 70' lang='lat' dir='ltr'><strong>Vestris</strong></span> <span class='ocrx_word' id='word_1_48' title='bbox 715 877 932 932; x_wconf 80' lang='lat' dir='ltr'><strong>decretis</strong></span> <span class='ocrx_word' id='word_1_49' title='bbox 964 875 1306 943; x_wconf 72' lang='lat' dir='ltr'><strong>conculcatis,</strong></span> <span class='ocrx_word' id='word_1_50' title='bbox 1337 887 1446 933; x_wconf 88' lang='lat' dir='ltr'><strong>etc.</strong></span> <span class='ocrx_word' id='word_1_51' title='bbox 1475 877 1611 933; x_wconf 85' lang='lat' dir='ltr'><strong>Mira</strong></span> <span class='ocrx_word' id='word_1_52' title='bbox 1636 876 2003 935; x_wconf 83' lang='lat' dir='ltr'><strong>Orientalium</strong></span> 
     </span>
    </p>
   </div>
   <div class='ocr_carea' id='block_1_10' title="bbox 419 965 2003 1040">
    <p class='ocr_par' dir='ltr' id='par_1_10' title="bbox 419 965 2003 1040">
     <span class='ocr_line' id='line_1_10' title="bbox 419 965 2003 1040; baseline 0.003 -21"><span class='ocrx_word' id='word_1_53' title='bbox 419 965 681 1020; x_wconf 85' lang='lat' dir='ltr'><strong>audaciai</strong></span> <span class='ocrx_word' id='word_1_54' title='bbox 716 965 776 1019; x_wconf 85' lang='lat' dir='ltr'><strong>In</strong></span> <span class='ocrx_word' id='word_1_55' title='bbox 822 981 933 1036; x_wconf 84' lang='lat' dir='ltr'><strong>quo</strong></span> <span class='ocrx_word' id='word_1_56' title='bbox 980 966 1128 1022; x_wconf 91' lang='lat' dir='ltr'><strong>enim</strong></span> <span class='ocrx_word' id='word_1_57' title='bbox 1170 968 1364 1023; x_wconf 86' lang='lat' dir='ltr'><strong>Patres</strong></span> <span class='ocrx_word' id='word_1_58' title='bbox 1407 969 1763 1024; x_wconf 77' lang='lat' dir='ltr'><strong>(ecumenicte</strong></span> <span class='ocrx_word' id='word_1_59' title='bbox 1809 968 2003 1040; x_wconf 79' lang='lat' dir='ltr'><strong>synodi</strong></span> 
     </span>
    </p>
   </div>
   <div class='ocr_carea' id='block_1_11' title="bbox 418 1056 2003 1129">
    <p class='ocr_par' dir='ltr' id='par_1_11' title="bbox 418 1056 2003 1129">
     <span class='ocr_line' id='line_1_11' title="bbox 418 1056 2003 1129; baseline 0.004 -19"><span class='ocrx_word' id='word_1_60' title='bbox 418 1057 694 1111; x_wconf 82' lang='lat' dir='ltr'><strong>violarunt</strong></span> <span class='ocrx_word' id='word_1_61' title='bbox 734 1056 958 1112; x_wconf 88' lang='lat' dir='ltr'><strong>decreta</strong></span> <span class='ocrx_word' id='word_1_62' title='bbox 1003 1058 1356 1129; x_wconf 80' lang='lat' dir='ltr'><strong>principum?</strong></span> <span class='ocrx_word' id='word_1_63' title='bbox 1389 1057 1719 1115; x_wconf 86' lang='lat' dir='ltr'><strong>Condictum</strong></span> <span class='ocrx_word' id='word_1_64' title='bbox 1764 1067 1886 1116; x_wconf 88' lang='lat' dir='ltr'><strong>erat</strong></span> <span class='ocrx_word' id='word_1_65' title='bbox 1933 1060 2003 1117; x_wconf 85' lang='lat' dir='ltr'><strong>ad</strong></span> 
     </span>
    </p>
   </div>
   <div class='ocr_carea' id='block_1_12' title="bbox 420 1148 1999 1222">
    <p class='ocr_par' dir='ltr' id='par_1_12' title="bbox 420 1148 1999 1222">
     <span class='ocr_line' id='line_1_12' title="bbox 420 1148 1999 1222; baseline 0.003 -20"><span class='ocrx_word' id='word_1_66' title='bbox 420 1148 566 1203; x_wconf 88' lang='lat' dir='ltr'><strong>diem</strong></span> <span class='ocrx_word' id='word_1_67' title='bbox 620 1148 994 1205; x_wconf 88' lang='lat' dir='ltr'><strong>Pentecostes.</strong></span> <span class='ocrx_word' id='word_1_68' title='bbox 1046 1149 1441 1207; x_wconf 90' lang='lat' dir='ltr'><strong>Convenerunt</strong></span> <span class='ocrx_word' id='word_1_69' title='bbox 1491 1152 1822 1222; x_wconf 68' lang='lat' dir='ltr'><strong>patriarchae</strong></span> <span class='ocrx_word' id='word_1_70' title='bbox 1868 1160 1999 1221; x_wconf 87' lang='lat' dir='ltr'><strong>tres,</strong></span> 
     </span>
    </p>
   </div>
   <div class='ocr_carea' id='block_1_13' title="bbox 418 1238 2004 1315">
    <p class='ocr_par' dir='ltr' id='par_1_13' title="bbox 418 1238 2004 1315">
     <span class='ocr_line' id='line_1_13' title="bbox 418 1238 2004 1315; baseline 0.005 -21"><span class='ocrx_word' id='word_1_71' title='bbox 418 1238 687 1310; x_wconf 86' lang='lat' dir='ltr'><strong>Cyrillus,</strong></span> <span class='ocrx_word' id='word_1_72' title='bbox 732 1240 1024 1296; x_wconf 86' lang='lat' dir='ltr'><strong>Nestorius</strong></span> <span class='ocrx_word' id='word_1_73' title='bbox 1059 1250 1118 1296; x_wconf 92' lang='lat' dir='ltr'><strong>et</strong></span> <span class='ocrx_word' id='word_1_74' title='bbox 1162 1242 1472 1308; x_wconf 69' lang='lat' dir='ltr'><strong>Iuvenalis,</strong></span> <span class='ocrx_word' id='word_1_75' title='bbox 1523 1245 1708 1315; x_wconf 83' lang='lat' dir='ltr'><strong>plures</strong></span> <span class='ocrx_word' id='word_1_76' title='bbox 1751 1244 2004 1303; x_wconf 80' lang='lat' dir='ltr'><strong>ducentis</strong></span> 
     </span>
    </p>
   </div>
   <div class='ocr_carea' id='block_1_14' title="bbox 417 1332 2000 1405">
    <p class='ocr_par' dir='ltr' id='par_1_14' title="bbox 417 1332 2000 1405">
     <span class='ocr_line' id='line_1_14' title="bbox 417 1332 2000 1405; baseline 0.005 -19"><span class='ocrx_word' id='word_1_77' title='bbox 417 1332 665 1403; x_wconf 86' lang='lat' dir='ltr'><strong>episcopi</strong></span> <span class='ocrx_word' id='word_1_78' title='bbox 690 1332 960 1400; x_wconf 88' lang='lat' dir='ltr'><strong>aderant;</strong></span> <span class='ocrx_word' id='word_1_79' title='bbox 989 1343 1364 1404; x_wconf 82' lang='lat' dir='ltr'><strong>exspectatum</strong></span> <span class='ocrx_word' id='word_1_80' title='bbox 1381 1345 1469 1391; x_wconf 92' lang='lat' dir='ltr'><strong>est</strong></span> <span class='ocrx_word' id='word_1_81' title='bbox 1494 1336 1635 1391; x_wconf 87' lang='lat' dir='ltr'><strong>ultra</strong></span> <span class='ocrx_word' id='word_1_82' title='bbox 1663 1337 2000 1405; x_wconf 90' lang='lat' dir='ltr'><strong>condictum,</strong></span> 
     </span>
    </p>
   </div>
   <div class='ocr_carea' id='block_1_15' title="bbox 419 1423 2005 1496">
    <p class='ocr_par' dir='ltr' id='par_1_15' title="bbox 419 1423 2005 1496">
     <span class='ocr_line' id='line_1_15' title="bbox 419 1423 2005 1496; baseline 0.007 -19"><span class='ocrx_word' id='word_1_83' title='bbox 419 1423 618 1479; x_wconf 85' lang='lat' dir='ltr'><strong>diebus</strong></span> <span class='ocrx_word' id='word_1_84' title='bbox 663 1425 796 1480; x_wconf 88' lang='lat' dir='ltr'><strong>totis</strong></span> <span class='ocrx_word' id='word_1_85' title='bbox 848 1426 1201 1496; x_wconf 87' lang='lat' dir='ltr'><strong>quindecim,</strong></span> <span class='ocrx_word' id='word_1_86' title='bbox 1242 1443 1453 1483; x_wconf 89' lang='lat' dir='ltr'><strong>moram</strong></span> <span class='ocrx_word' id='word_1_87' title='bbox 1508 1430 1562 1484; x_wconf 92' lang='lat' dir='ltr'><strong>in</strong></span> <span class='ocrx_word' id='word_1_88' title='bbox 1610 1429 1700 1485; x_wconf 89' lang='lat' dir='ltr'><strong>via</strong></span> <span class='ocrx_word' id='word_1_89' title='bbox 1749 1430 2005 1489; x_wconf 84' lang='lat' dir='ltr'><strong>trahebat</strong></span> 
     </span>
    </p>
   </div>
   <div class='ocr_carea' id='block_1_16' title="bbox 419 1515 2004 1592">
    <p class='ocr_par' dir='ltr' id='par_1_16' title="bbox 419 1515 2004 1592">
     <span class='ocr_line' id='line_1_16' title="bbox 419 1515 2004 1592; baseline 0.006 -25"><span class='ocrx_word' id='word_1_90' title='bbox 419 1515 661 1584; x_wconf 84' lang='lat' dir='ltr'><strong>maligno</strong></span> <span class='ocrx_word' id='word_1_91' title='bbox 677 1516 909 1573; x_wconf 89' lang='lat' dir='ltr'><strong>consilio</strong></span> <span class='ocrx_word' id='word_1_92' title='bbox 930 1516 1341 1582; x_wconf 83' lang='lat' dir='ltr'><strong>Antiochenus;</strong></span> <span class='ocrx_word' id='word_1_93' title='bbox 1368 1519 1613 1574; x_wconf 88' lang='lat' dir='ltr'><strong>incertus</strong></span> <span class='ocrx_word' id='word_1_94' title='bbox 1632 1528 1753 1574; x_wconf 88' lang='lat' dir='ltr'><strong>erat</strong></span> <span class='ocrx_word' id='word_1_95' title='bbox 1776 1530 2004 1592; x_wconf 87' lang='lat' dir='ltr'><strong>propter</strong></span> 
     </span>
    </p>
   </div>
   <div class='ocr_carea' id='block_1_17' title="bbox 420 1605 2004 1668">
    <p class='ocr_par' dir='ltr' id='par_1_17' title="bbox 420 1605 2004 1668">
     <span class='ocr_line' id='line_1_17' title="bbox 420 1605 2004 1668; baseline 0.007 -10"><span class='ocrx_word' id='word_1_96' title='bbox 420 1606 593 1661; x_wconf 88' lang='lat' dir='ltr'><strong>maris</strong></span> <span class='ocrx_word' id='word_1_97' title='bbox 621 1605 1048 1663; x_wconf 83' lang='lat' dir='ltr'><strong>inconstantiam</strong></span> <span class='ocrx_word' id='word_1_98' title='bbox 1076 1608 1513 1665; x_wconf 86' lang='lat' dir='ltr'><strong>Occidentalium</strong></span> <span class='ocrx_word' id='word_1_99' title='bbox 1538 1610 1836 1666; x_wconf 84' lang='lat' dir='ltr'><strong>adventus.</strong></span> <span class='ocrx_word' id='word_1_100' title='bbox 1874 1613 2004 1668; x_wconf 85' lang='lat' dir='ltr'><strong>Post</strong></span> 
     </span>
    </p>
   </div>
   <div class='ocr_carea' id='block_1_18' title="bbox 420 1695 2003 1772">
    <p class='ocr_par' dir='ltr' id='par_1_18' title="bbox 420 1695 2003 1772">
     <span class='ocr_line' id='line_1_18' title="bbox 420 1695 2003 1772; baseline 0.004 -20"><span class='ocrx_word' id='word_1_101' title='bbox 420 1695 650 1752; x_wconf 84' lang='lat' dir='ltr'><strong>Joannis</strong></span> <span class='ocrx_word' id='word_1_102' title='bbox 698 1713 1046 1769; x_wconf 85' lang='lat' dir='ltr'><strong>responsum,</strong></span> <span class='ocrx_word' id='word_1_103' title='bbox 1093 1700 1371 1755; x_wconf 89' lang='lat' dir='ltr'><strong>monentis</strong></span> <span class='ocrx_word' id='word_1_104' title='bbox 1421 1700 1629 1763; x_wconf 86' lang='lat' dir='ltr'><strong>Patres,</strong></span> <span class='ocrx_word' id='word_1_105' title='bbox 1674 1708 1737 1754; x_wconf 93' lang='lat' dir='ltr'><strong>ut</strong></span> <span class='ocrx_word' id='word_1_106' title='bbox 1776 1712 2003 1772; x_wconf 82' lang='lat' dir='ltr'><strong>agerent</strong></span> 
     </span>
    </p>
   </div>
   <div class='ocr_carea' id='block_1_19' title="bbox 421 1764 2078 1864">
    <p class='ocr_par' dir='ltr' id='par_1_19' title="bbox 421 1764 2078 1864">
     <span class='ocr_line' id='line_1_19' title="bbox 421 1764 2078 1864; baseline 0.004 -20"><span class='ocrx_word' id='word_1_107' title='bbox 421 1789 573 1859; x_wconf 71' lang='lat' dir='ltr'><strong>quod</strong></span> <span class='ocrx_word' id='word_1_108' title='bbox 592 1764 862 1859; x_wconf 76' lang='lat' dir='ltr'><strong>agendum</strong></span> <span class='ocrx_word' id='word_1_109' title='bbox 890 1800 1168 1861; x_wconf 88' lang='lat' dir='ltr'><strong>putarent,</strong></span> <span class='ocrx_word' id='word_1_110' title='bbox 1202 1793 1406 1848; x_wconf 88' lang='lat' dir='ltr'><strong>factum</strong></span> <span class='ocrx_word' id='word_1_111' title='bbox 1427 1802 1513 1848; x_wconf 87' lang='lat' dir='ltr'><strong>est</strong></span> <span class='ocrx_word' id='word_1_112' title='bbox 1535 1793 1729 1864; x_wconf 85' lang='lat' dir='ltr'><strong>synodi</strong></span> <span class='ocrx_word' id='word_1_113' title='bbox 1759 1764 2001 1863; x_wconf 72' lang='lat' dir='ltr'><strong>initium,</strong></span> <span class='ocrx_word' id='word_1_114' title='bbox 2034 1764 2078 1820; x_wconf 77' lang='grc' dir='ltr'><strong>Β</strong></span> 
     </span>
    </p>
   </div>
   <div class='ocr_carea' id='block_1_20' title="bbox 420 1878 2004 1954">
    <p class='ocr_par' dir='ltr' id='par_1_20' title="bbox 420 1878 2004 1954">
     <span class='ocr_line' id='line_1_20' title="bbox 420 1878 2004 1954; baseline 0.005 -20"><span class='ocrx_word' id='word_1_115' title='bbox 420 1878 814 1950; x_wconf 79' lang='lat' dir='ltr'><strong>tergiversante</strong></span> <span class='ocrx_word' id='word_1_116' title='bbox 849 1881 1075 1951; x_wconf 86' lang='lat' dir='ltr'><strong>quidem</strong></span> <span class='ocrx_word' id='word_1_117' title='bbox 1107 1882 1392 1949; x_wconf 86' lang='lat' dir='ltr'><strong>Nestorio;</strong></span> <span class='ocrx_word' id='word_1_118' title='bbox 1433 1883 1550 1949; x_wconf 89' lang='lat' dir='ltr'><strong>sed,</strong></span> <span class='ocrx_word' id='word_1_119' title='bbox 1573 1896 1795 1936; x_wconf 90' lang='lat' dir='ltr'><strong>reorum</strong></span> <span class='ocrx_word' id='word_1_120' title='bbox 1832 1901 2004 1954; x_wconf 91' lang='lat' dir='ltr'><strong>more,</strong></span> 
     </span>
    </p>
   </div>
   <div class='ocr_carea' id='block_1_21' title="bbox 416 1970 1079 2041">
    <p class='ocr_par' dir='ltr' id='par_1_21' title="bbox 416 1970 1079 2041">
     <span class='ocr_line' id='line_1_21' title="bbox 416 1970 1079 2041; baseline 0.006 -18"><span class='ocrx_word' id='word_1_121' title='bbox 416 1970 684 2041; x_wconf 87' lang='lat' dir='ltr'><strong>judicium</strong></span> <span class='ocrx_word' id='word_1_122' title='bbox 719 1971 1079 2027; x_wconf 84' lang='lat' dir='ltr'><strong>detrectabat.</strong></span> 
     </span>
    </p>
   </div>
   <div class='ocr_carea' id='block_1_22' title="bbox 492 2060 2007 2144">
    <p class='ocr_par' dir='ltr' id='par_1_22' title="bbox 492 2060 2007 2144">
     <span class='ocr_line' id='line_1_22' title="bbox 492 2060 2007 2144; baseline 0.01 -29"><span class='ocrx_word' id='word_1_123' title='bbox 492 2060 934 2129; x_wconf 75' lang='lat' dir='ltr'><strong>Prmtolabatur,</strong></span> <span class='ocrx_word' id='word_1_124' title='bbox 994 2071 1102 2119; x_wconf 90' lang='lat' dir='ltr'><strong>etc.</strong></span> <span class='ocrx_word' id='word_1_125' title='bbox 1161 2065 1512 2123; x_wconf 63' lang='lat' dir='ltr'><strong>Prastolatus</strong></span> <span class='ocrx_word' id='word_1_126' title='bbox 1565 2079 1650 2126; x_wconf 88' lang='lat' dir='ltr'><strong>est</strong></span> <span class='ocrx_word' id='word_1_127' title='bbox 1689 2072 1866 2143; x_wconf 85' lang='lat' dir='ltr'><strong>reipsa</strong></span> <span class='ocrx_word' id='word_1_128' title='bbox 1900 2071 2007 2144; x_wconf 87' lang='lat' dir='ltr'><strong>Cy-</strong></span> 
     </span>
    </p>
   </div>
   <div class='ocr_carea' id='block_1_23' title="bbox 421 2151 2009 2227">
    <p class='ocr_par' dir='ltr' id='par_1_23' title="bbox 421 2151 2009 2227">
     <span class='ocr_line' id='line_1_23' title="bbox 421 2151 2009 2227; baseline 0.008 -22"><span class='ocrx_word' id='word_1_129' title='bbox 421 2151 580 2206; x_wconf 89' lang='lat' dir='ltr'><strong>rillus</strong></span> <span class='ocrx_word' id='word_1_130' title='bbox 609 2167 735 2207; x_wconf 92' lang='lat' dir='ltr'><strong>cum</strong></span> <span class='ocrx_word' id='word_1_131' title='bbox 777 2153 1069 2208; x_wconf 87' lang='lat' dir='ltr'><strong>catholicis</strong></span> <span class='ocrx_word' id='word_1_132' title='bbox 1110 2170 1209 2225; x_wconf 91' lang='lat' dir='ltr'><strong>per</strong></span> <span class='ocrx_word' id='word_1_133' title='bbox 1243 2155 1362 2211; x_wconf 88' lang='lat' dir='ltr'><strong>dies</strong></span> <span class='ocrx_word' id='word_1_134' title='bbox 1394 2157 1710 2227; x_wconf 88' lang='lat' dir='ltr'><strong>quindecim</strong></span> <span class='ocrx_word' id='word_1_135' title='bbox 1746 2180 1761 2217; x_wconf 89' lang='lat'><strong>:</strong></span> <span class='ocrx_word' id='word_1_136' title='bbox 1793 2163 1888 2220; x_wconf 89' lang='lat' dir='ltr'><strong>sed</strong></span> <span class='ocrx_word' id='word_1_137' title='bbox 1921 2164 2009 2218; x_wconf 76' lang='lat' dir='ltr'><strong>in-</strong></span> 
     </span>
    </p>
   </div>
   <div class='ocr_carea' id='block_1_24' title="bbox 422 2242 2009 2314">
    <p class='ocr_par' dir='ltr' id='par_1_24' title="bbox 422 2242 2009 2314">
     <span class='ocr_line' id='line_1_24' title="bbox 422 2242 2009 2314; baseline 0.008 -19"><span class='ocrx_word' id='word_1_138' title='bbox 422 2242 703 2312; x_wconf 75' lang='lat' dir='ltr'><strong>telligebat</strong></span> <span class='ocrx_word' id='word_1_139' title='bbox 730 2242 916 2306; x_wconf 89' lang='lat' dir='ltr'><strong>simul,</strong></span> <span class='ocrx_word' id='word_1_140' title='bbox 943 2258 1054 2313; x_wconf 91' lang='lat' dir='ltr'><strong>quo</strong></span> <span class='ocrx_word' id='word_1_141' title='bbox 1078 2253 1351 2314; x_wconf 85' lang='lat' dir='ltr'><strong>spectaret</strong></span> <span class='ocrx_word' id='word_1_142' title='bbox 1379 2246 1632 2304; x_wconf 84' lang='lat' dir='ltr'><strong>affectata</strong></span> <span class='ocrx_word' id='word_1_143' title='bbox 1665 2251 1734 2305; x_wconf 89' lang='lat' dir='ltr'><strong>ab</strong></span> <span class='ocrx_word' id='word_1_144' title='bbox 1755 2251 2009 2308; x_wconf 87' lang='lat' dir='ltr'><strong>Orienta-</strong></span> 
     </span>
    </p>
   </div>
   <div class='ocr_carea' id='block_1_25' title="bbox 421 2331 2010 2411">
    <p class='ocr_par' dir='ltr' id='par_1_25' title="bbox 421 2331 2010 2411">
     <span class='ocr_line' id='line_1_25' title="bbox 421 2331 2010 2411; baseline 0.009 -24"><span class='ocrx_word' id='word_1_145' title='bbox 421 2331 570 2387; x_wconf 88' lang='lat' dir='ltr'><strong>libus</strong></span> <span class='ocrx_word' id='word_1_146' title='bbox 613 2333 714 2388; x_wconf 71' lang='lat' dir='ltr'><strong>viaa</strong></span> <span class='ocrx_word' id='word_1_147' title='bbox 753 2349 928 2398; x_wconf 89' lang='lat' dir='ltr'><strong>mora,</strong></span> <span class='ocrx_word' id='word_1_148' title='bbox 960 2350 1160 2404; x_wconf 88' lang='lat' dir='ltr'><strong>nempe</strong></span> <span class='ocrx_word' id='word_1_149' title='bbox 1201 2336 1269 2390; x_wconf 86' lang='lat' dir='ltr'><strong>ad</strong></span> <span class='ocrx_word' id='word_1_150' title='bbox 1312 2339 1496 2394; x_wconf 90' lang='lat' dir='ltr'><strong>omnia</strong></span> <span class='ocrx_word' id='word_1_151' title='bbox 1527 2343 1924 2411; x_wconf 89' lang='lat' dir='ltr'><strong>perturbanda,</strong></span> <span class='ocrx_word' id='word_1_152' title='bbox 1954 2354 2010 2401; x_wconf 85' lang='lat' dir='ltr'><strong>et</strong></span> 
     </span>
    </p>
   </div>
   <div class='ocr_carea' id='block_1_26' title="bbox 421 2424 2008 2505">
    <p class='ocr_par' dir='ltr' id='par_1_26' title="bbox 421 2424 2008 2505">
     <span class='ocr_line' id='line_1_26' title="bbox 421 2424 2008 2505; baseline 0.01 -28"><span class='ocrx_word' id='word_1_153' title='bbox 421 2440 523 2494; x_wconf 90' lang='lat' dir='ltr'><strong>per</strong></span> <span class='ocrx_word' id='word_1_154' title='bbox 574 2424 655 2479; x_wconf 90' lang='lat' dir='ltr'><strong>fas</strong></span> <span class='ocrx_word' id='word_1_155' title='bbox 707 2440 770 2480; x_wconf 93' lang='lat' dir='ltr'><strong>ac</strong></span> <span class='ocrx_word' id='word_1_156' title='bbox 824 2424 978 2481; x_wconf 88' lang='lat' dir='ltr'><strong>nefas</strong></span> <span class='ocrx_word' id='word_1_157' title='bbox 1028 2426 1391 2483; x_wconf 83' lang='lat' dir='ltr'><strong>invadendam</strong></span> <span class='ocrx_word' id='word_1_158' title='bbox 1448 2432 1644 2503; x_wconf 85' lang='lat' dir='ltr'><strong>synodi</strong></span> <span class='ocrx_word' id='word_1_159' title='bbox 1703 2435 2008 2505; x_wconf 71' lang='lat' dir='ltr'><strong>praesiden-</strong></span> 
     </span>
    </p>
   </div>
   <div class='ocr_carea' id='block_1_27' title="bbox 423 2519 578 2573">
    <p class='ocr_par' dir='ltr' id='par_1_27' title="bbox 423 2519 578 2573">
     <span class='ocr_line' id='line_1_27' title="bbox 423 2519 578 2573; baseline 0.013 -2"><span class='ocrx_word' id='word_1_160' title='bbox 423 2519 578 2573; x_wconf 87' lang='lat' dir='ltr'><strong>tiam.</strong></span> 
     </span>
    </p>
   </div>
   <div class='ocr_carea' id='block_1_28' title="bbox 495 2608 2012 2681">
    <p class='ocr_par' dir='ltr' id='par_1_28' title="bbox 495 2608 2012 2681">
     <span class='ocr_line' id='line_1_28' title="bbox 495 2608 2012 2681; baseline 0.009 -18"><span class='ocrx_word' id='word_1_161' title='bbox 495 2609 658 2680; x_wconf 76' lang='lat'><strong>367</strong></span> <span class='ocrx_word' id='word_1_162' title='bbox 685 2608 934 2681; x_wconf 80' lang='lat' dir='ltr'><strong>Reliquos</strong></span> <span class='ocrx_word' id='word_1_163' title='bbox 965 2615 1514 2681; x_wconf 70' lang='lat' dir='ltr'><strong>excommunicationi,</strong></span> <span class='ocrx_word' id='word_1_164' title='bbox 1537 2626 1643 2673; x_wconf 88' lang='lat' dir='ltr'><strong>etc.</strong></span> <span class='ocrx_word' id='word_1_165' title='bbox 1675 2617 1749 2675; x_wconf 91' lang='lat' dir='ltr'><strong>Ut</strong></span> <span class='ocrx_word' id='word_1_166' title='bbox 1773 2619 2012 2677; x_wconf 82' lang='lat' dir='ltr'><strong>Joannes</strong></span> 
     </span>
    </p>
   </div>
   <div class='ocr_carea' id='block_1_29' title="bbox 425 2702 2013 2778">
    <p class='ocr_par' dir='ltr' id='par_1_29' title="bbox 425 2702 2013 2778">
     <span class='ocr_line' id='line_1_29' title="bbox 425 2702 2013 2778; baseline 0.009 -22"><span class='ocrx_word' id='word_1_167' title='bbox 425 2702 636 2772; x_wconf 80' lang='lat' dir='ltr'><strong>synodo</strong></span> <span class='ocrx_word' id='word_1_168' title='bbox 689 2703 1040 2772; x_wconf 72' lang='lat' dir='ltr'><strong>praesideret,</strong></span> <span class='ocrx_word' id='word_1_169' title='bbox 1090 2721 1388 2776; x_wconf 88' lang='lat' dir='ltr'><strong>rerumque</strong></span> <span class='ocrx_word' id='word_1_170' title='bbox 1431 2709 1641 2778; x_wconf 85' lang='lat' dir='ltr'><strong>potitus</strong></span> <span class='ocrx_word' id='word_1_171' title='bbox 1693 2721 1891 2768; x_wconf 88' lang='lat' dir='ltr'><strong>cuncta</strong></span> <span class='ocrx_word' id='word_1_172' title='bbox 1944 2729 2013 2769; x_wconf 79' lang='lat' dir='ltr'><strong>ex</strong></span> 
     </span>
    </p>
   </div>
   <div class='ocr_carea' id='block_1_30' title="bbox 425 2792 2012 2869">
    <p class='ocr_par' dir='ltr' id='par_1_30' title="bbox 425 2792 2012 2869">
     <span class='ocr_line' id='line_1_30' title="bbox 425 2792 2012 2869; baseline 0.009 -22"><span class='ocrx_word' id='word_1_173' title='bbox 425 2793 659 2849; x_wconf 88' lang='lat' dir='ltr'><strong>arbitrio</strong></span> <span class='ocrx_word' id='word_1_174' title='bbox 700 2792 1064 2850; x_wconf 88' lang='lat' dir='ltr'><strong>Orientalium</strong></span> <span class='ocrx_word' id='word_1_175' title='bbox 1110 2805 1433 2869; x_wconf 79' lang='lat' dir='ltr'><strong>perageret,</strong></span> <span class='ocrx_word' id='word_1_176' title='bbox 1483 2800 1652 2855; x_wconf 79' lang='lat' dir='ltr'><strong>traxit</strong></span> <span class='ocrx_word' id='word_1_177' title='bbox 1695 2817 1905 2859; x_wconf 89' lang='lat' dir='ltr'><strong>moram</strong></span> <span class='ocrx_word' id='word_1_178' title='bbox 1953 2805 2012 2860; x_wconf 91' lang='lat' dir='ltr'><strong>in</strong></span> 
     </span>
    </p>
   </div>
   <div class='ocr_carea' id='block_1_31' title="bbox 426 2885 2011 2962">
    <p class='ocr_par' dir='ltr' id='par_1_31' title="bbox 426 2885 2011 2962">
     <span class='ocr_line' id='line_1_31' title="bbox 426 2885 2011 2962; baseline 0.008 -23"><span class='ocrx_word' id='word_1_179' title='bbox 426 2887 534 2949; x_wconf 90' lang='lat' dir='ltr'><strong>via,</strong></span> <span class='ocrx_word' id='word_1_180' title='bbox 576 2885 751 2941; x_wconf 89' lang='lat' dir='ltr'><strong>donec</strong></span> <span class='ocrx_word' id='word_1_181' title='bbox 778 2886 1066 2943; x_wconf 88' lang='lat' dir='ltr'><strong>Nestorius</strong></span> <span class='ocrx_word' id='word_1_182' title='bbox 1096 2888 1503 2959; x_wconf 87' lang='lat' dir='ltr'><strong>deponeretur;</strong></span> <span class='ocrx_word' id='word_1_183' title='bbox 1538 2892 1790 2962; x_wconf 90' lang='lat' dir='ltr'><strong>deposito</strong></span> <span class='ocrx_word' id='word_1_184' title='bbox 1827 2897 2011 2951; x_wconf 88' lang='lat' dir='ltr'><strong>statim</strong></span> 
     </span>
    </p>
   </div>
   <div class='ocr_carea' id='block_1_32' title="bbox 426 2977 2015 3055">
    <p class='ocr_par' dir='ltr' id='par_1_32' title="bbox 426 2977 2015 3055">
     <span class='ocr_line' id='line_1_32' title="bbox 426 2977 2015 3055; baseline 0.007 -24"><span class='ocrx_word' id='word_1_185' title='bbox 426 2977 721 3043; x_wconf 88' lang='lat' dir='ltr'><strong>advolavit,</strong></span> <span class='ocrx_word' id='word_1_186' title='bbox 763 2987 825 3033; x_wconf 90' lang='lat' dir='ltr'><strong>ut</strong></span> <span class='ocrx_word' id='word_1_187' title='bbox 855 2978 1153 3034; x_wconf 86' lang='lat' dir='ltr'><strong>adventum</strong></span> <span class='ocrx_word' id='word_1_188' title='bbox 1194 2980 1496 3051; x_wconf 79' lang='lat' dir='ltr'><strong>legatorum</strong></span> <span class='ocrx_word' id='word_1_189' title='bbox 1527 2984 1675 3038; x_wconf 91' lang='lat' dir='ltr'><strong>sedis</strong></span> <span class='ocrx_word' id='word_1_190' title='bbox 1702 2987 2015 3055; x_wconf 67' lang='lat' dir='ltr'><strong>apostolica:</strong></span> 
     </span>
    </p>
   </div>
   <div class='ocr_carea' id='block_1_33' title="bbox 426 3070 1457 3142">
    <p class='ocr_par' dir='ltr' id='par_1_33' title="bbox 426 3070 1457 3142">
     <span class='ocr_line' id='line_1_33' title="bbox 426 3070 1457 3142; baseline 0.006 -20"><span class='ocrx_word' id='word_1_191' title='bbox 426 3078 799 3139; x_wconf 72' lang='lat' dir='ltr'><strong>praeverteret.</strong></span> <span class='ocrx_word' id='word_1_192' title='bbox 847 3070 1126 3140; x_wconf 88' lang='lat' dir='ltr'><strong>Ephesum</strong></span> <span class='ocrx_word' id='word_1_193' title='bbox 1170 3073 1457 3142; x_wconf 87' lang='lat' dir='ltr'><strong>appulsus,</strong></span> 
     </span>
    </p>
   </div>
   <div class='ocr_carea' id='block_1_34' title="bbox 425 3160 2012 3238">
    <p class='ocr_par' dir='ltr' id='par_1_34' title="bbox 425 3160 2012 3238">
     <span class='ocr_line' id='line_1_34' title="bbox 425 3160 2012 3238; baseline 0.006 -23"><span class='ocrx_word' id='word_1_194' title='bbox 425 3160 668 3227; x_wconf 84' lang='lat' dir='ltr'><strong>deterso,</strong></span> <span class='ocrx_word' id='word_1_195' title='bbox 709 3170 1042 3217; x_wconf 87' lang='lat' dir='ltr'><strong>nocturnum</strong></span> <span class='ocrx_word' id='word_1_196' title='bbox 1088 3178 1154 3217; x_wconf 92' lang='lat' dir='ltr'><strong>ac</strong></span> <span class='ocrx_word' id='word_1_197' title='bbox 1196 3178 1442 3235; x_wconf 68' lang='lat' dir='ltr'><strong>praeceps</strong></span> <span class='ocrx_word' id='word_1_198' title='bbox 1474 3165 1743 3236; x_wconf 89' lang='lat' dir='ltr'><strong>judicium</strong></span> <span class='ocrx_word' id='word_1_199' title='bbox 1791 3167 1847 3222; x_wconf 91' lang='lat' dir='ltr'><strong>in</strong></span> <span class='ocrx_word' id='word_1_200' title='bbox 1892 3168 2012 3238; x_wconf 84' lang='lat' dir='ltr'><strong>ipso</strong></span> 
     </span>
    </p>
   </div>
   <div class='ocr_carea' id='block_1_35' title="bbox 428 3249 2013 3324">
    <p class='ocr_par' dir='ltr' id='par_1_35' title="bbox 428 3249 2013 3324">
     <span class='ocr_line' id='line_1_35' title="bbox 428 3249 2013 3324; baseline 0.005 -21"><span class='ocrx_word' id='word_1_201' title='bbox 428 3249 669 3320; x_wconf 90' lang='lat' dir='ltr'><strong>hospitio</strong></span> <span class='ocrx_word' id='word_1_202' title='bbox 700 3252 968 3315; x_wconf 75' lang='lat' dir='ltr'><strong>exercuit,</strong></span> <span class='ocrx_word' id='word_1_203' title='bbox 1002 3267 1072 3306; x_wconf 90' lang='lat' dir='ltr'><strong>ne</strong></span> <span class='ocrx_word' id='word_1_204' title='bbox 1112 3268 1237 3321; x_wconf 76' lang='lat' dir='ltr'><strong>quis</strong></span> <span class='ocrx_word' id='word_1_205' title='bbox 1278 3254 1500 3307; x_wconf 89' lang='lat' dir='ltr'><strong>nomine</strong></span> <span class='ocrx_word' id='word_1_206' title='bbox 1540 3255 1627 3309; x_wconf 90' lang='lat' dir='ltr'><strong>vel</strong></span> <span class='ocrx_word' id='word_1_207' title='bbox 1670 3256 2013 3324; x_wconf 87' lang='lat' dir='ltr'><strong>patriarcha-</strong></span> 
     </span>
    </p>
   </div>
   <div class='ocr_carea' id='block_1_36' title="bbox 430 3339 2016 3413">
    <p class='ocr_par' dir='ltr' id='par_1_36' title="bbox 430 3339 2016 3413">
     <span class='ocr_line' id='line_1_36' title="bbox 430 3339 2016 3413; baseline 0.005 -20"><span class='ocrx_word' id='word_1_208' title='bbox 430 3348 539 3401; x_wconf 87' lang='lat' dir='ltr'><strong>tus,</strong></span> <span class='ocrx_word' id='word_1_209' title='bbox 564 3339 650 3394; x_wconf 87' lang='lat' dir='ltr'><strong>vel</strong></span> <span class='ocrx_word' id='word_1_210' title='bbox 679 3341 1095 3410; x_wconf 70' lang='lat' dir='ltr'><strong>autocephaliaa,</strong></span> <span class='ocrx_word' id='word_1_211' title='bbox 1121 3343 1213 3413; x_wconf 86' lang='lat' dir='ltr'><strong>jus</strong></span> <span class='ocrx_word' id='word_1_212' title='bbox 1249 3342 1580 3410; x_wconf 64' lang='lat' dir='ltr'><strong>praesidendi</strong></span> <span class='ocrx_word' id='word_1_213' title='bbox 1620 3345 1849 3400; x_wconf 86' lang='lat' dir='ltr'><strong>haberet</strong></span> <span class='ocrx_word' id='word_1_214' title='bbox 1877 3362 1891 3399; x_wconf 90' lang='lat'><strong>:</strong></span> <span class='ocrx_word' id='word_1_215' title='bbox 1919 3362 2016 3401; x_wconf 85' lang='lat' dir='ltr'><strong>ex-</strong></span> 
     </span>
    </p>
   </div>
   <div class='ocr_carea' id='block_1_37' title="bbox 427 3430 2014 3504">
    <p class='ocr_par' dir='ltr' id='par_1_37' title="bbox 427 3430 2014 3504">
     <span class='ocr_line' id='line_1_37' title="bbox 427 3430 2014 3504; baseline 0.002 -18"><span class='ocrx_word' id='word_1_216' title='bbox 427 3430 911 3486; x_wconf 86' lang='lat' dir='ltr'><strong>communicationi</strong></span> <span class='ocrx_word' id='word_1_217' title='bbox 952 3432 1142 3487; x_wconf 86' lang='lat' dir='ltr'><strong>Patres</strong></span> <span class='ocrx_word' id='word_1_218' title='bbox 1182 3433 1425 3502; x_wconf 85' lang='lat' dir='ltr'><strong>reliquos</strong></span> <span class='ocrx_word' id='word_1_219' title='bbox 1464 3433 1718 3504; x_wconf 89' lang='lat' dir='ltr'><strong>subjecit,</strong></span> <span class='ocrx_word' id='word_1_220' title='bbox 1749 3450 1818 3490; x_wconf 90' lang='lat' dir='ltr'><strong>ne</strong></span> <span class='ocrx_word' id='word_1_221' title='bbox 1854 3435 2014 3490; x_wconf 88' lang='lat' dir='ltr'><strong>resti-</strong></span> 
     </span>
    </p>
   </div>
   <div class='ocr_carea' id='block_1_38' title="bbox 432 3522 1174 3591">
    <p class='ocr_par' dir='ltr' id='par_1_38' title="bbox 432 3522 1174 3591">
     <span class='ocr_line' id='line_1_38' title="bbox 432 3522 1174 3591; baseline 0.001 -15"><span class='ocrx_word' id='word_1_222' title='bbox 432 3530 586 3576; x_wconf 88' lang='lat' dir='ltr'><strong>tuere</strong></span> <span class='ocrx_word' id='word_1_223' title='bbox 618 3522 898 3590; x_wconf 86' lang='lat' dir='ltr'><strong>depositos</strong></span> <span class='ocrx_word' id='word_1_224' title='bbox 927 3532 1174 3591; x_wconf 88' lang='lat' dir='ltr'><strong>possent.</strong></span> 
     </span>
    </p>
   </div>
   <div class='ocr_carea' id='block_1_39' title="bbox 422 3610 2014 3682">
    <p class='ocr_par' dir='ltr' id='par_1_39' title="bbox 422 3610 2014 3682">
     <span class='ocr_line' id='line_1_39' title="bbox 422 3610 2014 3682; baseline 0.005 -20"><span class='ocrx_word' id='word_1_225' title='bbox 422 3656 431 3661; x_wconf 93' lang='lat'><strong>.</strong></span> <span class='ocrx_word' id='word_1_226' title='bbox 509 3610 829 3680; x_wconf 80' lang='lat' dir='ltr'><strong>Apollinarii</strong></span> <span class='ocrx_word' id='word_1_227' title='bbox 855 3620 903 3664; x_wconf 86' lang='lat' dir='ltr'><strong>et</strong></span> <span class='ocrx_word' id='word_1_228' title='bbox 925 3612 1195 3679; x_wconf 86' lang='lat' dir='ltr'><strong>Eunomii,</strong></span> <span class='ocrx_word' id='word_1_229' title='bbox 1220 3620 1328 3667; x_wconf 90' lang='lat' dir='ltr'><strong>etc.</strong></span> <span class='ocrx_word' id='word_1_230' title='bbox 1356 3612 1594 3668; x_wconf 89' lang='lat' dir='ltr'><strong>Consule</strong></span> <span class='ocrx_word' id='word_1_231' title='bbox 1627 3612 2014 3682; x_wconf 83' lang='lat' dir='ltr'><strong>reprehensio-</strong></span> 
     </span>
    </p>
   </div>
   <div class='ocr_carea' id='block_1_40' title="bbox 429 3703 2020 3774">
    <p class='ocr_par' dir='ltr' id='par_1_40' title="bbox 429 3703 2020 3774">
     <span class='ocr_line' id='line_1_40' title="bbox 429 3703 2020 3774; baseline 0.003 -18"><span class='ocrx_word' id='word_1_232' title='bbox 429 3718 556 3757; x_wconf 91' lang='lat' dir='ltr'><strong>nem</strong></span> <span class='ocrx_word' id='word_1_233' title='bbox 601 3703 1217 3769; x_wconf 88' lang='lat' dir='ltr'><strong>anathematismorum,</strong></span> <span class='ocrx_word' id='word_1_234' title='bbox 1267 3713 1324 3759; x_wconf 89' lang='lat' dir='ltr'><strong>et</strong></span> <span class='ocrx_word' id='word_1_235' title='bbox 1371 3704 1659 3774; x_wconf 82' lang='lat' dir='ltr'><strong>epistolas,</strong></span> <span class='ocrx_word' id='word_1_236' title='bbox 1703 3704 1759 3758; x_wconf 92' lang='lat' dir='ltr'><strong>in</strong></span> <span class='ocrx_word' id='word_1_237' title='bbox 1810 3704 2020 3774; x_wconf 75' lang='lat' dir='ltr'><strong>quibus</strong></span> 
     </span>
    </p>
   </div>
   <div class='ocr_carea' id='block_1_41' title="bbox 433 3794 2010 3868">
    <p class='ocr_par' dir='ltr' id='par_1_41' title="bbox 433 3794 2010 3868">
     <span class='ocr_line' id='line_1_41' title="bbox 433 3794 2010 3868; baseline 0.003 -19"><span class='ocrx_word' id='word_1_238' title='bbox 433 3794 813 3851; x_wconf 83' lang='lat' dir='ltr'><strong>Theodoretus</strong></span> <span class='ocrx_word' id='word_1_239' title='bbox 850 3795 919 3851; x_wconf 90' lang='lat' dir='ltr'><strong>de</strong></span> <span class='ocrx_word' id='word_1_240' title='bbox 961 3796 1157 3851; x_wconf 87' lang='lat' dir='ltr'><strong>iisdem</strong></span> <span class='ocrx_word' id='word_1_241' title='bbox 1202 3797 1676 3852; x_wconf 88' lang='lat' dir='ltr'><strong>anathematismis</strong></span> <span class='ocrx_word' id='word_1_242' title='bbox 1718 3797 2010 3868; x_wconf 89' lang='lat' dir='ltr'><strong>loquitur:</strong></span> 
     </span>
    </p>
   </div>
   <div class='ocr_carea' id='block_1_42' title="bbox 426 3886 2015 3964">
    <p class='ocr_par' dir='ltr' id='par_1_42' title="bbox 426 3886 2015 3964">
     <span class='ocr_line' id='line_1_42' title="bbox 426 3886 2015 3964; baseline 0.003 -21"><span class='ocrx_word' id='word_1_243' title='bbox 426 3895 487 3943; x_wconf 86' lang='lat' dir='ltr'><strong>et</strong></span> <span class='ocrx_word' id='word_1_244' title='bbox 528 3886 689 3943; x_wconf 79' lang='lat' dir='ltr'><strong>facile</strong></span> <span class='ocrx_word' id='word_1_245' title='bbox 729 3888 1135 3945; x_wconf 87' lang='lat' dir='ltr'><strong>animadvertes</strong></span> <span class='ocrx_word' id='word_1_246' title='bbox 1187 3890 1330 3945; x_wconf 82' lang='lat' dir='ltr'><strong>hanc</strong></span> <span class='ocrx_word' id='word_1_247' title='bbox 1362 3889 1745 3945; x_wconf 68' lang='lat' dir='ltr'><strong>haereticorum</strong></span> <span class='ocrx_word' id='word_1_248' title='bbox 1784 3893 2015 3964; x_wconf 89' lang='lat' dir='ltr'><strong>conjun-</strong></span> 
     </span>
    </p>
   </div>
   <div class='ocr_carea' id='block_1_43' title="bbox 431 3978 2015 4054">
    <p class='ocr_par' dir='ltr' id='par_1_43' title="bbox 431 3978 2015 4054">
     <span class='ocr_line' id='line_1_43' title="bbox 431 3978 2015 4054; baseline 0.003 -20"><span class='ocrx_word' id='word_1_249' title='bbox 431 3978 672 4034; x_wconf 86' lang='lat' dir='ltr'><strong>ctionem</strong></span> <span class='ocrx_word' id='word_1_250' title='bbox 721 3979 999 4049; x_wconf 83' lang='lat' dir='ltr'><strong>propriam</strong></span> <span class='ocrx_word' id='word_1_251' title='bbox 1042 3996 1164 4035; x_wconf 91' lang='lat' dir='ltr'><strong>esse</strong></span> <span class='ocrx_word' id='word_1_252' title='bbox 1202 3980 1556 4047; x_wconf 81' lang='lat' dir='ltr'><strong>Theodoreti,</strong></span> <span class='ocrx_word' id='word_1_253' title='bbox 1588 3983 1817 4054; x_wconf 87' lang='lat' dir='ltr'><strong>ejusque</strong></span> <span class='ocrx_word' id='word_1_254' title='bbox 1860 3982 2015 4038; x_wconf 90' lang='lat' dir='ltr'><strong>velut</strong></span> 
     </span>
    </p>
   </div>
   <div class='ocr_carea' id='block_1_44' title="bbox 430 4071 1201 4142">
    <p class='ocr_par' dir='ltr' id='par_1_44' title="bbox 430 4071 1201 4142">
     <span class='ocr_line' id='line_1_44' title="bbox 430 4071 1201 4142; baseline 0.001 -19"><span class='ocrx_word' id='word_1_255' title='bbox 430 4071 934 4142; x_wconf 75' lang='grc' dir='ltr'><strong>χαρακτηριστικὴν</strong></span> <span class='ocrx_word' id='word_1_256' title='bbox 974 4071 1201 4142; x_wconf 71' lang='grc' dir='ltr'><strong>φράσιν,</strong></span> 
     </span>
    </p>
   </div>
   <div class='ocr_carea' id='block_1_45' title="bbox 503 4161 2014 4230">
    <p class='ocr_par' dir='ltr' id='par_1_45' title="bbox 503 4161 2014 4230">
     <span class='ocr_line' id='line_1_45' title="bbox 503 4161 2014 4230; baseline 0.004 -14"><span class='ocrx_word' id='word_1_257' title='bbox 503 4161 658 4228; x_wconf 85' lang='lat' dir='ltr'><strong>Quod</strong></span> <span class='ocrx_word' id='word_1_258' title='bbox 687 4179 810 4217; x_wconf 79' lang='lat' dir='ltr'><strong>vero</strong></span> <span class='ocrx_word' id='word_1_259' title='bbox 838 4164 1066 4227; x_wconf 74' lang='lat' dir='ltr'><strong>tardius,</strong></span> <span class='ocrx_word' id='word_1_260' title='bbox 1094 4172 1201 4218; x_wconf 85' lang='lat' dir='ltr'><strong>etc.</strong></span> <span class='ocrx_word' id='word_1_261' title='bbox 1230 4164 1559 4230; x_wconf 89' lang='lat' dir='ltr'><strong>Orientales,</strong></span> <span class='ocrx_word' id='word_1_262' title='bbox 1583 4181 1656 4222; x_wconf 87' lang='lat' dir='ltr'><strong>ne</strong></span> <span class='ocrx_word' id='word_1_263' title='bbox 1690 4166 2014 4222; x_wconf 84' lang='lat' dir='ltr'><strong>viderentur</strong></span> 
     </span>
    </p>
   </div>
   <div class='ocr_carea' id='block_1_46' title="bbox 431 4254 2014 4321">
    <p class='ocr_par' dir='ltr' id='par_1_46' title="bbox 431 4254 2014 4321">
     <span class='ocr_line' id='line_1_46' title="bbox 431 4254 2014 4321; baseline 0.002 -9"><span class='ocrx_word' id='word_1_264' title='bbox 431 4258 616 4312; x_wconf 90' lang='lat' dir='ltr'><strong>omnia</strong></span> <span class='ocrx_word' id='word_1_265' title='bbox 661 4254 790 4310; x_wconf 90' lang='lat' dir='ltr'><strong>dolo</strong></span> <span class='ocrx_word' id='word_1_266' title='bbox 833 4255 977 4312; x_wconf 90' lang='lat' dir='ltr'><strong>malo</strong></span> <span class='ocrx_word' id='word_1_267' title='bbox 1022 4263 1080 4311; x_wconf 92' lang='lat' dir='ltr'><strong>et</strong></span> <span class='ocrx_word' id='word_1_268' title='bbox 1116 4257 1252 4315; x_wconf 89' lang='lat' dir='ltr'><strong>vitio</strong></span> <span class='ocrx_word' id='word_1_269' title='bbox 1297 4256 1515 4321; x_wconf 81' lang='lat' dir='ltr'><strong>fecisse,</strong></span> <span class='ocrx_word' id='word_1_270' title='bbox 1552 4257 1864 4315; x_wconf 88' lang='lat' dir='ltr'><strong>tarditatem</strong></span> <span class='ocrx_word' id='word_1_271' title='bbox 1911 4260 2014 4315; x_wconf 73' lang='lat' dir='ltr'><strong>vite</strong></span> 
     </span>
    </p>
   </div>
   <div class='ocr_carea' id='block_1_47' title="bbox 427 4348 2015 4419">
    <p class='ocr_par' dir='ltr' id='par_1_47' title="bbox 427 4348 2015 4419">
     <span class='ocr_line' id='line_1_47' title="bbox 427 4348 2015 4419; baseline 0.003 -18"><span class='ocrx_word' id='word_1_272' title='bbox 427 4359 694 4401; x_wconf 83' lang='lat' dir='ltr'><strong>excusare</strong></span> <span class='ocrx_word' id='word_1_273' title='bbox 736 4348 919 4401; x_wconf 85' lang='lat' dir='ltr'><strong>conati</strong></span> <span class='ocrx_word' id='word_1_274' title='bbox 967 4356 1126 4414; x_wconf 89' lang='lat' dir='ltr'><strong>sunt;</strong></span> <span class='ocrx_word' id='word_1_275' title='bbox 1178 4348 1274 4403; x_wconf 89' lang='lat' dir='ltr'><strong>sed</strong></span> <span class='ocrx_word' id='word_1_276' title='bbox 1321 4348 1527 4419; x_wconf 87' lang='lat' dir='ltr'><strong>apertis</strong></span> <span class='ocrx_word' id='word_1_277' title='bbox 1572 4350 1875 4405; x_wconf 89' lang='lat' dir='ltr'><strong>mendaciis</strong></span> <span class='ocrx_word' id='word_1_278' title='bbox 1919 4360 2015 4406; x_wconf 90' lang='lat' dir='ltr'><strong>aut</strong></span> 
     </span>
    </p>
   </div>
   <div class='ocr_carea' id='block_1_48' title="bbox 1502 3074 2243 3183">
    <p class='ocr_par' dir='ltr' id='par_1_48' title="bbox 1502 3074 2243 3183">
     <span class='ocr_line' id='line_1_48' title="bbox 1502 3074 2243 3183; baseline 0 0"><span class='ocrx_word' id='word_1_279' title='bbox 1502 3074 1745 3183; x_wconf 63' lang='grc' dir='ltr'><strong>¹¹ῗῐ¹ίῖι¹¹¹³</strong></span> <span class='ocrx_word' id='word_1_280' title='bbox 1789 3078 2013 3181; x_wconf 66' lang='grc' dir='ltr'><strong>Ριιιῖετθ</strong></span> <span class='ocrx_word' id='word_1_281' title='bbox 2038 3114 2084 3173; x_wconf 86' lang='lat' dir='ltr'><strong>c</strong></span> <span class='ocrx_word' id='word_1_282' title='bbox 2115 3074 2243 3183; x_wconf 61' lang='grc' dir='ltr'><strong>πίει</strong></span> 
     </span>
    </p>
   </div>
   <div class='ocr_carea' id='block_1_49' title="bbox 2101 509 3709 580">
    <p class='ocr_par' dir='ltr' id='par_1_49' title="bbox 2101 509 3709 580">
     <span class='ocr_line' id='line_1_49' title="bbox 2101 509 3709 580; baseline -0.004 -11"><span class='ocrx_word' id='word_1_283' title='bbox 2101 524 2186 569; x_wconf 82' lang='lat' dir='ltr'><strong>est</strong></span> <span class='ocrx_word' id='word_1_284' title='bbox 2221 514 2507 569; x_wconf 79' lang='lat' dir='ltr'><strong>dubitandi</strong></span> <span class='ocrx_word' id='word_1_285' title='bbox 2542 514 2718 578; x_wconf 91' lang='lat' dir='ltr'><strong>locus,</strong></span> <span class='ocrx_word' id='word_1_286' title='bbox 2755 513 2802 567; x_wconf 89' lang='lat' dir='ltr'><strong>si</strong></span> <span class='ocrx_word' id='word_1_287' title='bbox 2836 510 3205 567; x_wconf 85' lang='lat' dir='ltr'><strong>adhibeantur</strong></span> <span class='ocrx_word' id='word_1_288' title='bbox 3246 509 3527 580; x_wconf 77' lang='grc' dir='ltr'><strong>κριτήρια,</strong></span> <span class='ocrx_word' id='word_1_289' title='bbox 3561 521 3709 578; x_wconf 62' lang='lat' dir='ltr'><strong>qua</strong></span> 
     </span>
    </p>
   </div>
   <div class='ocr_carea' id='block_1_50' title="bbox 2102 599 3712 674">
    <p class='ocr_par' dir='ltr' id='par_1_50' title="bbox 2102 599 3712 674">
     <span class='ocr_line' id='line_1_50' title="bbox 2102 599 3712 674; baseline -0.004 -12"><span class='ocrx_word' id='word_1_290' title='bbox 2102 607 2301 674; x_wconf 85' lang='lat' dir='ltr'><strong>solent,</strong></span> <span class='ocrx_word' id='word_1_291' title='bbox 2331 615 2389 661; x_wconf 85' lang='lat' dir='ltr'><strong>et</strong></span> <span class='ocrx_word' id='word_1_292' title='bbox 2423 607 2518 661; x_wconf 83' lang='lat' dir='ltr'><strong>ﬁat</strong></span> <span class='ocrx_word' id='word_1_293' title='bbox 2544 605 2767 662; x_wconf 89' lang='lat' dir='ltr'><strong>collatio</strong></span> <span class='ocrx_word' id='word_1_294' title='bbox 2795 619 2921 660; x_wconf 88' lang='lat' dir='ltr'><strong>cum</strong></span> <span class='ocrx_word' id='word_1_295' title='bbox 2954 604 3221 659; x_wconf 88' lang='lat' dir='ltr'><strong>concione</strong></span> <span class='ocrx_word' id='word_1_296' title='bbox 3246 602 3436 657; x_wconf 87' lang='lat' dir='ltr'><strong>habita</strong></span> <span class='ocrx_word' id='word_1_297' title='bbox 3459 599 3712 657; x_wconf 80' lang='lat' dir='ltr'><strong>Chalce-</strong></span> 
     </span>
    </p>
   </div>
   <div class='ocr_carea' id='block_1_51' title="bbox 2101 692 3712 768">
    <p class='ocr_par' dir='ltr' id='par_1_51' title="bbox 2101 692 3712 768">
     <span class='ocr_line' id='line_1_51' title="bbox 2101 692 3712 768; baseline -0.004 -13"><span class='ocrx_word' id='word_1_298' title='bbox 2101 699 2247 755; x_wconf 89' lang='lat' dir='ltr'><strong>done</strong></span> <span class='ocrx_word' id='word_1_299' title='bbox 2279 715 2311 755; x_wconf 77' lang='grc' dir='ltr'>ι</span> <span class='ocrx_word' id='word_1_300' title='bbox 2339 699 2709 766; x_wconf 86' lang='lat' dir='ltr'><strong>Theodoreto,</strong></span> <span class='ocrx_word' id='word_1_301' title='bbox 2745 698 2761 721; x_wconf 82' lang='grc'>⁶</span> <span class='ocrx_word' id='word_1_302' title='bbox 2788 697 2846 752; x_wconf 92' lang='lat' dir='ltr'><strong>in</strong></span> <span class='ocrx_word' id='word_1_303' title='bbox 2876 712 2984 768; x_wconf 88' lang='lat' dir='ltr'><strong>qua</strong></span> <span class='ocrx_word' id='word_1_304' title='bbox 3026 695 3172 751; x_wconf 90' lang='lat' dir='ltr'><strong>idem</strong></span> <span class='ocrx_word' id='word_1_305' title='bbox 3203 694 3361 750; x_wconf 91' lang='lat' dir='ltr'><strong>locus</strong></span> <span class='ocrx_word' id='word_1_306' title='bbox 3396 692 3552 749; x_wconf 75' lang='lat' dir='ltr'><strong>Isaiae</strong></span> <span class='ocrx_word' id='word_1_307' title='bbox 3580 701 3712 748; x_wconf 79' lang='lat' dir='ltr'><strong>tra-</strong></span> 
     </span>
    </p>
   </div>
   <div class='ocr_carea' id='block_1_52' title="bbox 2103 800 3609 849">
    <p class='ocr_par' dir='ltr' id='par_1_52' title="bbox 2103 800 3609 849">
     <span class='ocr_line' id='line_1_52' title="bbox 2103 800 3609 849; baseline 0.001 -1"><span class='ocrx_word' id='word_1_308' title='bbox 2103 800 2370 849; x_wconf 87' lang='lat' dir='ltr'><strong>ctaretur.</strong></span> <span class='ocrx_word' id='word_1_309' title='bbox 3604 804 3609 807; x_wconf 70' lang='grc'><em>’</em></span> 
     </span>
    </p>
   </div>
   <div class='ocr_carea' id='block_1_53' title="bbox 2173 875 3707 954">
    <p class='ocr_par' dir='ltr' id='par_1_53' title="bbox 2173 875 3707 954">
     <span class='ocr_line' id='line_1_53' title="bbox 2173 875 3707 954; baseline -0.005 -16"><span class='ocrx_word' id='word_1_310' title='bbox 2173 882 2427 938; x_wconf 78' lang='lat' dir='ltr'><strong>Nostrum</strong></span> <span class='ocrx_word' id='word_1_311' title='bbox 2453 883 2733 938; x_wconf 80' lang='lat' dir='ltr'><strong>adventum</strong></span> <span class='ocrx_word' id='word_1_312' title='bbox 2762 879 3084 954; x_wconf 70' lang='lat' dir='ltr'><strong>prwslalari,</strong></span> <span class='ocrx_word' id='word_1_313' title='bbox 3111 887 3219 933; x_wconf 88' lang='lat' dir='ltr'><strong>etc.</strong></span> <span class='ocrx_word' id='word_1_314' title='bbox 3244 877 3303 932; x_wconf 94' lang='lat' dir='ltr'><strong>ld</strong></span> <span class='ocrx_word' id='word_1_315' title='bbox 3327 877 3597 948; x_wconf 88' lang='lat' dir='ltr'><strong>scriptum</strong></span> <span class='ocrx_word' id='word_1_316' title='bbox 3623 875 3707 931; x_wconf 82' lang='lat' dir='ltr'><strong>ad</strong></span> 
     </span>
    </p>
   </div>
   <div class='ocr_carea' id='block_1_54' title="bbox 2102 970 3704 1048">
    <p class='ocr_par' dir='ltr' id='par_1_54' title="bbox 2102 970 3704 1048">
     <span class='ocr_line' id='line_1_54' title="bbox 2102 970 3704 1048; baseline -0.006 -17"><span class='ocrx_word' id='word_1_317' title='bbox 2102 973 2413 1033; x_wconf 85' lang='lat' dir='ltr'><strong>Orientales</strong></span> <span class='ocrx_word' id='word_1_318' title='bbox 2450 992 2480 1031; x_wconf 90' lang='lat' dir='ltr'><strong>a</strong></span> <span class='ocrx_word' id='word_1_319' title='bbox 2517 974 2722 1048; x_wconf 82' lang='lat' dir='ltr'><strong>Cyrillo</strong></span> <span class='ocrx_word' id='word_1_320' title='bbox 2776 973 3000 1029; x_wconf 90' lang='lat' dir='ltr'><strong>nomine</strong></span> <span class='ocrx_word' id='word_1_321' title='bbox 3048 971 3388 1040; x_wconf 89' lang='lat' dir='ltr'><strong>reliquorum</strong></span> <span class='ocrx_word' id='word_1_322' title='bbox 3435 970 3704 1034; x_wconf 88' lang='lat' dir='ltr'><strong>Patrum,</strong></span> 
     </span>
    </p>
   </div>
   <div class='ocr_carea' id='block_1_55' title="bbox 2104 1060 3709 1129">
    <p class='ocr_par' dir='ltr' id='par_1_55' title="bbox 2104 1060 3709 1129">
     <span class='ocr_line' id='line_1_55' title="bbox 2104 1060 3709 1129; baseline -0.006 -8"><span class='ocrx_word' id='word_1_323' title='bbox 2104 1072 2166 1120; x_wconf 83' lang='lat' dir='ltr'><strong>ut</strong></span> <span class='ocrx_word' id='word_1_324' title='bbox 2195 1065 2262 1121; x_wconf 84' lang='lat' dir='ltr'><strong>ad</strong></span> <span class='ocrx_word' id='word_1_325' title='bbox 2288 1065 2671 1121; x_wconf 88' lang='lat' dir='ltr'><strong>maturandam</strong></span> <span class='ocrx_word' id='word_1_326' title='bbox 2702 1065 2847 1120; x_wconf 88' lang='lat' dir='ltr'><strong>viam</strong></span> <span class='ocrx_word' id='word_1_327' title='bbox 2878 1063 3244 1118; x_wconf 88' lang='lat' dir='ltr'><strong>incitarentur</strong></span> <span class='ocrx_word' id='word_1_328' title='bbox 3273 1079 3286 1116; x_wconf 87' lang='lat'><strong>:</strong></span> <span class='ocrx_word' id='word_1_329' title='bbox 3314 1075 3440 1114; x_wconf 89' lang='lat' dir='ltr'><strong>nam</strong></span> <span class='ocrx_word' id='word_1_330' title='bbox 3466 1060 3709 1129; x_wconf 86' lang='lat' dir='ltr'><strong>elapsus</strong></span> 
     </span>
    </p>
   </div>
   <div class='ocr_carea' id='block_1_56' title="bbox 2099 1149 3710 1233">
    <p class='ocr_par' dir='ltr' id='par_1_56' title="bbox 2099 1149 3710 1233">
     <span class='ocr_line' id='line_1_56' title="bbox 2099 1149 3710 1233; baseline -0.004 -23"><span class='ocrx_word' id='word_1_331' title='bbox 2099 1155 2212 1228; x_wconf 90' lang='lat' dir='ltr'><strong>jam</strong></span> <span class='ocrx_word' id='word_1_332' title='bbox 2253 1155 2460 1211; x_wconf 88' lang='lat' dir='ltr'><strong>dudum</strong></span> <span class='ocrx_word' id='word_1_333' title='bbox 2499 1163 2621 1211; x_wconf 89' lang='lat' dir='ltr'><strong>erat</strong></span> <span class='ocrx_word' id='word_1_334' title='bbox 2660 1156 2949 1212; x_wconf 88' lang='lat' dir='ltr'><strong>condictus</strong></span> <span class='ocrx_word' id='word_1_335' title='bbox 2977 1153 3118 1233; x_wconf 80' lang='lat' dir='ltr'><strong>dies.</strong></span> <span class='ocrx_word' id='word_1_336' title='bbox 3164 1153 3302 1207; x_wconf 86' lang='lat' dir='ltr'><strong>Silet</strong></span> <span class='ocrx_word' id='word_1_337' title='bbox 3331 1166 3464 1206; x_wconf 90' lang='lat' dir='ltr'><strong>vero</strong></span> <span class='ocrx_word' id='word_1_338' title='bbox 3502 1149 3710 1204; x_wconf 84' lang='lat' dir='ltr'><strong>Theo-</strong></span> 
     </span>
    </p>
   </div>
   <div class='ocr_carea' id='block_1_57' title="bbox 2105 1243 3706 1316">
    <p class='ocr_par' dir='ltr' id='par_1_57' title="bbox 2105 1243 3706 1316">
     <span class='ocr_line' id='line_1_57' title="bbox 2105 1243 3706 1316; baseline -0.004 -15"><span class='ocrx_word' id='word_1_339' title='bbox 2105 1244 2330 1303; x_wconf 86' lang='lat' dir='ltr'><strong>doretus</strong></span> <span class='ocrx_word' id='word_1_340' title='bbox 2365 1247 2594 1315; x_wconf 89' lang='lat' dir='ltr'><strong>callide,</strong></span> <span class='ocrx_word' id='word_1_341' title='bbox 2649 1247 2706 1302; x_wconf 91' lang='lat' dir='ltr'><strong>in</strong></span> <span class='ocrx_word' id='word_1_342' title='bbox 2750 1247 2855 1302; x_wconf 88' lang='lat' dir='ltr'><strong>hac</strong></span> <span class='ocrx_word' id='word_1_343' title='bbox 2902 1254 2960 1302; x_wconf 90' lang='lat' dir='ltr'><strong>et</strong></span> <span class='ocrx_word' id='word_1_344' title='bbox 3006 1243 3351 1316; x_wconf 67' lang='lat' dir='ltr'><strong>praecedente</strong></span> <span class='ocrx_word' id='word_1_345' title='bbox 3398 1243 3706 1305; x_wconf 85' lang='lat' dir='ltr'><strong>relatione,</strong></span> 
     </span>
    </p>
   </div>
   <div class='ocr_carea' id='block_1_58' title="bbox 2103 1335 3708 1411">
    <p class='ocr_par' dir='ltr' id='par_1_58' title="bbox 2103 1335 3708 1411">
     <span class='ocr_line' id='line_1_58' title="bbox 2103 1335 3708 1411; baseline -0.006 -16"><span class='ocrx_word' id='word_1_346' title='bbox 2103 1338 2254 1411; x_wconf 80' lang='lat' dir='ltr'><strong>quod</strong></span> <span class='ocrx_word' id='word_1_347' title='bbox 2297 1339 2540 1395; x_wconf 80' lang='lat' dir='ltr'><strong>Joannes</strong></span> <span class='ocrx_word' id='word_1_348' title='bbox 2587 1355 2689 1410; x_wconf 92' lang='lat' dir='ltr'><strong>per</strong></span> <span class='ocrx_word' id='word_1_349' title='bbox 2729 1337 3108 1408; x_wconf 87' lang='lat' dir='ltr'><strong>metropolitas</strong></span> <span class='ocrx_word' id='word_1_350' title='bbox 3157 1335 3325 1399; x_wconf 90' lang='lat' dir='ltr'><strong>duos,</strong></span> <span class='ocrx_word' id='word_1_351' title='bbox 3367 1348 3506 1404; x_wconf 90' lang='lat' dir='ltr'><strong>quos</strong></span> <span class='ocrx_word' id='word_1_352' title='bbox 3544 1347 3708 1403; x_wconf 71' lang='lat' dir='ltr'><strong>pra:—</strong></span> 
     </span>
    </p>
   </div>
   <div class='ocr_carea' id='block_1_59' title="bbox 2105 1427 3709 1504">
    <p class='ocr_par' dir='ltr' id='par_1_59' title="bbox 2105 1427 3709 1504">
     <span class='ocr_line' id='line_1_59' title="bbox 2105 1427 3709 1504; baseline -0.004 -16"><span class='ocrx_word' id='word_1_353' title='bbox 2105 1432 2354 1498; x_wconf 86' lang='lat' dir='ltr'><strong>miserat,</strong></span> <span class='ocrx_word' id='word_1_354' title='bbox 2391 1430 2594 1504; x_wconf 83' lang='lat' dir='ltr'><strong>Cyrillo</strong></span> <span class='ocrx_word' id='word_1_355' title='bbox 2626 1432 2943 1502; x_wconf 87' lang='lat' dir='ltr'><strong>scripserat,</strong></span> <span class='ocrx_word' id='word_1_356' title='bbox 2970 1439 3031 1485; x_wconf 91' lang='lat' dir='ltr'><strong>ut</strong></span> <span class='ocrx_word' id='word_1_357' title='bbox 3059 1430 3304 1493; x_wconf 87' lang='lat' dir='ltr'><strong>interim,</strong></span> <span class='ocrx_word' id='word_1_358' title='bbox 3329 1429 3461 1484; x_wconf 91' lang='lat' dir='ltr'><strong>dum</strong></span> <span class='ocrx_word' id='word_1_359' title='bbox 3488 1427 3709 1484; x_wconf 63' lang='lat' dir='ltr'><strong>Orien-</strong></span> 
     </span>
    </p>
   </div>
   <div class='ocr_carea' id='block_1_60' title="bbox 2107 1519 3708 1594">
    <p class='ocr_par' dir='ltr' id='par_1_60' title="bbox 2107 1519 3708 1594">
     <span class='ocr_line' id='line_1_60' title="bbox 2107 1519 3708 1594; baseline -0.004 -14"><span class='ocrx_word' id='word_1_360' title='bbox 2107 1524 2243 1580; x_wconf 87' lang='lat' dir='ltr'><strong>tales</strong></span> <span class='ocrx_word' id='word_1_361' title='bbox 2294 1524 2579 1590; x_wconf 85' lang='lat' dir='ltr'><strong>venirent,</strong></span> <span class='ocrx_word' id='word_1_362' title='bbox 2628 1522 2684 1579; x_wconf 91' lang='lat' dir='ltr'><strong>id</strong></span> <span class='ocrx_word' id='word_1_363' title='bbox 2739 1523 2897 1579; x_wconf 85' lang='lat' dir='ltr'><strong>ﬁeret</strong></span> <span class='ocrx_word' id='word_1_364' title='bbox 2944 1521 3093 1594; x_wconf 90' lang='lat' dir='ltr'><strong>quod</strong></span> <span class='ocrx_word' id='word_1_365' title='bbox 3144 1520 3459 1577; x_wconf 85' lang='lat' dir='ltr'><strong>faciendum</strong></span> <span class='ocrx_word' id='word_1_366' title='bbox 3531 1519 3708 1575; x_wconf 89' lang='lat' dir='ltr'><strong>vide-</strong></span> 
     </span>
    </p>
   </div>
   <div class='ocr_carea' id='block_1_61' title="bbox 2106 1625 2281 1671">
    <p class='ocr_par' dir='ltr' id='par_1_61' title="bbox 2106 1625 2281 1671">
     <span class='ocr_line' id='line_1_61' title="bbox 2106 1625 2281 1671; baseline 0 -2"><span class='ocrx_word' id='word_1_367' title='bbox 2106 1625 2281 1671; x_wconf 72' lang='grc' dir='ltr'><strong>ι-θιιιτ.</strong></span> 
     </span>
    </p>
   </div>
   <div class='ocr_carea' id='block_1_62' title="bbox 2178 1700 3709 1772">
    <p class='ocr_par' dir='ltr' id='par_1_62' title="bbox 2178 1700 3709 1772">
     <span class='ocr_line' id='line_1_62' title="bbox 2178 1700 3709 1772; baseline -0.005 -10"><span class='ocrx_word' id='word_1_368' title='bbox 2178 1707 2359 1762; x_wconf 84' lang='lat' dir='ltr'><strong>Tridui</strong></span> <span class='ocrx_word' id='word_1_369' title='bbox 2401 1708 2612 1772; x_wconf 79' lang='lat' dir='ltr'><strong>itinere,</strong></span> <span class='ocrx_word' id='word_1_370' title='bbox 2651 1714 2761 1761; x_wconf 88' lang='lat' dir='ltr'><strong>etc.</strong></span> <span class='ocrx_word' id='word_1_371' title='bbox 2795 1704 2955 1761; x_wconf 91' lang='lat' dir='ltr'><strong>Bidui</strong></span> <span class='ocrx_word' id='word_1_372' title='bbox 3000 1704 3264 1760; x_wconf 74' lang='lat' dir='ltr'><strong>duntaxat</strong></span> <span class='ocrx_word' id='word_1_373' title='bbox 3294 1702 3501 1758; x_wconf 88' lang='lat' dir='ltr'><strong>mentio</strong></span> <span class='ocrx_word' id='word_1_374' title='bbox 3546 1700 3610 1756; x_wconf 83' lang='lat' dir='ltr'><strong>fit</strong></span> <span class='ocrx_word' id='word_1_375' title='bbox 3645 1701 3709 1756; x_wconf 87' lang='lat' dir='ltr'><strong>in</strong></span> 
     </span>
    </p>
   </div>
   <div class='ocr_carea' id='block_1_63' title="bbox 2109 1795 3591 1872">
    <p class='ocr_par' dir='ltr' id='par_1_63' title="bbox 2109 1795 3591 1872">
     <span class='ocr_line' id='line_1_63' title="bbox 2109 1795 3591 1872; baseline -0.005 -16"><span class='ocrx_word' id='word_1_376' title='bbox 2109 1800 2396 1872; x_wconf 87' lang='lat' dir='ltr'><strong>superiore</strong></span> <span class='ocrx_word' id='word_1_377' title='bbox 2435 1799 2723 1863; x_wconf 80' lang='lat' dir='ltr'><strong>relatione,</strong></span> <span class='ocrx_word' id='word_1_378' title='bbox 2756 1797 2851 1853; x_wconf 91' lang='lat' dir='ltr'><strong>sed</strong></span> <span class='ocrx_word' id='word_1_379' title='bbox 2890 1814 2990 1869; x_wconf 91' lang='lat' dir='ltr'><strong>per</strong></span> <span class='ocrx_word' id='word_1_380' title='bbox 3028 1796 3253 1869; x_wconf 76' lang='grc' dir='ltr'><strong>μείωσιν</strong></span> <span class='ocrx_word' id='word_1_381' title='bbox 3286 1795 3591 1866; x_wconf 87' lang='lat' dir='ltr'><strong>vulgarem.</strong></span> 
     </span>
    </p>
   </div>
   <div class='ocr_carea' id='block_1_64' title="bbox 2179 1888 3716 1965">
    <p class='ocr_par' dir='ltr' id='par_1_64' title="bbox 2179 1888 3716 1965">
     <span class='ocr_line' id='line_1_64' title="bbox 2179 1888 3716 1965; baseline -0.005 -19"><span class='ocrx_word' id='word_1_382' title='bbox 2179 1892 2438 1965; x_wconf 77' lang='lat' dir='ltr'><strong>Aspidum</strong></span> <span class='ocrx_word' id='word_1_383' title='bbox 2467 1908 2563 1946; x_wconf 79' lang='lat' dir='ltr'><strong>ova</strong></span> <span class='ocrx_word' id='word_1_384' title='bbox 2593 1890 2886 1963; x_wconf 79' lang='lat' dir='ltr'><strong>fregerunt,</strong></span> <span class='ocrx_word' id='word_1_385' title='bbox 2927 1899 3033 1945; x_wconf 90' lang='lat' dir='ltr'><strong>etc.</strong></span> <span class='ocrx_word' id='word_1_386' title='bbox 3075 1888 3258 1943; x_wconf 91' lang='lat' dir='ltr'><strong>Locus</strong></span> <span class='ocrx_word' id='word_1_387' title='bbox 3291 1888 3380 1943; x_wconf 92' lang='lat' dir='ltr'><strong>hic</strong></span> <span class='ocrx_word' id='word_1_388' title='bbox 3410 1901 3535 1941; x_wconf 89' lang='lat' dir='ltr'><strong>cum</strong></span> <span class='ocrx_word' id='word_1_389' title='bbox 3580 1900 3716 1941; x_wconf 90' lang='lat' dir='ltr'><strong>ser-</strong></span> 
     </span>
    </p>
   </div>
   <div class='ocr_carea' id='block_1_65' title="bbox 2107 1976 3710 2054">
    <p class='ocr_par' dir='ltr' id='par_1_65' title="bbox 2107 1976 3710 2054">
     <span class='ocr_line' id='line_1_65' title="bbox 2107 1976 3710 2054; baseline -0.004 -16"><span class='ocrx_word' id='word_1_390' title='bbox 2107 1998 2272 2038; x_wconf 90' lang='lat' dir='ltr'><strong>mone</strong></span> <span class='ocrx_word' id='word_1_391' title='bbox 2338 1981 2601 2054; x_wconf 84' lang='lat' dir='ltr'><strong>praedicto</strong></span> <span class='ocrx_word' id='word_1_392' title='bbox 2635 1981 2868 2038; x_wconf 90' lang='lat' dir='ltr'><strong>collatus</strong></span> <span class='ocrx_word' id='word_1_393' title='bbox 2932 1980 3346 2037; x_wconf 87' lang='lat' dir='ltr'><strong>Theodoretum</strong></span> <span class='ocrx_word' id='word_1_394' title='bbox 3403 1976 3710 2033; x_wconf 82' lang='lat' dir='ltr'><strong>manifeste</strong></span> 
     </span>
    </p>
   </div>
   <div class='ocr_carea' id='block_1_66' title="bbox 2108 2073 2314 2144">
    <p class='ocr_par' dir='ltr' id='par_1_66' title="bbox 2108 2073 2314 2144">
     <span class='ocr_line' id='line_1_66' title="bbox 2108 2073 2314 2144; baseline 0.005 -16"><span class='ocrx_word' id='word_1_395' title='bbox 2108 2073 2314 2144; x_wconf 88' lang='lat' dir='ltr'><strong>prodit.</strong></span> 
     </span>
    </p>
   </div>
   <div class='ocr_carea' id='block_1_67' title="bbox 2111 2170 3713 2256">
    <p class='ocr_par' dir='ltr' id='par_1_67' title="bbox 2111 2170 3713 2256">
     <span class='ocr_line' id='line_1_67' title="bbox 2111 2170 3713 2256; baseline -0.001 -17"><span class='ocrx_word' id='word_1_396' title='bbox 2111 2183 2355 2256; x_wconf 80' lang='lat' dir='ltr'><strong>Epistola</strong></span> <span class='ocrx_word' id='word_1_397' title='bbox 2395 2185 2518 2256; x_wconf 66' lang='lat'><strong>154,</strong></span> <span class='ocrx_word' id='word_1_398' title='bbox 2557 2170 2767 2241; x_wconf 78' lang='lat' dir='ltr'><strong>Relatio</strong></span> <span class='ocrx_word' id='word_1_399' title='bbox 2801 2183 3158 2256; x_wconf 83' lang='lat' dir='ltr'><strong>Orientalium</strong></span> <span class='ocrx_word' id='word_1_400' title='bbox 3190 2184 3259 2238; x_wconf 85' lang='lat' dir='ltr'><strong>ad</strong></span> <span class='ocrx_word' id='word_1_401' title='bbox 3285 2189 3529 2237; x_wconf 82' lang='lat' dir='ltr'><strong>senatum</strong></span> <span class='ocrx_word' id='word_1_402' title='bbox 3562 2179 3713 2238; x_wconf 88' lang='lat' dir='ltr'><strong>Con-</strong></span> 
     </span>
    </p>
   </div>
   <div class='ocr_carea' id='block_1_68' title="bbox 2483 2227 3277 2327">
    <p class='ocr_par' dir='ltr' id='par_1_68' title="bbox 2483 2227 3277 2327">
     <span class='ocr_line' id='line_1_68' title="bbox 2483 2227 3277 2327; baseline 0 -12"><span class='ocrx_word' id='word_1_403' title='bbox 2483 2227 2518 2315; x_wconf 66' lang='grc' dir='ltr'><strong><em>ΐ</em></strong></span> <span class='ocrx_word' id='word_1_404' title='bbox 2557 2227 3163 2327; x_wconf 63' lang='grc' dir='ltr'><strong>’ἶὲἓὶἱᾶηῐρἷὶἕὶἆίιῖτῆἶ</strong></span> <span class='ocrx_word' id='word_1_405' title='bbox 3190 2227 3277 2315; x_wconf 77' lang='grc'><strong>””,</strong></span> 
     </span>
    </p>
   </div>
   <div class='ocr_carea' id='block_1_69' title="bbox 2193 2364 3713 2439">
    <p class='ocr_par' dir='ltr' id='par_1_69' title="bbox 2193 2364 3713 2439">
     <span class='ocr_line' id='line_1_69' title="bbox 2193 2364 3713 2439; baseline -0.001 -18"><span class='ocrx_word' id='word_1_406' title='bbox 2193 2366 2396 2437; x_wconf 78' lang='grc' dir='ltr'><strong>Ἀγτων</strong></span> <span class='ocrx_word' id='word_1_407' title='bbox 2443 2367 2538 2422; x_wconf 79' lang='grc' dir='ltr'><strong>καὶ</strong></span> <span class='ocrx_word' id='word_1_408' title='bbox 2586 2367 2912 2422; x_wconf 82' lang='grc' dir='ltr'><strong>καλλινίκων</strong></span> <span class='ocrx_word' id='word_1_409' title='bbox 2963 2366 3278 2439; x_wconf 81' lang='grc' dir='ltr'><strong>μαρτύρων,</strong></span> <span class='ocrx_word' id='word_1_410' title='bbox 3323 2374 3430 2421; x_wconf 87' lang='lat' dir='ltr'><strong>etc.</strong></span> <span class='ocrx_word' id='word_1_411' title='bbox 3476 2364 3713 2420; x_wconf 76' lang='lat' dir='ltr'><strong>Pltrasis</strong></span> 
     </span>
    </p>
   </div>
   <div class='ocr_carea' id='block_1_70' title="bbox 2111 2455 3576 2528">
    <p class='ocr_par' dir='ltr' id='par_1_70' title="bbox 2111 2455 3576 2528">
     <span class='ocr_line' id='line_1_70' title="bbox 2111 2455 3576 2528; baseline 0 -17"><span class='ocrx_word' id='word_1_412' title='bbox 2111 2456 2463 2515; x_wconf 87' lang='lat' dir='ltr'><strong>Theodoreto</strong></span> <span class='ocrx_word' id='word_1_413' title='bbox 2486 2458 2792 2525; x_wconf 82' lang='lat' dir='ltr'><strong>familiaris,</strong></span> <span class='ocrx_word' id='word_1_414' title='bbox 2822 2474 2887 2514; x_wconf 90' lang='lat' dir='ltr'><strong>ac</strong></span> <span class='ocrx_word' id='word_1_415' title='bbox 2918 2458 3105 2514; x_wconf 81' lang='lat' dir='ltr'><strong>forsan</strong></span> <span class='ocrx_word' id='word_1_416' title='bbox 3129 2458 3304 2514; x_wconf 89' lang='lat' dir='ltr'><strong>solius</strong></span> <span class='ocrx_word' id='word_1_417' title='bbox 3329 2455 3576 2528; x_wconf 90' lang='lat' dir='ltr'><strong>propria.</strong></span> 
     </span>
    </p>
   </div>
   <div class='ocr_carea' id='block_1_71' title="bbox 2183 2546 3712 2621">
    <p class='ocr_par' dir='ltr' id='par_1_71' title="bbox 2183 2546 3712 2621">
     <span class='ocr_line' id='line_1_71' title="bbox 2183 2546 3712 2621; baseline -0.003 -17"><span class='ocrx_word' id='word_1_418' title='bbox 2183 2549 2350 2620; x_wconf 72' lang='lat'><strong>368</strong></span> <span class='ocrx_word' id='word_1_419' title='bbox 2421 2550 2847 2606; x_wconf 79' lang='grc' dir='ltr'><strong>Εὐσεδεστάτων</strong></span> <span class='ocrx_word' id='word_1_420' title='bbox 2917 2550 3012 2604; x_wconf 74' lang='grc' dir='ltr'><strong>καὶ</strong></span> <span class='ocrx_word' id='word_1_421' title='bbox 3082 2548 3446 2621; x_wconf 79' lang='grc' dir='ltr'><strong>φιλοχρίστων</strong></span> <span class='ocrx_word' id='word_1_422' title='bbox 3523 2546 3712 2618; x_wconf 84' lang='grc' dir='ltr'><strong>βασι-</strong></span> 
     </span>
    </p>
   </div>
   <div class='ocr_carea' id='block_1_72' title="bbox 2111 2639 3712 2716">
    <p class='ocr_par' dir='ltr' id='par_1_72' title="bbox 2111 2639 3712 2716">
     <span class='ocr_line' id='line_1_72' title="bbox 2111 2639 3712 2716; baseline 0.001 -23"><span class='ocrx_word' id='word_1_423' title='bbox 2111 2639 2268 2706; x_wconf 78' lang='grc' dir='ltr'><strong>λέων,</strong></span> <span class='ocrx_word' id='word_1_424' title='bbox 2309 2651 2416 2699; x_wconf 84' lang='lat' dir='ltr'><strong>etc.</strong></span> <span class='ocrx_word' id='word_1_425' title='bbox 2467 2642 2535 2699; x_wconf 90' lang='lat' dir='ltr'><strong>Et</strong></span> <span class='ocrx_word' id='word_1_426' title='bbox 2580 2644 2699 2700; x_wconf 68' lang='lat' dir='ltr'><strong>haec</strong></span> <span class='ocrx_word' id='word_1_427' title='bbox 2747 2659 2968 2716; x_wconf 88' lang='lat' dir='ltr'><strong>quoque</strong></span> <span class='ocrx_word' id='word_1_428' title='bbox 3017 2643 3236 2715; x_wconf 88' lang='lat' dir='ltr'><strong>phrasis</strong></span> <span class='ocrx_word' id='word_1_429' title='bbox 3288 2640 3712 2698; x_wconf 88' lang='lat' dir='ltr'><strong>Theodoretum</strong></span> 
     </span>
    </p>
   </div>
   <div class='ocr_carea' id='block_1_73' title="bbox 2111 2730 2317 2800">
    <p class='ocr_par' dir='ltr' id='par_1_73' title="bbox 2111 2730 2317 2800">
     <span class='ocr_line' id='line_1_73' title="bbox 2111 2730 2317 2800; baseline 0.019 -18"><span class='ocrx_word' id='word_1_430' title='bbox 2111 2730 2317 2800; x_wconf 89' lang='lat' dir='ltr'><strong>prodit.</strong></span> 
     </span>
    </p>
   </div>
   <div class='ocr_carea' id='block_1_74' title="bbox 2113 2842 3714 2915">
    <p class='ocr_par' dir='ltr' id='par_1_74' title="bbox 2113 2842 3714 2915">
     <span class='ocr_line' id='line_1_74' title="bbox 2113 2842 3714 2915; baseline 0.002 -18"><span class='ocrx_word' id='word_1_431' title='bbox 2113 2842 2355 2915; x_wconf 79' lang='lat' dir='ltr'><strong>Epistola</strong></span> <span class='ocrx_word' id='word_1_432' title='bbox 2384 2845 2509 2914; x_wconf 69' lang='lat'><strong>155,</strong></span> <span class='ocrx_word' id='word_1_433' title='bbox 2528 2846 2754 2902; x_wconf 79' lang='lat' dir='ltr'><strong>Joannis</strong></span> <span class='ocrx_word' id='word_1_434' title='bbox 2777 2846 3085 2903; x_wconf 80' lang='lat' dir='ltr'><strong>Antiocheni</strong></span> <span class='ocrx_word' id='word_1_435' title='bbox 3113 2846 3184 2902; x_wconf 89' lang='lat' dir='ltr'><strong>ad</strong></span> <span class='ocrx_word' id='word_1_436' title='bbox 3206 2845 3408 2901; x_wconf 82' lang='lat' dir='ltr'><strong>clerum</strong></span> <span class='ocrx_word' id='word_1_437' title='bbox 3436 2843 3714 2902; x_wconf 78' lang='lat' dir='ltr'><strong>Constan—</strong></span> 
     </span>
    </p>
   </div>
   <div class='ocr_carea' id='block_1_75' title="bbox 2681 2917 3115 2989">
    <p class='ocr_par' dir='ltr' id='par_1_75' title="bbox 2681 2917 3115 2989">
     <span class='ocr_line' id='line_1_75' title="bbox 2681 2917 3115 2989; baseline -0.002 -16"><span class='ocrx_word' id='word_1_438' title='bbox 2681 2917 3115 2989; x_wconf 82' lang='lat' dir='ltr'><strong>tinopolitanum.</strong></span> 
     </span>
    </p>
   </div>
   <div class='ocr_carea' id='block_1_76' title="bbox 2194 3026 3714 3098">
    <p class='ocr_par' dir='ltr' id='par_1_76' title="bbox 2194 3026 3714 3098">
     <span class='ocr_line' id='line_1_76' title="bbox 2194 3026 3714 3098; baseline -0.001 -13"><span class='ocrx_word' id='word_1_439' title='bbox 2194 3031 2420 3087; x_wconf 78' lang='lat' dir='ltr'><strong>Aranea:</strong></span> <span class='ocrx_word' id='word_1_440' title='bbox 2451 3029 2612 3086; x_wconf 81' lang='lat' dir='ltr'><strong>telam</strong></span> <span class='ocrx_word' id='word_1_441' title='bbox 2641 3046 2773 3098; x_wconf 78' lang='lat' dir='ltr'><strong>esse,</strong></span> <span class='ocrx_word' id='word_1_442' title='bbox 2800 3037 2909 3086; x_wconf 90' lang='lat' dir='ltr'><strong>etc.</strong></span> <span class='ocrx_word' id='word_1_443' title='bbox 2937 3029 3063 3086; x_wconf 66' lang='lat' dir='ltr'><strong>Haec</strong></span> <span class='ocrx_word' id='word_1_444' title='bbox 3093 3028 3263 3087; x_wconf 91' lang='lat' dir='ltr'><strong>dictio</strong></span> <span class='ocrx_word' id='word_1_445' title='bbox 3292 3026 3714 3086; x_wconf 84' lang='lat' dir='ltr'><strong>Theodoretum</strong></span> 
     </span>
    </p>
   </div>
   <div class='ocr_carea' id='block_1_77' title="bbox 2245 3123 2654 3180">
    <p class='ocr_par' dir='ltr' id='par_1_77' title="bbox 2245 3123 2654 3180">
     <span class='ocr_line' id='line_1_77' title="bbox 2245 3123 2654 3180; baseline -0.007 0"><span class='ocrx_word' id='word_1_446' title='bbox 2245 3141 2398 3180; x_wconf 90' lang='lat' dir='ltr'><strong>orem</strong></span> <span class='ocrx_word' id='word_1_447' title='bbox 2427 3123 2654 3179; x_wconf 89' lang='lat' dir='ltr'><strong>indicat.</strong></span> 
     </span>
    </p>
   </div>
   <div class='ocr_carea' id='block_1_78' title="bbox 2187 3212 3713 3285">
    <p class='ocr_par' dir='ltr' id='par_1_78' title="bbox 2187 3212 3713 3285">
     <span class='ocr_line' id='line_1_78' title="bbox 2187 3212 3713 3285; baseline -0.003 -13"><span class='ocrx_word' id='word_1_448' title='bbox 2187 3216 2480 3280; x_wconf 72' lang='lat' dir='ltr'><strong>Iudicibus,</strong></span> <span class='ocrx_word' id='word_1_449' title='bbox 2505 3223 2615 3270; x_wconf 90' lang='lat' dir='ltr'><strong>etc.</strong></span> <span class='ocrx_word' id='word_1_450' title='bbox 2643 3212 2770 3269; x_wconf 79' lang='lat' dir='ltr'><strong>Haec</strong></span> <span class='ocrx_word' id='word_1_451' title='bbox 2807 3213 2975 3285; x_wconf 85' lang='lat' dir='ltr'><strong>igitur</strong></span> <span class='ocrx_word' id='word_1_452' title='bbox 2998 3212 3231 3284; x_wconf 90' lang='lat' dir='ltr'><strong>epistola</strong></span> <span class='ocrx_word' id='word_1_453' title='bbox 3256 3212 3453 3268; x_wconf 89' lang='lat' dir='ltr'><strong>ordine</strong></span> <span class='ocrx_word' id='word_1_454' title='bbox 3482 3220 3713 3283; x_wconf 80' lang='lat' dir='ltr'><strong>pertur-</strong></span> 
     </span>
    </p>
   </div>
   <div class='ocr_carea' id='block_1_79' title="bbox 2114 3302 3714 3375">
    <p class='ocr_par' dir='ltr' id='par_1_79' title="bbox 2114 3302 3714 3375">
     <span class='ocr_line' id='line_1_79' title="bbox 2114 3302 3714 3375; baseline -0.002 -12"><span class='ocrx_word' id='word_1_455' title='bbox 2114 3308 2244 3363; x_wconf 88' lang='lat' dir='ltr'><strong>bato</strong></span> <span class='ocrx_word' id='word_1_456' title='bbox 2271 3306 2327 3360; x_wconf 93' lang='lat' dir='ltr'><strong>in</strong></span> <span class='ocrx_word' id='word_1_457' title='bbox 2351 3305 2604 3361; x_wconf 89' lang='lat' dir='ltr'><strong>conciliis</strong></span> <span class='ocrx_word' id='word_1_458' title='bbox 2626 3303 2981 3375; x_wconf 82' lang='lat' dir='ltr'><strong>generalibus</strong></span> <span class='ocrx_word' id='word_1_459' title='bbox 3007 3302 3312 3358; x_wconf 91' lang='lat' dir='ltr'><strong>collocatur</strong></span> <span class='ocrx_word' id='word_1_460' title='bbox 3338 3311 3466 3358; x_wconf 86' lang='lat' dir='ltr'><strong>ante</strong></span> <span class='ocrx_word' id='word_1_461' title='bbox 3493 3304 3714 3375; x_wconf 84' lang='lat' dir='ltr'><strong>episto-</strong></span> 
     </span>
    </p>
   </div>
   <div class='ocr_carea' id='block_1_80' title="bbox 2111 3399 2634 3457">
    <p class='ocr_par' dir='ltr' id='par_1_80' title="bbox 2111 3399 2634 3457">
     <span class='ocr_line' id='line_1_80' title="bbox 2111 3399 2634 3457; baseline -0.01 -1"><span class='ocrx_word' id='word_1_462' title='bbox 2111 3401 2224 3457; x_wconf 89' lang='lat' dir='ltr'><strong>lam</strong></span> <span class='ocrx_word' id='word_1_463' title='bbox 2259 3399 2325 3456; x_wconf 90' lang='lat' dir='ltr'><strong>ad</strong></span> <span class='ocrx_word' id='word_1_464' title='bbox 2362 3406 2634 3455; x_wconf 88' lang='lat' dir='ltr'><strong>senatum.</strong></span> 
     </span>
    </p>
   </div>
   <div class='ocr_carea' id='block_1_81' title="bbox 2123 3506 3716 3583">
    <p class='ocr_par' dir='ltr' id='par_1_81' title="bbox 2123 3506 3716 3583">
     <span class='ocr_line' id='line_1_81' title="bbox 2123 3506 3716 3583; baseline -0.008 -18"><span class='ocrx_word' id='word_1_465' title='bbox 2123 3508 2359 3583; x_wconf 63' lang='lat' dir='ltr'><strong>Epistula</strong></span> <span class='ocrx_word' id='word_1_466' title='bbox 2398 3509 2521 3570; x_wconf 75' lang='grc'><strong>156,</strong></span> <span class='ocrx_word' id='word_1_467' title='bbox 2539 3508 2775 3583; x_wconf 58' lang='lat' dir='ltr'><strong>Joannis</strong></span> <span class='ocrx_word' id='word_1_468' title='bbox 2803 3506 3114 3583; x_wconf 53' lang='lat' dir='ltr'><strong>Anfiocheni</strong></span> <span class='ocrx_word' id='word_1_469' title='bbox 3133 3506 3481 3583; x_wconf 66' lang='lat' dir='ltr'><strong>aliorumque</strong></span> <span class='ocrx_word' id='word_1_470' title='bbox 3510 3510 3716 3582; x_wconf 70' lang='grc' dir='ltr'><strong>ιρίεεο-</strong></span> 
     </span>
    </p>
   </div>
   <div class='ocr_carea' id='block_1_82' title="bbox 2258 3576 3520 3652">
    <p class='ocr_par' dir='ltr' id='par_1_82' title="bbox 2258 3576 3520 3652">
     <span class='ocr_line' id='line_1_82' title="bbox 2258 3576 3520 3652; baseline 0 -17"><span class='ocrx_word' id='word_1_471' title='bbox 2258 3597 2446 3652; x_wconf 87' lang='lat' dir='ltr'><strong>parum</strong></span> <span class='ocrx_word' id='word_1_472' title='bbox 2479 3579 2549 3635; x_wconf 89' lang='lat' dir='ltr'><strong>ad</strong></span> <span class='ocrx_word' id='word_1_473' title='bbox 2581 3577 2835 3651; x_wconf 77' lang='lat' dir='ltr'><strong>populum</strong></span> <span class='ocrx_word' id='word_1_474' title='bbox 2866 3576 3520 3649; x_wconf 78' lang='lat' dir='ltr'><strong>Constantinopolitanum</strong></span> 
     </span>
    </p>
   </div>
   <div class='ocr_carea' id='block_1_83' title="bbox 2197 3687 3712 3761">
    <p class='ocr_par' dir='ltr' id='par_1_83' title="bbox 2197 3687 3712 3761">
     <span class='ocr_line' id='line_1_83' title="bbox 2197 3687 3712 3761; baseline 0.003 -18"><span class='ocrx_word' id='word_1_475' title='bbox 2197 3688 2599 3761; x_wconf 84' lang='lat' dir='ltr'><strong>Quinquaginta</strong></span> <span class='ocrx_word' id='word_1_476' title='bbox 2647 3689 2914 3760; x_wconf 77' lang='lat' dir='ltr'><strong>episcopos</strong></span> <span class='ocrx_word' id='word_1_477' title='bbox 2952 3687 3251 3761; x_wconf 72' lang='lat' dir='ltr'><strong>Ai&#39;gyptios,</strong></span> <span class='ocrx_word' id='word_1_478' title='bbox 3290 3698 3397 3746; x_wconf 87' lang='lat' dir='ltr'><strong>etc.</strong></span> <span class='ocrx_word' id='word_1_479' title='bbox 3439 3690 3542 3757; x_wconf 85' lang='lat' dir='ltr'><strong>Qui</strong></span> <span class='ocrx_word' id='word_1_480' title='bbox 3587 3691 3712 3748; x_wconf 84' lang='lat' dir='ltr'><strong>fue-</strong></span> 
     </span>
    </p>
   </div>
   <div class='ocr_carea' id='block_1_84' title="bbox 2114 3780 3714 3855">
    <p class='ocr_par' dir='ltr' id='par_1_84' title="bbox 2114 3780 3714 3855">
     <span class='ocr_line' id='line_1_84' title="bbox 2114 3780 3714 3855; baseline 0.002 -17"><span class='ocrx_word' id='word_1_481' title='bbox 2114 3782 2247 3848; x_wconf 90' lang='lat' dir='ltr'><strong>rint,</strong></span> <span class='ocrx_word' id='word_1_482' title='bbox 2268 3790 2325 3839; x_wconf 91' lang='lat' dir='ltr'><strong>et</strong></span> <span class='ocrx_word' id='word_1_483' title='bbox 2346 3783 2504 3853; x_wconf 84' lang='lat' dir='ltr'><strong>cujus</strong></span> <span class='ocrx_word' id='word_1_484' title='bbox 2534 3783 2795 3849; x_wconf 89' lang='lat' dir='ltr'><strong>civitatis,</strong></span> <span class='ocrx_word' id='word_1_485' title='bbox 2822 3781 2937 3837; x_wconf 87' lang='lat' dir='ltr'><strong>sive</strong></span> <span class='ocrx_word' id='word_1_486' title='bbox 2963 3797 3103 3852; x_wconf 88' lang='lat' dir='ltr'><strong>quos</strong></span> <span class='ocrx_word' id='word_1_487' title='bbox 3125 3780 3364 3854; x_wconf 89' lang='lat' dir='ltr'><strong>Cyrillus</strong></span> <span class='ocrx_word' id='word_1_488' title='bbox 3384 3799 3451 3839; x_wconf 85' lang='lat' dir='ltr'><strong>ex</strong></span> <span class='ocrx_word' id='word_1_489' title='bbox 3469 3781 3714 3855; x_wconf 64' lang='lat' dir='ltr'><strong>Egypto</strong></span> 
     </span>
    </p>
   </div>
   <div class='ocr_carea' id='block_1_85' title="bbox 2114 3873 3709 3946">
    <p class='ocr_par' dir='ltr' id='par_1_85' title="bbox 2114 3873 3709 3946">
     <span class='ocr_line' id='line_1_85' title="bbox 2114 3873 3709 3946; baseline 0 -15"><span class='ocrx_word' id='word_1_490' title='bbox 2114 3875 2402 3940; x_wconf 81' lang='lat' dir='ltr'><strong>eduxerat,</strong></span> <span class='ocrx_word' id='word_1_491' title='bbox 2448 3875 2565 3932; x_wconf 92' lang='lat' dir='ltr'><strong>sive</strong></span> <span class='ocrx_word' id='word_1_492' title='bbox 2611 3891 2751 3946; x_wconf 89' lang='lat' dir='ltr'><strong>quos</strong></span> <span class='ocrx_word' id='word_1_493' title='bbox 2789 3890 2859 3931; x_wconf 76' lang='lat' dir='ltr'><strong>ex</strong></span> <span class='ocrx_word' id='word_1_494' title='bbox 2890 3873 3020 3929; x_wconf 87' lang='lat' dir='ltr'><strong>Asia</strong></span> <span class='ocrx_word' id='word_1_495' title='bbox 3062 3873 3316 3929; x_wconf 74' lang='lat' dir='ltr'><strong>Memnon</strong></span> <span class='ocrx_word' id='word_1_496' title='bbox 3353 3886 3709 3945; x_wconf 84' lang='lat' dir='ltr'><strong>evocaverat,</strong></span> 
     </span>
    </p>
   </div>
   <div class='ocr_carea' id='block_1_86' title="bbox 2112 3965 3711 4039">
    <p class='ocr_par' dir='ltr' id='par_1_86' title="bbox 2112 3965 3711 4039">
     <span class='ocr_line' id='line_1_86' title="bbox 2112 3965 3711 4039; baseline 0.001 -18"><span class='ocrx_word' id='word_1_497' title='bbox 2112 3965 2275 4022; x_wconf 90' lang='lat' dir='ltr'><strong>facile</strong></span> <span class='ocrx_word' id='word_1_498' title='bbox 2313 3967 2656 4039; x_wconf 84' lang='lat' dir='ltr'><strong>dignoscitur</strong></span> <span class='ocrx_word' id='word_1_499' title='bbox 2693 3981 2762 4021; x_wconf 82' lang='lat' dir='ltr'><strong>ex</strong></span> <span class='ocrx_word' id='word_1_500' title='bbox 2804 3967 3128 4021; x_wconf 91' lang='lat' dir='ltr'><strong>recensione</strong></span> <span class='ocrx_word' id='word_1_501' title='bbox 3164 3966 3574 4037; x_wconf 86' lang='lat' dir='ltr'><strong>episcoporum,</strong></span> <span class='ocrx_word' id='word_1_502' title='bbox 3613 3969 3711 4038; x_wconf 83' lang='lat' dir='ltr'><strong>qui</strong></span> 
     </span>
    </p>
   </div>
   <div class='ocr_carea' id='block_1_87' title="bbox 2114 4057 3709 4129">
    <p class='ocr_par' dir='ltr' id='par_1_87' title="bbox 2114 4057 3709 4129">
     <span class='ocr_line' id='line_1_87' title="bbox 2114 4057 3709 4129; baseline 0.002 -17"><span class='ocrx_word' id='word_1_503' title='bbox 2114 4059 2307 4129; x_wconf 69' lang='lat' dir='ltr'><strong>primre</strong></span> <span class='ocrx_word' id='word_1_504' title='bbox 2341 4058 2544 4114; x_wconf 88' lang='lat' dir='ltr'><strong>actioni</strong></span> <span class='ocrx_word' id='word_1_505' title='bbox 2573 4058 2659 4114; x_wconf 89' lang='lat' dir='ltr'><strong>vel</strong></span> <span class='ocrx_word' id='word_1_506' title='bbox 2696 4057 3088 4124; x_wconf 88' lang='lat' dir='ltr'><strong>interfuerunt,</strong></span> <span class='ocrx_word' id='word_1_507' title='bbox 3116 4058 3201 4113; x_wconf 90' lang='lat' dir='ltr'><strong>vel</strong></span> <span class='ocrx_word' id='word_1_508' title='bbox 3230 4057 3709 4128; x_wconf 85' lang='lat' dir='ltr'><strong>subscripserunt.</strong></span> 
     </span>
    </p>
   </div>
   <div class='ocr_carea' id='block_1_88' title="bbox 2115 4149 3713 4224">
    <p class='ocr_par' dir='ltr' id='par_1_88' title="bbox 2115 4149 3713 4224">
     <span class='ocr_line' id='line_1_88' title="bbox 2115 4149 3713 4224; baseline -0.001 -18"><span class='ocrx_word' id='word_1_509' title='bbox 2115 4150 2220 4207; x_wconf 90' lang='lat' dir='ltr'><strong>Ubi</strong></span> <span class='ocrx_word' id='word_1_510' title='bbox 2245 4150 2643 4214; x_wconf 89' lang='lat' dir='ltr'><strong>animadverte,</strong></span> <span class='ocrx_word' id='word_1_511' title='bbox 2667 4149 2812 4204; x_wconf 83' lang='lat' dir='ltr'><strong>inter</strong></span> <span class='ocrx_word' id='word_1_512' title='bbox 2834 4149 3215 4220; x_wconf 86' lang='lat' dir='ltr'><strong>metropolitas</strong></span> <span class='ocrx_word' id='word_1_513' title='bbox 3237 4150 3517 4205; x_wconf 90' lang='lat' dir='ltr'><strong>neminem</strong></span> <span class='ocrx_word' id='word_1_514' title='bbox 3542 4149 3713 4224; x_wconf 64' lang='lat' dir='ltr'><strong>.‘Egy-</strong></span> 
     </span>
    </p>
   </div>
   <div class='ocr_carea' id='block_1_89' title="bbox 2116 4242 3715 4313">
    <p class='ocr_par' dir='ltr' id='par_1_89' title="bbox 2116 4242 3715 4313">
     <span class='ocr_line' id='line_1_89' title="bbox 2116 4242 3715 4313; baseline 0.004 -17"><span class='ocrx_word' id='word_1_515' title='bbox 2116 4243 2296 4313; x_wconf 90' lang='lat' dir='ltr'><strong>ptium</strong></span> <span class='ocrx_word' id='word_1_516' title='bbox 2335 4242 2573 4298; x_wconf 89' lang='lat' dir='ltr'><strong>censeri.</strong></span> <span class='ocrx_word' id='word_1_517' title='bbox 2607 4242 2764 4309; x_wconf 85' lang='lat' dir='ltr'><strong>Quod</strong></span> <span class='ocrx_word' id='word_1_518' title='bbox 2809 4249 3138 4313; x_wconf 86' lang='lat' dir='ltr'><strong>argumento</strong></span> <span class='ocrx_word' id='word_1_519' title='bbox 3180 4249 3286 4308; x_wconf 88' lang='lat' dir='ltr'><strong>est,</strong></span> <span class='ocrx_word' id='word_1_520' title='bbox 3320 4244 3532 4299; x_wconf 84' lang='lat' dir='ltr'><strong>nullum</strong></span> <span class='ocrx_word' id='word_1_521' title='bbox 3575 4254 3715 4302; x_wconf 86' lang='lat' dir='ltr'><strong>tunc</strong></span> 
     </span>
    </p>
   </div>
   <div class='ocr_carea' id='block_1_90' title="bbox 2116 4333 3714 4407">
    <p class='ocr_par' dir='ltr' id='par_1_90' title="bbox 2116 4333 3714 4407">
     <span class='ocr_line' id='line_1_90' title="bbox 2116 4333 3714 4407; baseline 0.001 -18"><span class='ocrx_word' id='word_1_522' title='bbox 2116 4335 2383 4405; x_wconf 88' lang='lat' dir='ltr'><strong>temporis</strong></span> <span class='ocrx_word' id='word_1_523' title='bbox 2422 4335 2477 4389; x_wconf 92' lang='lat' dir='ltr'><strong>in</strong></span> <span class='ocrx_word' id='word_1_524' title='bbox 2509 4333 2742 4407; x_wconf 69' lang='lat' dir='ltr'><strong>Egypto</strong></span> <span class='ocrx_word' id='word_1_525' title='bbox 2781 4334 3269 4404; x_wconf 87' lang='lat' dir='ltr'><strong>metropolitanum</strong></span> <span class='ocrx_word' id='word_1_526' title='bbox 3306 4334 3476 4390; x_wconf 88' lang='lat' dir='ltr'><strong>fuisse</strong></span> <span class='ocrx_word' id='word_1_527' title='bbox 3506 4344 3714 4405; x_wconf 54' lang='lat' dir='ltr'><strong>praeter</strong></span> 
     </span>
    </p>
   </div>
   <div class='ocr_carea' id='block_1_91' title="bbox 428 4425 2621 4505">
    <p class='ocr_par' dir='ltr' id='par_1_91' title="bbox 428 4425 2621 4505">
     <span class='ocr_line' id='line_1_91' title="bbox 428 4425 2621 4505; baseline 0.001 -14"><span class='ocrx_word' id='word_1_528' title='bbox 428 4445 582 4491; x_wconf 85' lang='lat' dir='ltr'><strong>certe</strong></span> <span class='ocrx_word' id='word_1_529' title='bbox 613 4435 867 4493; x_wconf 87' lang='lat' dir='ltr'><strong>futilibus</strong></span> <span class='ocrx_word' id='word_1_530' title='bbox 895 4438 1204 4495; x_wconf 88' lang='lat' dir='ltr'><strong>rationibus</strong></span> <span class='ocrx_word' id='word_1_531' title='bbox 1228 4440 1312 4495; x_wconf 91' lang='lat' dir='ltr'><strong>usi</strong></span> <span class='ocrx_word' id='word_1_532' title='bbox 1341 4450 1492 4497; x_wconf 85' lang='lat' dir='ltr'><strong>sunt.</strong></span> <span class='ocrx_word' id='word_1_533' title='bbox 1517 4440 1654 4497; x_wconf 88' lang='lat' dir='ltr'><strong>Vide</strong></span> <span class='ocrx_word' id='word_1_534' title='bbox 1679 4442 1806 4498; x_wconf 70' lang='lat' dir='ltr'><strong>vita:</strong></span> <span class='ocrx_word' id='word_1_535' title='bbox 1835 4441 2015 4497; x_wconf 78' lang='lat' dir='ltr'><strong>Theo-</strong></span> <span class='ocrx_word' id='word_1_536' title='bbox 2047 4449 2088 4505; x_wconf 79' lang='grc' dir='ltr'><strong>ι)</strong></span> <span class='ocrx_word' id='word_1_537' title='bbox 2119 4426 2547 4482; x_wconf 66' lang='lat' dir='ltr'><strong>Alexandrinum</strong></span> <span class='ocrx_word' id='word_1_538' title='bbox 2578 4425 2621 4479; x_wconf 77' lang='grc' dir='ltr'><strong>³ο</strong></span> 
     </span>
    </p>
   </div>
   <div class='ocr_carea' id='block_1_92' title="bbox 430 4527 2016 4605">
    <p class='ocr_par' dir='ltr' id='par_1_92' title="bbox 430 4527 2016 4605">
     <span class='ocr_line' id='line_1_92' title="bbox 430 4527 2016 4605; baseline 0.005 -25"><span class='ocrx_word' id='word_1_539' title='bbox 430 4527 608 4581; x_wconf 89' lang='lat' dir='ltr'><strong>doreti</strong></span> <span class='ocrx_word' id='word_1_540' title='bbox 651 4537 817 4599; x_wconf 90' lang='lat' dir='ltr'><strong>caput</strong></span> <span class='ocrx_word' id='word_1_541' title='bbox 855 4528 908 4584; x_wconf 83' lang='lat'><strong>5.</strong></span> <span class='ocrx_word' id='word_1_542' title='bbox 940 4528 1189 4584; x_wconf 85' lang='lat' dir='ltr'><strong>Fuerunt</strong></span> <span class='ocrx_word' id='word_1_543' title='bbox 1230 4538 1434 4593; x_wconf 83' lang='lat' dir='ltr'><strong>tamen,</strong></span> <span class='ocrx_word' id='word_1_544' title='bbox 1472 4531 1567 4601; x_wconf 91' lang='lat' dir='ltr'><strong>qui</strong></span> <span class='ocrx_word' id='word_1_545' title='bbox 1606 4546 1745 4601; x_wconf 90' lang='lat' dir='ltr'><strong>quos</strong></span> <span class='ocrx_word' id='word_1_546' title='bbox 1778 4531 2016 4605; x_wconf 83' lang='lat' dir='ltr'><strong>Cyrillus</strong></span> 
     </span>
    </p>
   </div>
   <div class='ocr_carea' id='block_1_93' title="bbox 431 4619 2015 4695">
    <p class='ocr_par' dir='ltr' id='par_1_93' title="bbox 431 4619 2015 4695">
     <span class='ocr_line' id='line_1_93' title="bbox 431 4619 2015 4695; baseline 0.005 -22"><span class='ocrx_word' id='word_1_547' title='bbox 431 4619 693 4684; x_wconf 88' lang='lat' dir='ltr'><strong>convicit,</strong></span> <span class='ocrx_word' id='word_1_548' title='bbox 719 4619 975 4675; x_wconf 88' lang='lat' dir='ltr'><strong>defensos</strong></span> <span class='ocrx_word' id='word_1_549' title='bbox 997 4620 1220 4676; x_wconf 86' lang='lat' dir='ltr'><strong>vellent.</strong></span> <span class='ocrx_word' id='word_1_550' title='bbox 1246 4621 1451 4677; x_wconf 82' lang='lat' dir='ltr'><strong>Verum</strong></span> <span class='ocrx_word' id='word_1_551' title='bbox 1480 4622 1533 4675; x_wconf 92' lang='lat' dir='ltr'><strong>in</strong></span> <span class='ocrx_word' id='word_1_552' title='bbox 1562 4623 1668 4678; x_wconf 91' lang='lat' dir='ltr'><strong>hoc</strong></span> <span class='ocrx_word' id='word_1_553' title='bbox 1690 4633 2015 4695; x_wconf 90' lang='lat' dir='ltr'><strong>argumento</strong></span> 
     </span>
    </p>
   </div>
   <div class='ocr_carea' id='block_1_94' title="bbox 433 4708 2013 4786">
    <p class='ocr_par' dir='ltr' id='par_1_94' title="bbox 433 4708 2013 4786">
     <span class='ocr_line' id='line_1_94' title="bbox 433 4708 2013 4786; baseline 0.006 -23"><span class='ocrx_word' id='word_1_554' title='bbox 433 4708 727 4765; x_wconf 84' lang='lat' dir='ltr'><strong>infeliciter</strong></span> <span class='ocrx_word' id='word_1_555' title='bbox 760 4712 833 4766; x_wconf 87' lang='lat' dir='ltr'><strong>ita</strong></span> <span class='ocrx_word' id='word_1_556' title='bbox 861 4714 1064 4768; x_wconf 86' lang='lat' dir='ltr'><strong>versati</strong></span> <span class='ocrx_word' id='word_1_557' title='bbox 1088 4723 1239 4779; x_wconf 92' lang='lat' dir='ltr'><strong>sunt,</strong></span> <span class='ocrx_word' id='word_1_558' title='bbox 1270 4722 1333 4768; x_wconf 89' lang='lat' dir='ltr'><strong>ut</strong></span> <span class='ocrx_word' id='word_1_559' title='bbox 1365 4722 1567 4784; x_wconf 74' lang='lat' dir='ltr'><strong>praeter</strong></span> <span class='ocrx_word' id='word_1_560' title='bbox 1593 4714 1735 4770; x_wconf 86' lang='lat' dir='ltr'><strong>facta</strong></span> <span class='ocrx_word' id='word_1_561' title='bbox 1764 4716 2013 4786; x_wconf 85' lang='lat' dir='ltr'><strong>quaedam</strong></span> 
     </span>
    </p>
   </div>
   <div class='ocr_carea' id='block_1_95' title="bbox 432 4802 1904 4873">
    <p class='ocr_par' dir='ltr' id='par_1_95' title="bbox 432 4802 1904 4873">
     <span class='ocr_line' id='line_1_95' title="bbox 432 4802 1904 4873; baseline 0.005 -18"><span class='ocrx_word' id='word_1_562' title='bbox 432 4802 736 4869; x_wconf 80' lang='lat' dir='ltr'><strong>supposita,</strong></span> <span class='ocrx_word' id='word_1_563' title='bbox 764 4812 818 4859; x_wconf 92' lang='lat' dir='ltr'><strong>et</strong></span> <span class='ocrx_word' id='word_1_564' title='bbox 847 4805 1037 4862; x_wconf 88' lang='lat' dir='ltr'><strong>vitiata</strong></span> <span class='ocrx_word' id='word_1_565' title='bbox 1063 4806 1400 4873; x_wconf 90' lang='lat' dir='ltr'><strong>testimonia,</strong></span> <span class='ocrx_word' id='word_1_566' title='bbox 1425 4806 1564 4861; x_wconf 86' lang='lat' dir='ltr'><strong>nihil</strong></span> <span class='ocrx_word' id='word_1_567' title='bbox 1595 4808 1904 4863; x_wconf 88' lang='lat' dir='ltr'><strong>attulerint.</strong></span> 
     </span>
    </p>
   </div>
   <div class='ocr_carea' id='block_1_96' title="bbox 540 4931 1902 5010">
    <p class='ocr_par' dir='ltr' id='par_1_96' title="bbox 540 4931 1902 5010">
     <span class='ocr_line' id='line_1_96' title="bbox 540 4931 1902 5010; baseline 0.006 -25"><span class='ocrx_word' id='word_1_568' title='bbox 540 4931 776 5002; x_wconf 80' lang='lat' dir='ltr'><strong>Epistola</strong></span> <span class='ocrx_word' id='word_1_569' title='bbox 806 4935 926 5002; x_wconf 74' lang='grc'><strong>155,</strong></span> <span class='ocrx_word' id='word_1_570' title='bbox 950 4938 1157 4994; x_wconf 80' lang='lat' dir='ltr'><strong>Relatio</strong></span> <span class='ocrx_word' id='word_1_571' title='bbox 1186 4937 1537 4994; x_wconf 80' lang='lat' dir='ltr'><strong>Orientalium</strong></span> <span class='ocrx_word' id='word_1_572' title='bbox 1569 4937 1640 4993; x_wconf 83' lang='lat' dir='ltr'><strong>ad</strong></span> <span class='ocrx_word' id='word_1_573' title='bbox 1675 4939 1902 5010; x_wconf 77' lang='lat' dir='ltr'><strong>reginas.</strong></span> 
     </span>
    </p>
   </div>
   <div class='ocr_carea' id='block_1_97' title="bbox 509 5072 2014 5141">
    <p class='ocr_par' dir='ltr' id='par_1_97' title="bbox 509 5072 2014 5141">
     <span class='ocr_line' id='line_1_97' title="bbox 509 5072 2014 5141; baseline 0.002 -14"><span class='ocrx_word' id='word_1_574' title='bbox 509 5072 591 5127; x_wconf 80' lang='lat' dir='ltr'><strong>Ad</strong></span> <span class='ocrx_word' id='word_1_575' title='bbox 622 5075 852 5141; x_wconf 80' lang='lat' dir='ltr'><strong>reginas,</strong></span> <span class='ocrx_word' id='word_1_576' title='bbox 886 5074 1233 5130; x_wconf 89' lang='lat' dir='ltr'><strong>Puleheriam</strong></span> <span class='ocrx_word' id='word_1_577' title='bbox 1276 5085 1331 5131; x_wconf 88' lang='lat' dir='ltr'><strong>et</strong></span> <span class='ocrx_word' id='word_1_578' title='bbox 1371 5076 1704 5141; x_wconf 80' lang='lat' dir='ltr'><strong>Eudoxiam;</strong></span> <span class='ocrx_word' id='word_1_579' title='bbox 1748 5073 1844 5131; x_wconf 87' lang='lat' dir='ltr'><strong>sed</strong></span> <span class='ocrx_word' id='word_1_580' title='bbox 1886 5075 2014 5130; x_wconf 86' lang='lat' dir='ltr'><strong>Pul-</strong></span> 
     </span>
    </p>
   </div>
   <div class='ocr_carea' id='block_1_98' title="bbox 434 5162 1516 5234">
    <p class='ocr_par' dir='ltr' id='par_1_98' title="bbox 434 5162 1516 5234">
     <span class='ocr_line' id='line_1_98' title="bbox 434 5162 1516 5234; baseline 0.001 -15"><span class='ocrx_word' id='word_1_581' title='bbox 434 5162 678 5219; x_wconf 81' lang='lat' dir='ltr'><strong>chcriam</strong></span> <span class='ocrx_word' id='word_1_582' title='bbox 710 5163 965 5227; x_wconf 77' lang='lat' dir='ltr'><strong>maxime,</strong></span> <span class='ocrx_word' id='word_1_583' title='bbox 998 5179 1182 5218; x_wconf 89' lang='lat' dir='ltr'><strong>rerum</strong></span> <span class='ocrx_word' id='word_1_584' title='bbox 1215 5174 1516 5234; x_wconf 86' lang='lat' dir='ltr'><strong>potentem.</strong></span> 
     </span>
    </p>
   </div>
   <div class='ocr_carea' id='block_1_99' title="bbox 507 5254 2063 5325">
    <p class='ocr_par' dir='ltr' id='par_1_99' title="bbox 507 5254 2063 5325">
     <span class='ocr_line' id='line_1_99' title="bbox 507 5254 2063 5325; baseline -0.001 -16"><span class='ocrx_word' id='word_1_585' title='bbox 507 5254 731 5309; x_wconf 82' lang='lat' dir='ltr'><strong>Relatio.</strong></span> <span class='ocrx_word' id='word_1_586' title='bbox 766 5254 902 5309; x_wconf 92' lang='lat' dir='ltr'><strong>Cum</strong></span> <span class='ocrx_word' id='word_1_587' title='bbox 935 5255 1005 5309; x_wconf 89' lang='lat' dir='ltr'><strong>ab</strong></span> <span class='ocrx_word' id='word_1_588' title='bbox 1044 5254 1398 5311; x_wconf 91' lang='lat' dir='ltr'><strong>inferioribus</strong></span> <span class='ocrx_word' id='word_1_589' title='bbox 1423 5256 1489 5310; x_wconf 92' lang='lat' dir='ltr'><strong>ad</strong></span> <span class='ocrx_word' id='word_1_590' title='bbox 1518 5255 1795 5325; x_wconf 84' lang='lat' dir='ltr'><strong>principes</strong></span> <span class='ocrx_word' id='word_1_591' title='bbox 1816 5254 2016 5312; x_wconf 84' lang='lat' dir='ltr'><strong>scribi-</strong></span> <span class='ocrx_word' id='word_1_592' title='bbox 2051 5270 2063 5279; x_wconf 63' lang='grc' dir='ltr'>ι</span> 
     </span>
    </p>
   </div>
   <div class='ocr_carea' id='block_1_100' title="bbox 436 5346 2009 5418">
    <p class='ocr_par' dir='ltr' id='par_1_100' title="bbox 436 5346 2009 5418">
     <span class='ocr_line' id='line_1_100' title="bbox 436 5346 2009 5418; baseline 0 -16"><span class='ocrx_word' id='word_1_593' title='bbox 436 5354 527 5402; x_wconf 91' lang='lat' dir='ltr'><strong>tur</strong></span> <span class='ocrx_word' id='word_1_594' title='bbox 557 5348 624 5402; x_wconf 91' lang='lat' dir='ltr'><strong>de</strong></span> <span class='ocrx_word' id='word_1_595' title='bbox 650 5346 818 5418; x_wconf 86' lang='lat' dir='ltr'><strong>gestis</strong></span> <span class='ocrx_word' id='word_1_596' title='bbox 843 5346 1195 5417; x_wconf 87' lang='lat' dir='ltr'><strong>quibusdam,</strong></span> <span class='ocrx_word' id='word_1_597' title='bbox 1224 5346 1417 5402; x_wconf 88' lang='lat' dir='ltr'><strong>relatio</strong></span> <span class='ocrx_word' id='word_1_598' title='bbox 1445 5355 1529 5403; x_wconf 91' lang='lat' dir='ltr'><strong>est</strong></span> <span class='ocrx_word' id='word_1_599' title='bbox 1554 5364 1566 5400; x_wconf 93' lang='lat'>:</span> <span class='ocrx_word' id='word_1_600' title='bbox 1595 5362 1719 5401; x_wconf 90' lang='lat' dir='ltr'><strong>cum</strong></span> <span class='ocrx_word' id='word_1_601' title='bbox 1753 5351 1820 5403; x_wconf 86' lang='lat' dir='ltr'><strong>ad</strong></span> <span class='ocrx_word' id='word_1_602' title='bbox 1852 5347 2009 5411; x_wconf 87' lang='lat' dir='ltr'><strong>alios,</strong></span> 
     </span>
    </p>
   </div>
   <div class='ocr_carea' id='block_1_101' title="bbox 435 5437 2010 5511">
    <p class='ocr_par' dir='ltr' id='par_1_101' title="bbox 435 5437 2010 5511">
     <span class='ocr_line' id='line_1_101' title="bbox 435 5437 2010 5511; baseline -0.002 -16"><span class='ocrx_word' id='word_1_603' title='bbox 435 5440 686 5511; x_wconf 87' lang='lat' dir='ltr'><strong>epistola.</strong></span> <span class='ocrx_word' id='word_1_604' title='bbox 715 5438 823 5493; x_wconf 89' lang='lat' dir='ltr'><strong>Ista</strong></span> <span class='ocrx_word' id='word_1_605' title='bbox 860 5454 1024 5509; x_wconf 91' lang='lat' dir='ltr'><strong>porro</strong></span> <span class='ocrx_word' id='word_1_606' title='bbox 1059 5437 1251 5493; x_wconf 88' lang='lat' dir='ltr'><strong>relatio</strong></span> <span class='ocrx_word' id='word_1_607' title='bbox 1284 5438 1417 5508; x_wconf 90' lang='lat' dir='ltr'><strong>quin</strong></span> <span class='ocrx_word' id='word_1_608' title='bbox 1446 5437 1690 5509; x_wconf 87' lang='lat' dir='ltr'><strong>ejusdem</strong></span> <span class='ocrx_word' id='word_1_609' title='bbox 1718 5437 1789 5494; x_wconf 92' lang='lat' dir='ltr'><strong>sit</strong></span> <span class='ocrx_word' id='word_1_610' title='bbox 1817 5445 2010 5493; x_wconf 90' lang='lat' dir='ltr'><strong>aucto-</strong></span> 
     </span>
    </p>
   </div>
   <div class='ocr_carea' id='block_1_102' title="bbox 1745 5568 2083 5632">
    <p class='ocr_par' dir='ltr' id='par_1_102' title="bbox 1745 5568 2083 5632">
     <span class='ocr_line' id='line_1_102' title="bbox 1745 5568 2083 5632; baseline -0.003 -1"><span class='ocrx_word' id='word_1_611' title='bbox 1745 5568 2083 5632; x_wconf 63' lang='lat' dir='ltr'><strong>SCHULZII&#39;</strong></span> 
     </span>
    </p>
   </div>
   <div class='ocr_carea' id='block_1_103' title="bbox 2152 4539 3675 4613">
    <p class='ocr_par' dir='ltr' id='par_1_103' title="bbox 2152 4539 3675 4613">
     <span class='ocr_line' id='line_1_103' title="bbox 2152 4539 3675 4613; baseline 0.001 -16"><span class='ocrx_word' id='word_1_612' title='bbox 2152 4541 2397 4613; x_wconf 79' lang='lat' dir='ltr'><strong>Epistola</strong></span> <span class='ocrx_word' id='word_1_613' title='bbox 2437 4541 2559 4606; x_wconf 70' lang='grc'><strong>162,</strong></span> <span class='ocrx_word' id='word_1_614' title='bbox 2600 4557 2760 4613; x_wconf 89' lang='lat' dir='ltr'><strong>quam</strong></span> <span class='ocrx_word' id='word_1_615' title='bbox 2805 4539 3152 4613; x_wconf 57' lang='lat' dir='ltr'><strong>Iheodoretus</strong></span> <span class='ocrx_word' id='word_1_616' title='bbox 3184 4542 3405 4613; x_wconf 17' lang='lat' dir='ltr'><strong>Ascripsit</strong></span> <span class='ocrx_word' id='word_1_617' title='bbox 3442 4541 3675 4599; x_wconf 73' lang='lat' dir='ltr'><strong>Andretz</strong></span> 
     </span>
    </p>
   </div>
   <div class='ocr_carea' id='block_1_104' title="bbox 2806 4608 3221 4665">
    <p class='ocr_par' dir='ltr' id='par_1_104' title="bbox 2806 4608 3221 4665">
     <span class='ocr_line' id='line_1_104' title="bbox 2806 4608 3221 4665; baseline 0 0"><span class='ocrx_word' id='word_1_618' title='bbox 2806 4608 3155 4665; x_wconf 74' lang='lat' dir='ltr'><strong>Samosateno</strong></span> <span class='ocrx_word' id='word_1_619' title='bbox 3180 4611 3221 4665; x_wconf 70' lang='grc'><strong>⁸.</strong></span> 
     </span>
    </p>
   </div>
   <div class='ocr_carea' id='block_1_105' title="bbox 2190 4700 3709 4772">
    <p class='ocr_par' dir='ltr' id='par_1_105' title="bbox 2190 4700 3709 4772">
     <span class='ocr_line' id='line_1_105' title="bbox 2190 4700 3709 4772; baseline 0 -14"><span class='ocrx_word' id='word_1_620' title='bbox 2190 4702 2270 4758; x_wconf 84' lang='lat' dir='ltr'><strong>Ad</strong></span> <span class='ocrx_word' id='word_1_621' title='bbox 2290 4701 2582 4767; x_wconf 83' lang='lat' dir='ltr'><strong>Andream,</strong></span> <span class='ocrx_word' id='word_1_622' title='bbox 2611 4710 2720 4757; x_wconf 91' lang='lat' dir='ltr'><strong>etc.</strong></span> <span class='ocrx_word' id='word_1_623' title='bbox 2750 4701 2801 4758; x_wconf 91' lang='lat' dir='ltr'><strong>ls</strong></span> <span class='ocrx_word' id='word_1_624' title='bbox 2824 4708 2927 4767; x_wconf 87' lang='lat' dir='ltr'><strong>est,</strong></span> <span class='ocrx_word' id='word_1_625' title='bbox 2954 4701 3051 4772; x_wconf 91' lang='lat' dir='ltr'><strong>qui</strong></span> <span class='ocrx_word' id='word_1_626' title='bbox 3077 4700 3440 4757; x_wconf 88' lang='lat' dir='ltr'><strong>Orientalium</strong></span> <span class='ocrx_word' id='word_1_627' title='bbox 3479 4701 3709 4759; x_wconf 86' lang='lat' dir='ltr'><strong>nomine</strong></span> 
     </span>
    </p>
   </div>
   <div class='ocr_carea' id='block_1_106' title="bbox 2116 4791 3710 4864">
    <p class='ocr_par' dir='ltr' id='par_1_106' title="bbox 2116 4791 3710 4864">
     <span class='ocr_line' id='line_1_106' title="bbox 2116 4791 3710 4864; baseline -0.001 -15"><span class='ocrx_word' id='word_1_628' title='bbox 2116 4792 2454 4864; x_wconf 88' lang='lat' dir='ltr'><strong>objectiones</strong></span> <span class='ocrx_word' id='word_1_629' title='bbox 2484 4792 2751 4849; x_wconf 86' lang='lat' dir='ltr'><strong>adversus</strong></span> <span class='ocrx_word' id='word_1_630' title='bbox 2771 4792 3061 4847; x_wconf 89' lang='lat' dir='ltr'><strong>duodecim</strong></span> <span class='ocrx_word' id='word_1_631' title='bbox 3094 4792 3332 4863; x_wconf 89' lang='lat' dir='ltr'><strong>capitula</strong></span> <span class='ocrx_word' id='word_1_632' title='bbox 3358 4791 3546 4864; x_wconf 77' lang='lat' dir='ltr'><strong>Cyrilli</strong></span> <span class='ocrx_word' id='word_1_633' title='bbox 3573 4808 3710 4848; x_wconf 92' lang='lat' dir='ltr'><strong>con-</strong></span> 
     </span>
    </p>
   </div>
   <div class='ocr_carea' id='block_1_107' title="bbox 2117 4883 3707 4955">
    <p class='ocr_par' dir='ltr' id='par_1_107' title="bbox 2117 4883 3707 4955">
     <span class='ocr_line' id='line_1_107' title="bbox 2117 4883 3707 4955; baseline 0.001 -16"><span class='ocrx_word' id='word_1_634' title='bbox 2117 4884 2379 4955; x_wconf 87' lang='lat' dir='ltr'><strong>scripsit:</strong></span> <span class='ocrx_word' id='word_1_635' title='bbox 2413 4884 2562 4955; x_wconf 91' lang='lat' dir='ltr'><strong>quod</strong></span> <span class='ocrx_word' id='word_1_636' title='bbox 2606 4883 2737 4939; x_wconf 91' lang='lat' dir='ltr'><strong>fecit</strong></span> <span class='ocrx_word' id='word_1_637' title='bbox 2776 4899 2886 4938; x_wconf 91' lang='lat' dir='ltr'><strong>non</strong></span> <span class='ocrx_word' id='word_1_638' title='bbox 2931 4883 3255 4939; x_wconf 83' lang='lat' dir='ltr'><strong>immodeste</strong></span> <span class='ocrx_word' id='word_1_639' title='bbox 3298 4885 3572 4954; x_wconf 90' lang='lat' dir='ltr'><strong>primum;</strong></span> <span class='ocrx_word' id='word_1_640' title='bbox 3609 4886 3707 4941; x_wconf 88' lang='lat' dir='ltr'><strong>sed</strong></span> 
     </span>
    </p>
   </div>
   <div class='ocr_carea' id='block_1_108' title="bbox 2117 4973 3706 5048">
    <p class='ocr_par' dir='ltr' id='par_1_108' title="bbox 2117 4973 3706 5048">
     <span class='ocr_line' id='line_1_108' title="bbox 2117 4973 3706 5048; baseline -0.001 -17"><span class='ocrx_word' id='word_1_641' title='bbox 2117 4985 2330 5048; x_wconf 88' lang='lat' dir='ltr'><strong>postea,</strong></span> <span class='ocrx_word' id='word_1_642' title='bbox 2374 4985 2436 5031; x_wconf 91' lang='lat' dir='ltr'><strong>ut</strong></span> <span class='ocrx_word' id='word_1_643' title='bbox 2475 4976 2886 5031; x_wconf 89' lang='lat' dir='ltr'><strong>Theodoretum</strong></span> <span class='ocrx_word' id='word_1_644' title='bbox 2933 4973 3254 5029; x_wconf 88' lang='lat' dir='ltr'><strong>defenderet</strong></span> <span class='ocrx_word' id='word_1_645' title='bbox 3290 4984 3478 5029; x_wconf 85' lang='lat' dir='ltr'><strong>contra</strong></span> <span class='ocrx_word' id='word_1_646' title='bbox 3513 4973 3706 5046; x_wconf 76' lang='lat' dir='ltr'><strong>Cyrilli</strong></span> 
     </span>
    </p>
   </div>
   <div class='ocr_carea' id='block_1_109' title="bbox 2117 5064 3707 5143">
    <p class='ocr_par' dir='ltr' id='par_1_109' title="bbox 2117 5064 3707 5143">
     <span class='ocr_line' id='line_1_109' title="bbox 2117 5064 3707 5143; baseline -0.003 -18"><span class='ocrx_word' id='word_1_647' title='bbox 2117 5085 2213 5125; x_wconf 88' lang='lat' dir='ltr'><strong>sua</strong></span> <span class='ocrx_word' id='word_1_648' title='bbox 2244 5069 2423 5143; x_wconf 81' lang='lat' dir='ltr'><strong>capita</strong></span> <span class='ocrx_word' id='word_1_649' title='bbox 2455 5067 2804 5122; x_wconf 90' lang='lat' dir='ltr'><strong>defendentis</strong></span> <span class='ocrx_word' id='word_1_650' title='bbox 2841 5065 3267 5127; x_wconf 88' lang='lat' dir='ltr'><strong>accusationem,</strong></span> <span class='ocrx_word' id='word_1_651' title='bbox 3294 5064 3557 5119; x_wconf 89' lang='lat' dir='ltr'><strong>iracunde</strong></span> <span class='ocrx_word' id='word_1_652' title='bbox 3587 5065 3707 5121; x_wconf 85' lang='lat' dir='ltr'><strong>edi-</strong></span> 
     </span>
    </p>
   </div>
   <div class='ocr_carea' id='block_1_110' title="bbox 2116 5155 3704 5227">
    <p class='ocr_par' dir='ltr' id='par_1_110' title="bbox 2116 5155 3704 5227">
     <span class='ocr_line' id='line_1_110' title="bbox 2116 5155 3704 5227; baseline -0.002 -14"><span class='ocrx_word' id='word_1_653' title='bbox 2116 5157 2450 5223; x_wconf 84' lang='lat' dir='ltr'><strong>ditlibrum,</strong></span> <span class='ocrx_word' id='word_1_654' title='bbox 2485 5157 2641 5227; x_wconf 87' lang='lat' dir='ltr'><strong>cujus</strong></span> <span class='ocrx_word' id='word_1_655' title='bbox 2678 5156 3041 5227; x_wconf 88' lang='lat' dir='ltr'><strong>fragmentum</strong></span> <span class='ocrx_word' id='word_1_656' title='bbox 3070 5155 3237 5209; x_wconf 86' lang='lat' dir='ltr'><strong>refert</strong></span> <span class='ocrx_word' id='word_1_657' title='bbox 3263 5155 3586 5210; x_wconf 80' lang='lat' dir='ltr'><strong>Anastasius</strong></span> <span class='ocrx_word' id='word_1_658' title='bbox 3615 5155 3704 5211; x_wconf 88' lang='lat' dir='ltr'><strong>Si-</strong></span> 
     </span>
    </p>
   </div>
   <div class='ocr_carea' id='block_1_111' title="bbox 2117 5246 3705 5319">
    <p class='ocr_par' dir='ltr' id='par_1_111' title="bbox 2117 5246 3705 5319">
     <span class='ocr_line' id='line_1_111' title="bbox 2117 5246 3705 5319; baseline -0.001 -15"><span class='ocrx_word' id='word_1_659' title='bbox 2117 5250 2268 5305; x_wconf 84' lang='lat' dir='ltr'><strong>naita</strong></span> <span class='ocrx_word' id='word_1_660' title='bbox 2307 5249 2365 5304; x_wconf 92' lang='lat' dir='ltr'><strong>in</strong></span> <span class='ocrx_word' id='word_1_661' title='bbox 2414 5249 2645 5319; x_wconf 87' lang='lat' dir='ltr'><strong>Hadego,</strong></span> <span class='ocrx_word' id='word_1_662' title='bbox 2681 5263 2802 5318; x_wconf 87' lang='lat' dir='ltr'><strong>cap.</strong></span> <span class='ocrx_word' id='word_1_663' title='bbox 2833 5246 2921 5302; x_wconf 75' lang='lat'><strong>22.</strong></span> <span class='ocrx_word' id='word_1_664' title='bbox 2954 5246 3093 5302; x_wconf 80' lang='lat' dir='ltr'><strong>Vide</strong></span> <span class='ocrx_word' id='word_1_665' title='bbox 3140 5262 3263 5316; x_wconf 82' lang='lat' dir='ltr'><strong>quae</strong></span> <span class='ocrx_word' id='word_1_666' title='bbox 3322 5246 3390 5301; x_wconf 90' lang='lat' dir='ltr'><strong>ad</strong></span> <span class='ocrx_word' id='word_1_667' title='bbox 3432 5247 3541 5301; x_wconf 87' lang='lat' dir='ltr'><strong>hoc</strong></span> <span class='ocrx_word' id='word_1_668' title='bbox 3589 5246 3705 5302; x_wconf 86' lang='lat' dir='ltr'><strong>fra-</strong></span> 
     </span>
    </p>
   </div>
   <div class='ocr_carea' id='block_1_112' title="bbox 2117 5337 3705 5413">
    <p class='ocr_par' dir='ltr' id='par_1_112' title="bbox 2117 5337 3705 5413">
     <span class='ocr_line' id='line_1_112' title="bbox 2117 5337 3705 5413; baseline -0.002 -17"><span class='ocrx_word' id='word_1_669' title='bbox 2117 5354 2398 5413; x_wconf 87' lang='lat' dir='ltr'><strong>gmentum</strong></span> <span class='ocrx_word' id='word_1_670' title='bbox 2429 5342 2812 5396; x_wconf 86' lang='lat' dir='ltr'><strong>annotavimus</strong></span> <span class='ocrx_word' id='word_1_671' title='bbox 2837 5340 2889 5393; x_wconf 92' lang='lat' dir='ltr'><strong>in</strong></span> <span class='ocrx_word' id='word_1_672' title='bbox 2921 5351 2987 5393; x_wconf 80' lang='lat' dir='ltr'><strong>ul|</strong></span> <span class='ocrx_word' id='word_1_673' title='bbox 3016 5349 3170 5409; x_wconf 87' lang='lat' dir='ltr'><strong>parte</strong></span> <span class='ocrx_word' id='word_1_674' title='bbox 3193 5337 3430 5409; x_wconf 86' lang='lat' dir='ltr'><strong>Operum</strong></span> <span class='ocrx_word' id='word_1_675' title='bbox 3465 5339 3536 5394; x_wconf 78' lang='grc' dir='ltr'><strong>Μ.</strong></span> <span class='ocrx_word' id='word_1_676' title='bbox 3564 5339 3705 5395; x_wconf 82' lang='lat' dir='ltr'><strong>Mer-</strong></span> 
     </span>
    </p>
   </div>
   <div class='ocr_carea' id='block_1_113' title="bbox 2119 5428 3308 5505">
    <p class='ocr_par' dir='ltr' id='par_1_113' title="bbox 2119 5428 3308 5505">
     <span class='ocr_line' id='line_1_113' title="bbox 2119 5428 3308 5505; baseline -0.008 -12"><span class='ocrx_word' id='word_1_677' title='bbox 2119 5437 2323 5493; x_wconf 87' lang='lat' dir='ltr'><strong>catoris</strong></span> <span class='ocrx_word' id='word_1_678' title='bbox 2352 5441 2474 5505; x_wconf 88' lang='lat' dir='ltr'><strong>post</strong></span> <span class='ocrx_word' id='word_1_679' title='bbox 2507 5431 2844 5503; x_wconf 88' lang='lat' dir='ltr'><strong>objectiones</strong></span> <span class='ocrx_word' id='word_1_680' title='bbox 2873 5428 3234 5485; x_wconf 89' lang='lat' dir='ltr'><strong>Orientalium</strong></span> <span class='ocrx_word' id='word_1_681' title='bbox 3266 5429 3308 5484; x_wconf 82' lang='grc'><strong>⁵.</strong></span> 
     </span>
    </p>
   </div>
   <div class='ocr_carea' id='block_1_114' title="bbox 2126 5573 2357 5632">
    <p class='ocr_par' dir='ltr' id='par_1_114' title="bbox 2126 5573 2357 5632">
     <span class='ocr_line' id='line_1_114' title="bbox 2126 5573 2357 5632; baseline -0.013 0"><span class='ocrx_word' id='word_1_682' title='bbox 2126 5573 2357 5632; x_wconf 69' lang='lat' dir='ltr'><strong>NOTAE}.</strong></span> 
     </span>
    </p>
   </div>
   <div class='ocr_carea' id='block_1_115' title="bbox 510 5684 3702 5783">
    <p class='ocr_par' dir='ltr' id='par_1_115' title="bbox 510 5684 3702 5783">
     <span class='ocr_line' id='line_1_115' title="bbox 510 5684 3702 5783; baseline -0.004 -28"><span class='ocrx_word' id='word_1_683' title='bbox 510 5700 532 5734; x_wconf 84' lang='grc'><em>³</em></span> <span class='ocrx_word' id='word_1_684' title='bbox 562 5700 638 5779; x_wconf 59' lang='lat' dir='ltr'><strong>Ad</strong></span> <span class='ocrx_word' id='word_1_685' title='bbox 668 5701 955 5783; x_wconf 73' lang='lat' dir='ltr'><strong>epistolam</strong></span> <span class='ocrx_word' id='word_1_686' title='bbox 988 5699 1188 5783; x_wconf 52' lang='lat' dir='ltr'><strong>limat</strong></span> <span class='ocrx_word' id='word_1_687' title='bbox 1221 5707 1459 5783; x_wconf 66' lang='lat' dir='ltr'><strong>quatuor</strong></span> <span class='ocrx_word' id='word_1_688' title='bbox 1490 5698 1766 5768; x_wconf 80' lang='lat' dir='ltr'><strong>proximas</strong></span> <span class='ocrx_word' id='word_1_689' title='bbox 1792 5697 1929 5783; x_wconf 55' lang='lat' dir='ltr'><strong>pluit</strong></span> <span class='ocrx_word' id='word_1_690' title='bbox 1960 5697 2175 5752; x_wconf 89' lang='lat' dir='ltr'><strong>monuit</strong></span> <span class='ocrx_word' id='word_1_691' title='bbox 2208 5694 2525 5751; x_wconf 85' lang='lat' dir='ltr'><strong>Garnerius.</strong></span> <span class='ocrx_word' id='word_1_692' title='bbox 2604 5692 2633 5765; x_wconf 55' lang='lat'><strong>‘_</strong></span> <span class='ocrx_word' id='word_1_693' title='bbox 2653 5689 2961 5749; x_wconf 85' lang='lat' dir='ltr'><strong>Plcniorem</strong></span> <span class='ocrx_word' id='word_1_694' title='bbox 2988 5688 3111 5745; x_wconf 85' lang='lat' dir='ltr'><strong>vide</strong></span> <span class='ocrx_word' id='word_1_695' title='bbox 3135 5688 3277 5744; x_wconf 86' lang='lat' dir='ltr'><strong>hanc</strong></span> <span class='ocrx_word' id='word_1_696' title='bbox 3300 5685 3591 5759; x_wconf 73' lang='lat' dir='ltr'><strong>epistolam</strong></span> <span class='ocrx_word' id='word_1_697' title='bbox 3620 5684 3702 5744; x_wconf 82' lang='lat' dir='ltr'><strong>iu-</strong></span> 
     </span>
    </p>
   </div>
   <div class='ocr_carea' id='block_1_116' title="bbox 440 5769 1910 5842">
    <p class='ocr_par' dir='ltr' id='par_1_116' title="bbox 440 5769 1910 5842">
     <span class='ocr_line' id='line_1_116' title="bbox 440 5769 1910 5842; baseline -0.003 -15"><span class='ocrx_word' id='word_1_698' title='bbox 440 5769 541 5841; x_wconf 63' lang='grc' dir='ltr'><strong>ἴτε,</strong></span> <span class='ocrx_word' id='word_1_699' title='bbox 574 5772 629 5826; x_wconf 80' lang='lat' dir='ltr'><strong>iu</strong></span> <span class='ocrx_word' id='word_1_700' title='bbox 660 5769 789 5827; x_wconf 84' lang='lat' dir='ltr'><strong>diss.</strong></span> <span class='ocrx_word' id='word_1_701' title='bbox 822 5773 873 5837; x_wconf 79' lang='lat'><strong>5,</strong></span> <span class='ocrx_word' id='word_1_702' title='bbox 913 5770 1073 5842; x_wconf 79' lang='lat' dir='ltr'><strong>epist.</strong></span> <span class='ocrx_word' id='word_1_703' title='bbox 1117 5771 1196 5826; x_wconf 74' lang='lat' dir='ltr'><strong>l5.</strong></span> <span class='ocrx_word' id='word_1_704' title='bbox 1277 5773 1295 5802; x_wconf 84' lang='grc'><strong><em>³</em></strong></span> <span class='ocrx_word' id='word_1_705' title='bbox 1328 5769 1445 5825; x_wconf 73' lang='lat' dir='ltr'><strong>Viti.</strong></span> <span class='ocrx_word' id='word_1_706' title='bbox 1481 5782 1668 5839; x_wconf 83' lang='lat' dir='ltr'><strong>supra,</strong></span> <span class='ocrx_word' id='word_1_707' title='bbox 1704 5784 1756 5838; x_wconf 87' lang='lat' dir='ltr'><strong>p.</strong></span> <span class='ocrx_word' id='word_1_708' title='bbox 1793 5769 1910 5823; x_wconf 72' lang='lat' dir='ltr'><strong>l53.</strong></span> 
     </span>
    </p>
   </div>
  </div>
