3926 6216
326 335 409 404 3ιῖ
1475 343 1572 402 DE
1614 344 1869 405 LIBRIS
1908 345 2417 411 THEODORETI.

3458 348 3564 415 318

419 451 490 505 Ab
539 447 749 519 Epheso
801 450 1055 505 scribens.
1112 449 1422 521 Aanuam
1475 452 1878 510 Chalcedonem
1908 462 1952 518 Α
1983 464 2203 527 tequam
2225 459 2672 530 proﬁcisceretur
2708 459 3080 516 l‘heodoretus
3101 460 3321 532 Epheso
3341 460 3567 521 circiter

321 539 769 612 proﬁcisceretur,
805 557 920 612 quo
969 542 1040 597 ab
1085 541 1418 613 imperatore
1467 545 1630 614 legati
1672 554 1881 616 septem

324 635 587 703 utriusque
628 634 823 705 partis,
860 634 1144 691 mtholica:
1178 644 1236 691 et
1275 635 1658 702 schismatica,
1688 651 1884 693 evoca-

320 726 520 782 bantur.

378 835 621 904 Βεθήρω
646 836 1000 905 inﬁrmitatis,
1035 846 1142 894 etc.
1165 837 1283 905 Qua
1309 838 1590 906 Andreas,
1640 841 1728 897 vel
1774 842 1881 896 im-

312 929 514 1001 peditus
555 944 670 984 non
715 929 916 1000 potuit,
957 931 1046 986 vel
1081 946 1214 987 usus
1248 931 1446 998 noluit,
1481 932 1551 988 ad
1583 934 1880 989 concilium

308 1037 424 1077 veni
431 1036 485 1077 re
491 1061 509 1076 ο

375 1111 577 1167 Insanit
628 1114 826 1168 iterum
879 1111 1175 1185 £99m“,
1230 1123 1281 1169 et
1331 1114 1495 1170 bellat
1549 1131 1669 1170 cum
1713 1115 1878 1172 lose.

305 1205 583 1261 Nestorius
602 1221 864 1262 sermone
892 1206 982 1271 12,
1014 1223 1168 1261 num.
1196 1207 1252 1273 5,
1287 1207 1551 1263 adversus
1569 1208 1833 1280 Cyrillum
1861 1228 1876 1267 :

310 1316 329 1347 ι
369 1297 555 1352 Docuit
593 1313 685 1352 me
726 1306 785 1354 et
829 1297 1010 1354 Moses
1053 1313 1165 1353 non
1214 1299 1564 1365 conturbari,
1605 1299 1877 1371 siquidem

302 1389 736 1458 experimentum
783 1391 1064 1462 acceperis
1102 1391 1388 1462 propheta:
1425 1391 1673 1463 praedicti
1710 1392 1877 1467 Egy-

300 1482 470 1550 ptiaca
497 1480 835 1551 desperatio.
863 1500 884 1535 ι
1300 1478 1303 1481 ’

362 1572 451 1628 Illi
495 1575 589 1645 qui
630 1575 854 1645 depositi
897 1583 1039 1631 sunt.
1083 1574 1321 1649 Cyrinus
1358 1576 1782 1646 Alexandrinus,
1822 1587 1879 1636 et

296 1664 544 1722 Memnon
575 1665 914 1736 Ephesinus,
945 1668 1215 1739 episcopi.

1984 550 2305 606 vicesimum
2335 551 2481 607 diem
2518 552 2749 624 Augusti
2779 553 2823 607 ⁸.

1985 663 2231 739 Epistola
2266 667 2389 734 169,
2435 686 2467 722 a
2523 667 2841 740 Theodoreto
2866 669 3063 740 scripta
3100 669 3170 724 ad
3201 669 3562 730 Menandrum

2524 738 3011 811 Hierapolitanum.

2054 845 2096 901 l.
2126 844 2436 903 Alexander
2482 849 2573 905 ille
2615 849 3086 920 Hierapolitanus,
3134 851 3202 906 ad
3234 868 3395 923 quem
3426 855 3562 911 scri-

1980 936 2157 1003 bitur,
2212 938 2591 1009 Eupbratesize
2633 941 2950 1012 provinciae,
2996 943 3053 997 in
3098 959 3203 1013 qua
3242 951 3326 999 est
3362 942 3558 1017 Cyrus.

1979 1030 2280 1101 primatum
2310 1033 2509 1097 tenuit,
2532 1032 2746 1104 fuitque
2777 1051 2919 1090 unus
2954 1035 3191 1090 duorum
3241 1037 3563 1108 metropoli-

1979 1129 2195 1187 tarum,
2245 1136 2387 1192 quos
2420 1120 2668 1195 ,Cyrillus
2715 1131 2905 1180 narrat
2954 1126 3267 1196 praemissos
3312 1127 3484 1184 fuisse
3527 1145 3560 1185 a

1977 1212 2188 1270 Joanne
2227 1213 2573 1271 Antiocheno
2597 1257 2611 1281 ,
2667 1216 2762 1286 qui
2810 1217 2879 1273 de
2921 1216 3280 1274 Orientalium
3319 1219 3559 1275 adventu

1977 1306 2320 1371 nuntiarent,
2348 1313 2405 1361 et
2434 1307 2600 1362 simul
2637 1316 2818 1363 tamen
2854 1309 3046 1365 Patres
3077 1310 3279 1381 Ephesi
3329 1326 3558 1382 congre-

1977 1404 2133 1466 gatos
2173 1394 2230 1450 id
2269 1395 2494 1451 interim
2535 1412 2698 1469 agere
2740 1408 3052 1466 monerent,
3105 1400 3251 1471 quod
3280 1401 3557 1473 agendum

1976 1485 2285 1542 videretur.

2042 1578 2111 1634 Il.
2143 1578 2487 1651 Subscripsit
2511 1579 2602 1634 ille
2618 1579 2832 1651 primus
2871 1589 2998 1636 ante
3034 1582 3372 1637 Dorotheum
3413 1583 3556 1637 Mar-

1976 1668 2444 1741 cianopolitanum
2490 1672 2749 1727 mandato
2790 1672 2985 1743 legatis
3015 1672 3381 1731 schismaticis
3406 1675 3551 1741 dato,

358 1754 727 1812 Sacerdotalia
802 1759 1097 1814 ministeria
1169 1770 1449 1834 peragunt.
1524 1761 1872 1819 Schismatici
1906 1815 1946 1836 η
1973 1760 2105 1817 licet
2125 1770 2249 1832 post
2284 1762 2466 1833 ipsum
2503 1762 2728 1819 decreto
2771 1762 3143 1818 damnationis
3184 1779 3411 1819 aversus
3447 1762 3554 1836 Cy-

293 1849 526 1919 idipsum
568 1847 857 1905 fastidiose
896 1859 1205 1920 queruntur
1243 1852 1388 1923 apud
1431 1852 1820 1922 imperatorem
1854 1867 1867 1904 :

289 1937 482 1993 iisdem
532 1946 767 1994 utuntur
803 1953 945 2010 pene
974 1940 1181 2007 verbis,
1215 1947 1383 2011 atque
1425 1941 1517 1997 hic
1558 1940 1874 1998 Theodore-

290 2038 393 2094 tus,
427 2031 576 2102 apud
619 2030 938 2101 praefectum
983 2039 1040 2087 et
1079 2033 1404 2103 magistrum
1439 2049 1454 2087 :
1492 2051 1511 2084 ι
1543 2031 1872 2089 Sanctorum

289 2123 508 2178 Patrum
546 2137 792 2178 canones
826 2122 1134 2179 conculcati
1172 2122 1340 2195 θω
1375 2132 1525 2189 sunt,
1558 2138 1872 2179 excommu-

288 2214 446 2268 nicati
484 2221 544 2269 et
587 2214 934 2269 exauctorati
976 2213 1148 2270 sacris
1187 2214 1407 2284 operari
1443 2229 1552 2269 non
1586 2224 1868 2282 verentur,

287 2303 446 2374 impia
479 2319 583 2358 sua
610 2304 867 2375 dogmata
899 2304 1119 2375 copiose
1161 2305 1258 2359 Dei
1299 2305 1502 2374 populo
1536 2304 1872 2374 profunden-

290 2403 383 2459 tes,
420 2403 483 2450 et
524 2410 629 2451 nos
674 2394 899 2449 interim
955 2394 1156 2451 inclusi
1206 2395 1408 2450 misere
1455 2394 1549 2449 hic
1591 2409 1800 2449 sumus.
1843 2413 1862 2446 ι

285 2484 409 2539 [lira
453 2500 574 2540 non
612 2493 700 2542 est
739 2494 889 2541 tanta
929 2487 1291 2542 consonantia
1322 2504 1337 2540 :
1370 2486 1440 2542 ab
1474 2486 1671 2543 eodem
1719 2486 1866 2542 enim

286 2577 635 2633 Theodoreto
664 2586 722 2634 et
756 2578 842 2635 ha
872 2586 928 2635 et
950 2579 1071 2635 ista:
1098 2579 1294 2637 litterae
1328 2578 1547 2649 scriptae
1577 2587 1735 2646 sunt;
1771 2580 1867 2635 sed

285 2668 359 2723 ba:
389 2684 499 2723 suo
526 2670 776 2736 nomine,
807 2670 922 2727 ista:
952 2670 1240 2727 orientalis
1263 2671 1477 2743 synodi.

346 2759 608 2831 Egyptii,
648 2769 760 2817 etc.
795 2761 856 2817 ln
903 2762 1170 2818 relatione
1200 2761 1270 2818 ad
1324 2762 1715 2832 imperatorem
1768 2778 1867 2833 per

283 2848 604 2916 Palladium,
638 2853 909 2923 imperita,
952 2852 1183 2918 dicitur,
1222 2853 1578 2909 Asiaticorum
1611 2862 1660 2909 et
1701 2854 1867 2927 digg-

287 2944 501 3009 ptiorum
554 2944 737 2998 turba.
805 2944 927 3000 Mox
971 2943 1040 2999 ad
1080 2936 1426 3001 invidiosum
1488 2954 1864 3017 contemptum

283 3041 679 3089 enumerantur
713 3052 729 3089 :
774 3054 793 3087 ς
846 3034 1252 3108 Quinquaginta
1298 3046 1429 3093 sunt
1472 3036 1732 3109 Egyptii,
1760 3037 1863 3093 sub

1975 1851 2161 1907 rillum
2205 1850 2351 1907 facto
2398 1853 2743 1923 subscriptus
2786 1853 3022 1924 legatur.
3055 1852 3230 1926 Hujus
3274 1856 3353 1910 rei
3391 1872 3556 1912 causa

1972 1956 2086 1996 non
2122 1949 2209 1996 est
2254 1942 2649 2011 apertissima:
2699 1942 2902 1997 factum
2954 1952 3108 2014 puto,
3155 1945 3286 2014 quia
3329 1945 3558 2004 Joannis

1971 2031 2300 2088 Antiocheni
2356 2032 2537 2088 locum
2590 2040 2820 2097 teneret,
2872 2033 3036 2104 37o
3079 2044 3372 2105 propterea
3407 2035 3553 2107 quod

1972 2121 2267 2180 Orientalis
2312 2123 2565 2179 dimcesis
2613 2124 2825 2193 primus
2863 2134 2983 2179 erat
3016 2126 3405 2195 metropolita;
3440 2127 3549 2182 Do-

1972 2215 2202 2271 rOtheus
2235 2231 2390 2282 vero,
2418 2216 2524 2271 etsi
2547 2215 2690 2272 foret
2718 2217 3088 2288 metropolita,
3124 2218 3191 2272 ad
3220 2218 3380 2273 aliam
3405 2219 3547 2275 diue-

1970 2308 2141 2363 eesim
2204 2308 2557 2378 pertinebat,
2619 2325 2818 2380 nempe
2867 2309 2936 2364 ad
2984 2307 3549 2381 Constantinopolita-

1973 2414 2102 2453 nam
2114 2441 2125 2453 .

2041 2490 2131 2544 Ill.
2162 2490 2294 2546 Post
2321 2490 2619 2546 concilium
2644 2505 2755 2544 non
2791 2488 2887 2544 diu
2917 2497 3201 2560 superstes
3230 2489 3336 2546 fuit
3370 2506 3383 2545 :
3425 2507 3551 2545 nam

1968 2582 2239 2648 Panolbii,
2272 2583 2368 2654 qui
2399 2583 2451 2637 ei
2481 2582 2772 2647 successit,
2813 2583 2964 2637 velut
2988 2583 3319 2653 jampridem
3354 2584 3551 2640 defun-

1968 2672 2066 2738 cti,
2099 2672 2339 2730 Joannes
2380 2689 2668 2730 successor
2701 2674 3037 2729 mentionem
3066 2673 3194 2729 facit
3233 2675 3287 2729 in
3316 2675 3552 2731 concilio

1965 2764 2345 2829 Antiocheno,
2414 2762 2701 2819 Athanasii
2767 2762 3093 2817 Perrhensis
3145 2778 3309 2818 causa
3362 2763 3551 2819 habito

1966 2871 2111 2911 anno
2132 2856 2255 2921 444,
2292 2856 2396 2911 sub
2436 2855 2600 2910 tinem
2639 2874 2652 2909 ε
2696 2870 2874 2925 neque
2894 2855 3135 2911 Joannes
3170 2855 3286 2925 ipse
3332 2856 3549 2926 episco-

1964 2956 2155 3016 patum
2179 2947 2275 3003 diu
2308 2948 2506 3013 tenuit,
2551 2946 2998 3017 quandoquidem
3049 2946 3360 3017 Stephanus
3383 2947 3550 3002 Joan-

1964 3039 2053 3094 nis
2079 3054 2366 3095 successor
2400 3038 2457 3093 in
2482 3039 2718 3094 concilio
2743 3038 3052 3093 latrocinali
3087 3053 3232 3093 anno
3257 3038 3379 3104 449,
3406 3047 3462 3094 et
3492 3038 3546 3093 in

284 3122 565 3180 Memnone
632 3126 936 3196 tyrannidis
982 3127 1124 3182 duce
1184 3127 1547 3199 quadraginta
1598 3127 1861 3193 Asiatici,
1890 3151 1932 3210 ο
1964 3129 2397 3185 Chalcedonensi
2431 3144 2576 3184 anno
2601 3130 2699 3184 451
2729 3128 2895 3184 sedit.

285 3210 572 3269 duodecim
617 3214 750 3269 item
799 3231 868 3271 ex
902 3216 1218 3289 Pamphylia
1243 3217 1487 3273 haeretici
1529 3217 1865 3274 Messaliani-

286 3312 448 3361 tarum
471 3305 711 3361 nomine
733 3307 1013 3376 appellati,
1047 3318 1248 3379 praeter
1283 3310 1420 3366 alios
1447 3310 1628 3366 eidem
1654 3316 1863 3366 metro-

282 3399 513 3478 politano
562 3396 977 3471 (Amphilochio
1005 3401 1150 3457 Sida.-
1177 3401 1459 3474 episcopo)
1494 3402 1859 3469 adhaerentes,

282 3500 330 3545 et
377 3490 516 3547 alios
567 3505 599 3545 a
646 3491 891 3563 synodis,
939 3492 1025 3547 vel
1067 3492 1138 3547 ab
1175 3493 1489 3564 episcopis,
1525 3493 1761 3549 diversis
1805 3495 1860 3549 in

283 3581 419 3646 locis,
444 3582 968 3639 exeommunicatos
993 3589 1050 3638 et
1077 3584 1395 3654 depositos;
1432 3585 1526 3654 qui
1554 3600 1686 3639 sane
1711 3585 1860 3641 aliud

281 3673 403 3729 nihil
424 3681 586 3740 sunt,
620 3689 788 3745 quam
832 3674 1117 3731 hominum
1156 3676 1320 3731 turba
1366 3676 1682 3733 divinorum
1723 3678 1860 3750 dog-

283 3774 471 3821 matum
514 3768 734 3823 nescia.
766 3786 787 3820 ι

339 3857 591 3915 Occasus.
626 3860 709 3915 Ex
740 3858 1036 3915 Occidente
1067 3858 1219 3915 missi
1246 3868 1378 3927 tres,
1410 3861 1698 3932 Philippus
1730 3878 1859 3933 pre-

283 3949 470 4021 sbyter,
499 3950 785 4006 Arcadius
811 3957 869 4005 et
897 3951 1184 4021 Proiectus
1218 3950 1464 4022 episcopi
1489 3967 1505 4017 ;
1545 3959 1606 4006 ut
1628 3951 1860 4024 presby-

284 4050 356 4097 ter
378 4042 672 4099 leestini
722 4042 920 4098 summi
967 4042 1264 4113 pontiﬁcis,
1309 4043 1553 4113 episcopi
1586 4041 1860 4099 Occiden-

284 4131 393 4186 talis
423 4131 657 4188 concilii
700 4131 970 4202 legatione
1018 4129 1402 4202 fungerentur.
1459 4132 1696 4202 lngressi
1730 4139 1860 4187 sunt

282 4222 535 4292 synodum
588 4222 685 4278 die
730 4222 798 4277 10
848 4222 1002 4289 Julii,
1036 4221 1288 4292 sequenti
1324 4221 1415 4277 die
1455 4222 1857 4292 depositionem

282 4313 505 4371 Nestorii
528 4304 957 4381 confirmarunt,
984 4315 1228 4386 quinque
1258 4325 1383 4386 post
1404 4314 1602 4370 diebus
1634 4316 1860 4371 restitu-

287 4404 408 4460 tioni
434 4406 634 4479 Cyrilli
662 4415 722 4461 et
752 4407 1056 4462 Memnonis
1089 4405 1479 4461 interfuerunt.

350 4494 538 4561 Quales
587 4494 761 4550 mimi.
802 4495 1006 4551 Confer
1036 4497 1186 4551 hunc
1227 4496 1409 4552 locum
1452 4511 1578 4551 cum
1622 4496 1852 4566 epistola
1887 4498 1934 4557 D

284 4581 581 4653 procemiali
613 4586 682 4642 ad
712 4590 995 4643 sermones
1024 4586 1296 4651 Eutherii,
1321 4595 1378 4641 et
1404 4586 1529 4641 vide
1551 4601 1857 4642 consonan-

289 4676 426 4743 tiam,
470 4694 586 4733 non
634 4684 848 4732 tantum
893 4687 1229 4749 exaggerata:
1276 4677 1706 4744 lamentationis,
1755 4679 1852 4734 sed

290 4766 513 4837 ipsorum
540 4767 717 4825 etiam
746 4769 1066 4824 verborum.
1678 4780 1682 4783 “

347 4859 408 4913 In
444 4870 683 4933 tempore
721 4862 1028 4932 impietatis.
1078 4860 1216 4917 Cum
1283 4859 1704 4916 dominarentur
1744 4861 1850 4914 im-

288 4962 552 5018 peratores
571 4952 907 5009 Christianae
942 4954 1162 5023 pietatis
1200 4953 1409 5008 hostes.
1448 4952 1507 5007 id
1545 4954 1749 5008 dictum
1780 4954 1849 5007 ad

290 5040 532 5099 invidiam
578 5044 864 5116 regnantis
913 5044 1212 5101 Theodosii
1234 5044 1501 5111 Junioris,
1557 5045 1653 5115 qui
1701 5045 1851 5101 schi-

290 5135 518 5189 smaticis
548 5135 735 5190 favere
768 5135 1074 5192 desinebat.

356 5222 432 5277 Ex
454 5224 542 5279 his
570 5232 787 5280 constat
819 5224 1001 5280 datam
1029 5242 1150 5281 esse
1187 5226 1473 5295 epistolam
1514 5225 1657 5281 circa
1687 5225 1849 5282 linem

289 5312 407 5370 Julii
428 5327 522 5371 aut
552 5318 771 5373 initium
796 5316 1038 5388 'Augusti
1074 5333 1218 5373 anno
1242 5319 1368 5383 451,
1411 5327 1536 5387 post
1569 5318 1850 5373 restitutos

295 5406 489 5463 scilicet
512 5409 602 5465 die
631 5410 694 5466 16
723 5409 857 5467 Julii
881 5408 1145 5483 Cyrillum
1174 5417 1229 5466 et
1269 5411 1612 5466 Memnonem
1630 5451 1645 5481 ,
1671 5420 1728 5465 et
1753 5427 1851 5465 an-

2033 3221 2116 3276 lV.
2145 3220 2205 3275 In
2250 3220 2371 3291 ejus
2416 3221 2600 3275 locum
2653 3220 2861 3275 missus
2903 3230 2989 3275 est
3035 3220 3102 3275 ad
3155 3221 3543 3291 imperatorem

1964 3310 2368 3377 Theodoretus,
2393 3318 2455 3364 ut
2474 3318 2772 3366 constatex
2799 3310 3160 3380 inscriptione
3202 3312 3446 3366 mandati
3476 3311 3545 3366 ab

1962 3400 2338 3457 Orientalibus
2379 3402 2489 3457 dati
2517 3402 2632 3457 suis
2664 3403 2856 3473 legatis
2890 3420 2904 3456 :
2937 3418 3045 3472 qua
3091 3403 3145 3456 in
3185 3403 3545 3473 inscriptione

1962 3491 2219 3558 observo,
2238 3508 2450 3558 omnes,
2486 3494 2579 3563 qui
2607 3492 2885 3564 legantur,
2910 3509 3030 3548 esse
3048 3495 3424 3564 metropolitas
3450 3506 3546 3552 aut

1962 3584 2439 3654 metropolitarum
2485 3585 2628 3649 loco,
2669 3592 2870 3654 praeter
2919 3584 3146 3639 Paulum
3198 3585 3540 3650 Emisenum,

1961 3672 2054 3743 qui
2112 3672 2261 3728 vices
2315 3672 2501 3729 Acacii
2543 3674 2853 3729 Beroecnsis
2905 3675 3043 3746 agit,
3083 3675 3212 3730 licet
3248 3684 3540 3747 metropo-

1960 3766 2056 3819 lita
2080 3780 2194 3820 non
2244 3764 2427 3831 foret;
2474 3772 2622 3820 tanta
2666 3764 2772 3819 fuit
2803 3781 2931 3837 erga
2982 3782 3191 3829 senem,
3235 3776 3290 3823 et
3324 3769 3541 3838 episco-

1959 3872 2180 3928 porum,
2206 3856 2253 3911 si
2276 3857 2407 3911 licet
2429 3857 2504 3910 ita
2526 3856 2996 3927 loqui,decanum,
3022 3858 3330 3914 reverentia
3349 3857 3543 3914 Orien-

1960 3948 2174 4003 talium.

2029 4040 2094 4095 ν.
2126 4039 2186 4094 In
2210 4037 2403 4109 quinta
2436 4040 2645 4111 synodo
2665 4040 2867 4111 legitur
2899 4040 3267 4112 fragmentum
3294 4041 3539 4112 epistolae

1959 4147 1989 4186 a
2011 4131 2267 4186 Nestorio
2289 4131 2358 4186 ad
2387 4130 2760 4187 Alexandrum
2800 4132 2966 4187 istum
2998 4133 3138 4188 datae
3169 4152 3183 4188 :
3226 4134 3321 4189 ubi
3346 4135 3540 4189 nefan-

1958 4219 2064 4277 dus
2119 4220 2411 4277 hereticus
2449 4230 2638 4292 aperte
2701 4222 2887 4293 prodit
2952 4222 3321 4294 impietatem,
3370 4241 3537 4295 quam

1958 4313 2094 4368 alias
2134 4313 2447 4370 dissimulat
2490 4332 2503 4368 :
2548 4315 2694 4370 unde
2741 4331 2854 4370 non
2900 4315 3342 4386 improbabiliter
3382 4317 3534 4371 credi

1956 4413 2158 4474 potest,
2190 4406 2475 4476 scripsisse
2506 4407 2573 4461 ad
2604 4414 2915 4462 consortem
2950 4408 3176 4463 erroris.

2020 4500 2035 4517 ⁸
2063 4496 2151 4551 Vl.
2186 4497 2265 4551 Ex
2293 4496 2381 4557 iis,
2411 4513 2534 4567 qua:
2562 4498 2617 4552 in
2648 4498 2879 4568 epistola
2914 4506 3209 4554 narrantur
3256 4498 3324 4552 de
3357 4497 3531 4552 collo-

1960 4587 2182 4642 cutione
2207 4582 2571 4643 Orientalium
2608 4589 2916 4658 legatorum
2956 4606 3081 4643 cum
3114 4590 3447 4657 imperatore
3475 4587 3530 4642 in

1958 4678 2273 4744 Ruﬁniano,
2306 4680 2597 4735 manifesta
2618 4689 2701 4735 est
2736 4681 3000 4749 temporis
3033 4688 3159 4733 nota
3187 4697 3200 4732 :
3232 4679 3356 4733 data
3383 4680 3528 4732 enim

1957 4770 2286 4833 ostenditur,
2320 4778 2614 4839 antequam
2654 4770 3032 4824 Orientalibus
3064 4770 3379 4833 recedendi,
3421 4770 3525 4824 Ca-

1960 4861 2180 4918 tholicis
2197 4863 2389 4916 urbem
2420 4860 2787 4931 ingrediendi,
2815 4860 2880 4914 ad
2915 4859 3281 4914 ordinandum
3310 4860 3526 4929 episco-

1958 4969 2110 5023 pum,
2144 4952 2457 5007 mandatum
2478 4961 2625 5006 esset
2648 4951 2858 5005 datum.
2882 4951 3096 5021 Scripta
3118 4960 3200 5005 est
3232 4951 3395 5015 igitur
3426 4950 3525 5001 sub

1961 5045 2123 5100 ﬁnem
2153 5045 2510 5114 Septembris,
2539 5053 2633 5098 aut
2653 5044 2755 5097 sub
2784 5044 3000 5098 initium
3024 5043 3295 5098 Octobris.

2030 5135 2141 5190 νη.
2180 5134 2367 5203 Nuper
2411 5132 2668 5187 inventus
2708 5142 2794 5188 est
2837 5134 2932 5202 qui
2994 5134 3330 5203 suppositam
3374 5130 3522 5185 credi

1958 5228 2142 5291 vellet,
2175 5233 2269 5280 aut
2294 5224 2475 5294 potius
2507 5231 2761 5295 optaret;
2806 5225 3077 5280 sentiebat
3108 5224 3254 5279 enim
3289 5222 3403 5276 suis
3440 5236 3524 5274 re-

1957 5318 2062 5372 bus
2082 5320 2436 5373 vehementer
2471 5317 2876 5373 incommodare
2903 5335 2918 5384 ;
2944 5317 3039 5373 sed
3069 5333 3160 5381 ne,
3185 5313 3333 5385 quod
3371 5321 3522 5367 certo

1954 5412 2202 5465 lulurum
2234 5419 2371 5477 erat,
2396 5427 2425 5466 a
2457 5413 2732 5467 communi
2768 5426 2932 5466 sensu
2972 5410 3186 5464 alienus
3216 5407 3518 5467 videretur,

1565 5563 1876 5620 SCHULZII
1915 5564 2150 5620 NOTi-E.

360 5700 473 5776 fAd
496 5704 758 5776 epistolas
788 5704 1033 5776 l63-168,
1060 5705 1194 5759 nihil
1229 5705 1437 5761 monuit
1468 5705 1785 5761 Garncrius.
1820 5704 1941 5761 Vid.
1981 5715 2160 5760 autem
2204 5706 2362 5774 infra,
2403 5706 2537 5762 diss.
2571 5708 2622 5771 5,
2652 5705 2905 5776 epistJ‘J,
2929 5703 3017 5771 9.0,
3042 5701 3223 5757 95-26.
3251 5698 3329 5757 Ad
3355 5700 3517 5757 tinem

297 5768 673 5845 cpistolzeleS,
715 5775 825 5830 vid.
858 5792 1040 5846 supra,
1075 5792 1126 5845 p.
1160 5776 1247 5828 lb'l
