  <div class='ocr_page' id='page_1' title='image "/cluster/home/n/w/nwhite01/storage/ocr_20150623/84 pt.5/mdp.39015010572884/167.png"; bbox 0 0 3926 6216; ppageno 0'>
   <div class='ocr_carea' id='block_1_1' title="bbox 329 333 436 400">
    <p class='ocr_par' dir='ltr' id='par_1_1' title="bbox 329 333 436 400">
     <span class='ocr_line' id='line_1_1' title="bbox 329 333 436 400; baseline 0.037 -4"><span class='ocrx_word' id='word_1_1' title='bbox 329 333 436 400; x_wconf 78' lang='lat'><strong>319</strong></span> 
     </span>
    </p>
   </div>
   <div class='ocr_carea' id='block_1_2' title="bbox 1463 337 2498 402">
    <p class='ocr_par' dir='ltr' id='par_1_2' title="bbox 1463 337 2498 402">
     <span class='ocr_line' id='line_1_2' title="bbox 1463 337 2498 402; baseline -0.006 0"><span class='ocrx_word' id='word_1_2' title='bbox 1463 339 1838 402; x_wconf 76' lang='lat' dir='ltr'><strong>GARNERH</strong></span> <span class='ocrx_word' id='word_1_3' title='bbox 1879 337 2378 398; x_wconf 73' lang='lat' dir='ltr'><strong>DISSERT’ATIO</strong></span> <span class='ocrx_word' id='word_1_4' title='bbox 2416 338 2498 397; x_wconf 82' lang='grc' dir='ltr'><strong>ΙΙ.</strong></span> 
     </span>
    </p>
   </div>
   <div class='ocr_carea' id='block_1_3' title="bbox 3500 327 3609 392">
    <p class='ocr_par' dir='ltr' id='par_1_3' title="bbox 3500 327 3609 392">
     <span class='ocr_line' id='line_1_3' title="bbox 3500 327 3609 392; baseline 0 0"><span class='ocrx_word' id='word_1_5' title='bbox 3500 327 3609 392; x_wconf 80' lang='grc' dir='ltr'><strong>3Εο</strong></span> 
     </span>
    </p>
   </div>
   <div class='ocr_carea' id='block_1_4' title="bbox 332 449 3644 528">
    <p class='ocr_par' dir='ltr' id='par_1_4' title="bbox 332 449 3644 528">
     <span class='ocr_line' id='line_1_4' title="bbox 332 449 3644 528; baseline -0.001 -19"><span class='ocrx_word' id='word_1_6' title='bbox 332 454 528 509; x_wconf 84' lang='lat' dir='ltr'><strong>maluit</strong></span> <span class='ocrx_word' id='word_1_7' title='bbox 563 455 818 512; x_wconf 76' lang='lat' dir='ltr'><strong>inutilem</strong></span> <span class='ocrx_word' id='word_1_8' title='bbox 855 457 1063 523; x_wconf 83' lang='lat' dir='ltr'><strong>dicere,</strong></span> <span class='ocrx_word' id='word_1_9' title='bbox 1088 457 1153 512; x_wconf 91' lang='lat' dir='ltr'><strong>ad</strong></span> <span class='ocrx_word' id='word_1_10' title='bbox 1193 456 1269 522; x_wconf 89' lang='lat' dir='ltr'><strong>id,</strong></span> <span class='ocrx_word' id='word_1_11' title='bbox 1301 465 1526 528; x_wconf 86' lang='lat' dir='ltr'><strong>propter</strong></span> <span class='ocrx_word' id='word_1_12' title='bbox 1559 457 1708 527; x_wconf 88' lang='lat' dir='ltr'><strong>quod</strong></span> <span class='ocrx_word' id='word_1_13' title='bbox 1736 453 1914 524; x_wconf 84' lang='lat' dir='ltr'><strong>profe-</strong></span> <span class='ocrx_word' id='word_1_14' title='bbox 1945 457 1990 512; x_wconf 83' lang='grc' dir='ltr'><strong>Α</strong></span> <span class='ocrx_word' id='word_1_15' title='bbox 2020 453 2213 516; x_wconf 87' lang='lat' dir='ltr'><strong>verim,</strong></span> <span class='ocrx_word' id='word_1_16' title='bbox 2242 453 2530 508; x_wconf 77' lang='lat' dir='ltr'><strong>manifeste</strong></span> <span class='ocrx_word' id='word_1_17' title='bbox 2562 459 2831 507; x_wconf 88' lang='lat' dir='ltr'><strong>memorat</strong></span> <span class='ocrx_word' id='word_1_18' title='bbox 2860 452 3009 507; x_wconf 86' lang='lat' dir='ltr'><strong>velut</strong></span> <span class='ocrx_word' id='word_1_19' title='bbox 3040 465 3196 507; x_wconf 89' lang='lat' dir='ltr'><strong>suam</strong></span> <span class='ocrx_word' id='word_1_20' title='bbox 3225 467 3238 506; x_wconf 87' lang='lat'><strong>:</strong></span> <span class='ocrx_word' id='word_1_21' title='bbox 3263 449 3400 522; x_wconf 89' lang='lat' dir='ltr'><strong>quin</strong></span> <span class='ocrx_word' id='word_1_22' title='bbox 3421 460 3644 520; x_wconf 42' lang='lat' dir='ltr'><strong>tamen,</strong></span> 
     </span>
    </p>
   </div>
   <div class='ocr_carea' id='block_1_5' title="bbox 335 547 1914 614">
    <p class='ocr_par' dir='ltr' id='par_1_5' title="bbox 335 547 1914 614">
     <span class='ocr_line' id='line_1_5' title="bbox 335 547 1914 614; baseline 0.001 -11"><span class='ocrx_word' id='word_1_23' title='bbox 335 549 586 614; x_wconf 88' lang='lat' dir='ltr'><strong>rebatur,</strong></span> <span class='ocrx_word' id='word_1_24' title='bbox 621 547 992 614; x_wconf 85' lang='lat' dir='ltr'><strong>elliciendum,</strong></span> <span class='ocrx_word' id='word_1_25' title='bbox 1026 549 1092 604; x_wconf 88' lang='lat' dir='ltr'><strong>ad</strong></span> <span class='ocrx_word' id='word_1_26' title='bbox 1131 549 1539 604; x_wconf 87' lang='lat' dir='ltr'><strong>Theodoretum</strong></span> <span class='ocrx_word' id='word_1_27' title='bbox 1578 551 1785 605; x_wconf 73' lang='lat' dir='ltr'><strong>scilicet</strong></span> <span class='ocrx_word' id='word_1_28' title='bbox 1819 549 1914 604; x_wconf 84' lang='lat' dir='ltr'><strong>ad-</strong></span> 
     </span>
    </p>
   </div>
   <div class='ocr_carea' id='block_1_6' title="bbox 335 641 1920 698">
    <p class='ocr_par' dir='ltr' id='par_1_6' title="bbox 335 641 1920 698">
     <span class='ocr_line' id='line_1_6' title="bbox 335 641 1920 698; baseline 0.001 -2"><span class='ocrx_word' id='word_1_29' title='bbox 335 642 595 698; x_wconf 65' lang='lat' dir='ltr'><strong>haesionis</strong></span> <span class='ocrx_word' id='word_1_30' title='bbox 616 641 684 697; x_wconf 90' lang='lat' dir='ltr'><strong>ad</strong></span> <span class='ocrx_word' id='word_1_31' title='bbox 709 657 927 698; x_wconf 90' lang='lat' dir='ltr'><strong>errores</strong></span> <span class='ocrx_word' id='word_1_32' title='bbox 951 643 1187 698; x_wconf 91' lang='lat' dir='ltr'><strong>Nestorii</strong></span> <span class='ocrx_word' id='word_1_33' title='bbox 1213 643 1673 698; x_wconf 86' lang='lat' dir='ltr'><strong>convincendum.</strong></span> <span class='ocrx_word' id='word_1_34' title='bbox 1693 643 1920 698; x_wconf 85' lang='lat' dir='ltr'><strong>Fatetur</strong></span> 
     </span>
    </p>
   </div>
   <div class='ocr_carea' id='block_1_7' title="bbox 337 733 1918 804">
    <p class='ocr_par' dir='ltr' id='par_1_7' title="bbox 337 733 1918 804">
     <span class='ocr_line' id='line_1_7' title="bbox 337 733 1918 804; baseline 0.003 -19"><span class='ocrx_word' id='word_1_35' title='bbox 337 741 521 787; x_wconf 86' lang='lat' dir='ltr'><strong>tamen</strong></span> <span class='ocrx_word' id='word_1_36' title='bbox 559 734 615 788; x_wconf 89' lang='lat' dir='ltr'><strong>in</strong></span> <span class='ocrx_word' id='word_1_37' title='bbox 653 749 720 789; x_wconf 86' lang='lat' dir='ltr'><strong>ea</strong></span> <span class='ocrx_word' id='word_1_38' title='bbox 763 733 923 803; x_wconf 83' lang='lat' dir='ltr'><strong>prodi</strong></span> <span class='ocrx_word' id='word_1_39' title='bbox 976 734 1268 804; x_wconf 82' lang='lat' dir='ltr'><strong>insigniter</strong></span> <span class='ocrx_word' id='word_1_40' title='bbox 1317 733 1458 790; x_wconf 91' lang='lat' dir='ltr'><strong>duos</strong></span> <span class='ocrx_word' id='word_1_41' title='bbox 1505 735 1750 790; x_wconf 82' lang='lat' dir='ltr'><strong>auctoris</strong></span> <span class='ocrx_word' id='word_1_42' title='bbox 1784 734 1918 790; x_wconf 75' lang='lat' dir='ltr'><strong>aﬁ‘c-</strong></span> 
     </span>
    </p>
   </div>
   <div class='ocr_carea' id='block_1_8' title="bbox 335 826 1916 898">
    <p class='ocr_par' dir='ltr' id='par_1_8' title="bbox 335 826 1916 898">
     <span class='ocr_line' id='line_1_8' title="bbox 335 826 1916 898; baseline 0.001 -20"><span class='ocrx_word' id='word_1_43' title='bbox 335 830 492 891; x_wconf 90' lang='lat' dir='ltr'><strong>ctus;</strong></span> <span class='ocrx_word' id='word_1_44' title='bbox 530 826 764 880; x_wconf 81' lang='lat' dir='ltr'><strong>alterum</strong></span> <span class='ocrx_word' id='word_1_45' title='bbox 795 827 998 881; x_wconf 88' lang='lat' dir='ltr'><strong>amoris</strong></span> <span class='ocrx_word' id='word_1_46' title='bbox 1018 843 1146 898; x_wconf 83' lang='lat' dir='ltr'><strong>erga</strong></span> <span class='ocrx_word' id='word_1_47' title='bbox 1176 827 1511 890; x_wconf 84' lang='lat' dir='ltr'><strong>Nestorium,</strong></span> <span class='ocrx_word' id='word_1_48' title='bbox 1541 828 1775 884; x_wconf 88' lang='lat' dir='ltr'><strong>alterum</strong></span> <span class='ocrx_word' id='word_1_49' title='bbox 1803 827 1916 884; x_wconf 92' lang='lat' dir='ltr'><strong>odii</strong></span> 
     </span>
    </p>
   </div>
   <div class='ocr_carea' id='block_1_9' title="bbox 335 917 1918 991">
    <p class='ocr_par' dir='ltr' id='par_1_9' title="bbox 335 917 1918 991">
     <span class='ocr_line' id='line_1_9' title="bbox 335 917 1918 991; baseline 0.003 -21"><span class='ocrx_word' id='word_1_50' title='bbox 335 933 464 988; x_wconf 87' lang='lat' dir='ltr'><strong>erga</strong></span> <span class='ocrx_word' id='word_1_51' title='bbox 490 919 665 974; x_wconf 88' lang='lat' dir='ltr'><strong>sancti</strong></span> <span class='ocrx_word' id='word_1_52' title='bbox 709 917 896 990; x_wconf 90' lang='lat' dir='ltr'><strong>Cyrilli</strong></span> <span class='ocrx_word' id='word_1_53' title='bbox 922 921 1180 990; x_wconf 89' lang='lat' dir='ltr'><strong>capitula,</strong></span> <span class='ocrx_word' id='word_1_54' title='bbox 1208 937 1330 991; x_wconf 68' lang='lat' dir='ltr'><strong>quae</strong></span> <span class='ocrx_word' id='word_1_55' title='bbox 1367 921 1623 976; x_wconf 64' lang='lat' dir='ltr'><strong>hmretiea</strong></span> <span class='ocrx_word' id='word_1_56' title='bbox 1653 921 1808 976; x_wconf 89' lang='lat' dir='ltr'><strong>dicit.</strong></span> <span class='ocrx_word' id='word_1_57' title='bbox 1840 921 1918 976; x_wconf 91' lang='lat' dir='ltr'><strong>lta</strong></span> 
     </span>
    </p>
   </div>
   <div class='ocr_carea' id='block_1_10' title="bbox 337 1007 1916 1084">
    <p class='ocr_par' dir='ltr' id='par_1_10' title="bbox 337 1007 1916 1084">
     <span class='ocr_line' id='line_1_10' title="bbox 337 1007 1916 1084; baseline 0.003 -24"><span class='ocrx_word' id='word_1_58' title='bbox 337 1007 451 1063; x_wconf 90' lang='lat' dir='ltr'><strong>ille.</strong></span> <span class='ocrx_word' id='word_1_59' title='bbox 479 1009 683 1065; x_wconf 83' lang='lat' dir='ltr'><strong>Verum</strong></span> <span class='ocrx_word' id='word_1_60' title='bbox 723 1009 964 1076; x_wconf 87' lang='lat' dir='ltr'><strong>nemini,</strong></span> <span class='ocrx_word' id='word_1_61' title='bbox 1005 1011 1229 1081; x_wconf 81' lang='lat' dir='ltr'><strong>Opinor,</strong></span> <span class='ocrx_word' id='word_1_62' title='bbox 1283 1013 1537 1084; x_wconf 86' lang='lat' dir='ltr'><strong>theologo</strong></span> <span class='ocrx_word' id='word_1_63' title='bbox 1586 1011 1916 1067; x_wconf 89' lang='lat' dir='ltr'><strong>sententiam</strong></span> 
     </span>
    </p>
   </div>
   <div class='ocr_carea' id='block_1_11' title="bbox 337 1103 1919 1173">
    <p class='ocr_par' dir='ltr' id='par_1_11' title="bbox 337 1103 1919 1173">
     <span class='ocr_line' id='line_1_11' title="bbox 337 1103 1919 1173; baseline 0.002 -18"><span class='ocrx_word' id='word_1_64' title='bbox 337 1117 492 1155; x_wconf 90' lang='lat' dir='ltr'><strong>suam</strong></span> <span class='ocrx_word' id='word_1_65' title='bbox 529 1103 870 1171; x_wconf 87' lang='lat' dir='ltr'><strong>persuaserit</strong></span> <span class='ocrx_word' id='word_1_66' title='bbox 899 1121 911 1156; x_wconf 91' lang='lat'>:</span> <span class='ocrx_word' id='word_1_67' title='bbox 946 1104 1224 1173; x_wconf 90' lang='lat' dir='ltr'><strong>quomodo</strong></span> <span class='ocrx_word' id='word_1_68' title='bbox 1253 1105 1402 1159; x_wconf 90' lang='lat' dir='ltr'><strong>enim</strong></span> <span class='ocrx_word' id='word_1_69' title='bbox 1432 1105 1516 1159; x_wconf 92' lang='lat' dir='ltr'><strong>vir</strong></span> <span class='ocrx_word' id='word_1_70' title='bbox 1537 1121 1646 1160; x_wconf 92' lang='lat' dir='ltr'><strong>non</strong></span> <span class='ocrx_word' id='word_1_71' title='bbox 1673 1105 1919 1160; x_wconf 87' lang='lat' dir='ltr'><strong>tardissi-</strong></span> 
     </span>
    </p>
   </div>
   <div class='ocr_carea' id='block_1_12' title="bbox 338 1193 1919 1266">
    <p class='ocr_par' dir='ltr' id='par_1_12' title="bbox 338 1193 1919 1266">
     <span class='ocr_line' id='line_1_12' title="bbox 338 1193 1919 1266; baseline 0.003 -21"><span class='ocrx_word' id='word_1_72' title='bbox 338 1207 480 1254; x_wconf 87' lang='lat' dir='ltr'><strong>mus,</strong></span> <span class='ocrx_word' id='word_1_73' title='bbox 509 1193 814 1262; x_wconf 93' lang='lat' dir='ltr'><strong>cujusmodi</strong></span> <span class='ocrx_word' id='word_1_74' title='bbox 863 1205 1015 1248; x_wconf 89' lang='lat' dir='ltr'><strong>certe</strong></span> <span class='ocrx_word' id='word_1_75' title='bbox 1052 1211 1162 1250; x_wconf 91' lang='lat' dir='ltr'><strong>non</strong></span> <span class='ocrx_word' id='word_1_76' title='bbox 1209 1205 1330 1252; x_wconf 93' lang='lat' dir='ltr'><strong>erat</strong></span> <span class='ocrx_word' id='word_1_77' title='bbox 1367 1197 1768 1258; x_wconf 88' lang='lat' dir='ltr'><strong>Theodoretus,</strong></span> <span class='ocrx_word' id='word_1_78' title='bbox 1794 1205 1919 1266; x_wconf 90' lang='lat' dir='ltr'><strong>post</strong></span> 
     </span>
    </p>
   </div>
   <div class='ocr_carea' id='block_1_13' title="bbox 335 1284 1919 1357">
    <p class='ocr_par' dir='ltr' id='par_1_13' title="bbox 335 1284 1919 1357">
     <span class='ocr_line' id='line_1_13' title="bbox 335 1284 1919 1357; baseline 0.003 -17"><span class='ocrx_word' id='word_1_79' title='bbox 335 1284 584 1354; x_wconf 77' lang='lat' dir='ltr'><strong>exposita</strong></span> <span class='ocrx_word' id='word_1_80' title='bbox 620 1285 843 1339; x_wconf 89' lang='lat' dir='ltr'><strong>tertium</strong></span> <span class='ocrx_word' id='word_1_81' title='bbox 876 1302 906 1339; x_wconf 90' lang='lat' dir='ltr'><strong>a</strong></span> <span class='ocrx_word' id='word_1_82' title='bbox 933 1285 1138 1357; x_wconf 82' lang='lat' dir='ltr'><strong>Cyrillo</strong></span> <span class='ocrx_word' id='word_1_83' title='bbox 1177 1288 1439 1356; x_wconf 90' lang='lat' dir='ltr'><strong>capitula,</strong></span> <span class='ocrx_word' id='word_1_84' title='bbox 1477 1289 1919 1345; x_wconf 89' lang='lat' dir='ltr'><strong>animadvertere</strong></span> 
     </span>
    </p>
   </div>
   <div class='ocr_carea' id='block_1_14' title="bbox 336 1378 1919 1448">
    <p class='ocr_par' dir='ltr' id='par_1_14' title="bbox 336 1378 1919 1448">
     <span class='ocr_line' id='line_1_14' title="bbox 336 1378 1919 1448; baseline 0.005 -17"><span class='ocrx_word' id='word_1_85' title='bbox 336 1392 447 1431; x_wconf 89' lang='lat' dir='ltr'><strong>non</strong></span> <span class='ocrx_word' id='word_1_86' title='bbox 478 1378 678 1447; x_wconf 92' lang='lat' dir='ltr'><strong>potuit,</strong></span> <span class='ocrx_word' id='word_1_87' title='bbox 709 1379 1039 1434; x_wconf 86' lang='lat' dir='ltr'><strong>catholicam</strong></span> <span class='ocrx_word' id='word_1_88' title='bbox 1075 1380 1238 1434; x_wconf 75' lang='lat' dir='ltr'><strong>fidem</strong></span> <span class='ocrx_word' id='word_1_89' title='bbox 1266 1381 1333 1436; x_wconf 91' lang='lat' dir='ltr'><strong>iis</strong></span> <span class='ocrx_word' id='word_1_90' title='bbox 1369 1383 1662 1448; x_wconf 88' lang='lat' dir='ltr'><strong>contineri,</strong></span> <span class='ocrx_word' id='word_1_91' title='bbox 1689 1383 1733 1436; x_wconf 91' lang='lat' dir='ltr'><strong>si</strong></span> <span class='ocrx_word' id='word_1_92' title='bbox 1756 1383 1919 1439; x_wconf 92' lang='lat' dir='ltr'><strong>modo</strong></span> 
     </span>
    </p>
   </div>
   <div class='ocr_carea' id='block_1_15' title="bbox 339 1466 1918 1542">
    <p class='ocr_par' dir='ltr' id='par_1_15' title="bbox 339 1466 1918 1542">
     <span class='ocr_line' id='line_1_15' title="bbox 339 1466 1918 1542; baseline 0.004 -22"><span class='ocrx_word' id='word_1_93' title='bbox 339 1466 501 1521; x_wconf 88' lang='lat' dir='ltr'><strong>fidem</strong></span> <span class='ocrx_word' id='word_1_94' title='bbox 546 1468 693 1520; x_wconf 83' lang='lat' dir='ltr'><strong>illam</strong></span> <span class='ocrx_word' id='word_1_95' title='bbox 720 1467 897 1522; x_wconf 90' lang='lat' dir='ltr'><strong>sensit</strong></span> <span class='ocrx_word' id='word_1_96' title='bbox 928 1483 1048 1524; x_wconf 90' lang='lat' dir='ltr'><strong>esse</strong></span> <span class='ocrx_word' id='word_1_97' title='bbox 1085 1471 1434 1535; x_wconf 85' lang='lat' dir='ltr'><strong>catholicam,</strong></span> <span class='ocrx_word' id='word_1_98' title='bbox 1483 1488 1605 1542; x_wconf 78' lang='lat' dir='ltr'><strong>quze</strong></span> <span class='ocrx_word' id='word_1_99' title='bbox 1656 1472 1918 1528; x_wconf 88' lang='lat' dir='ltr'><strong>unionem</strong></span> 
     </span>
    </p>
   </div>
   <div class='ocr_carea' id='block_1_16' title="bbox 337 1560 1919 1630">
    <p class='ocr_par' dir='ltr' id='par_1_16' title="bbox 337 1560 1919 1630">
     <span class='ocr_line' id='line_1_16' title="bbox 337 1560 1919 1630; baseline 0.005 -18"><span class='ocrx_word' id='word_1_100' title='bbox 337 1560 620 1630; x_wconf 82' lang='lat' dir='ltr'><strong>physicam</strong></span> <span class='ocrx_word' id='word_1_101' title='bbox 645 1569 702 1614; x_wconf 93' lang='lat' dir='ltr'><strong>et</strong></span> <span class='ocrx_word' id='word_1_102' title='bbox 728 1560 849 1614; x_wconf 78' lang='grc' dir='ltr'><strong>καθ’</strong></span> <span class='ocrx_word' id='word_1_103' title='bbox 892 1562 1190 1615; x_wconf 68' lang='grc' dir='ltr'><strong>ὑπόστασιν</strong></span> <span class='ocrx_word' id='word_1_104' title='bbox 1227 1561 1474 1617; x_wconf 81' lang='lat' dir='ltr'><strong>fatetur?</strong></span> <span class='ocrx_word' id='word_1_105' title='bbox 1503 1563 1659 1630; x_wconf 85' lang='lat' dir='ltr'><strong>Quod</strong></span> <span class='ocrx_word' id='word_1_106' title='bbox 1696 1565 1741 1619; x_wconf 90' lang='lat' dir='ltr'><strong>si</strong></span> <span class='ocrx_word' id='word_1_107' title='bbox 1785 1581 1919 1620; x_wconf 91' lang='lat' dir='ltr'><strong>vero</strong></span> 
     </span>
    </p>
   </div>
   <div class='ocr_carea' id='block_1_17' title="bbox 337 1649 1921 1723">
    <p class='ocr_par' dir='ltr' id='par_1_17' title="bbox 337 1649 1921 1723">
     <span class='ocr_line' id='line_1_17' title="bbox 337 1649 1921 1723; baseline 0.004 -19"><span class='ocrx_word' id='word_1_108' title='bbox 337 1649 664 1704; x_wconf 87' lang='lat' dir='ltr'><strong>catholicam</strong></span> <span class='ocrx_word' id='word_1_109' title='bbox 695 1666 806 1705; x_wconf 90' lang='lat' dir='ltr'><strong>non</strong></span> <span class='ocrx_word' id='word_1_110' title='bbox 832 1652 1005 1705; x_wconf 88' lang='lat' dir='ltr'><strong>sensit</strong></span> <span class='ocrx_word' id='word_1_111' title='bbox 1036 1651 1196 1706; x_wconf 86' lang='lat' dir='ltr'><strong>fidem</strong></span> <span class='ocrx_word' id='word_1_112' title='bbox 1235 1653 1404 1719; x_wconf 86' lang='lat' dir='ltr'><strong>illam,</strong></span> <span class='ocrx_word' id='word_1_113' title='bbox 1433 1655 1707 1723; x_wconf 91' lang='lat' dir='ltr'><strong>quomodo</strong></span> <span class='ocrx_word' id='word_1_114' title='bbox 1727 1656 1921 1711; x_wconf 83' lang='lat' dir='ltr'><strong>Nesto—</strong></span> 
     </span>
    </p>
   </div>
   <div class='ocr_carea' id='block_1_18' title="bbox 339 1741 1181 1799">
    <p class='ocr_par' dir='ltr' id='par_1_18' title="bbox 339 1741 1181 1799">
     <span class='ocr_line' id='line_1_18' title="bbox 339 1741 1181 1799; baseline 0.005 -5"><span class='ocrx_word' id='word_1_115' title='bbox 339 1741 480 1795; x_wconf 89' lang='lat' dir='ltr'><strong>riani</strong></span> <span class='ocrx_word' id='word_1_116' title='bbox 512 1742 718 1798; x_wconf 90' lang='lat' dir='ltr'><strong>erroris</strong></span> <span class='ocrx_word' id='word_1_117' title='bbox 749 1759 860 1797; x_wconf 89' lang='lat' dir='ltr'><strong>non</strong></span> <span class='ocrx_word' id='word_1_118' title='bbox 895 1754 978 1798; x_wconf 87' lang='lat' dir='ltr'><strong>est</strong></span> <span class='ocrx_word' id='word_1_119' title='bbox 1014 1745 1181 1799; x_wconf 89' lang='lat' dir='ltr'><strong>reus?</strong></span> 
     </span>
    </p>
   </div>
   <div class='ocr_carea' id='block_1_19' title="bbox 415 1831 1914 1909">
    <p class='ocr_par' dir='ltr' id='par_1_19' title="bbox 415 1831 1914 1909">
     <span class='ocr_line' id='line_1_19' title="bbox 415 1831 1914 1909; baseline 0.005 -22"><span class='ocrx_word' id='word_1_120' title='bbox 415 1831 549 1887; x_wconf 77' lang='lat' dir='ltr'><strong>Vill.</strong></span> <span class='ocrx_word' id='word_1_121' title='bbox 589 1832 1028 1900; x_wconf 87' lang='lat' dir='ltr'><strong>Observandum,</strong></span> <span class='ocrx_word' id='word_1_122' title='bbox 1080 1851 1111 1890; x_wconf 88' lang='lat' dir='ltr'><strong>a</strong></span> <span class='ocrx_word' id='word_1_123' title='bbox 1163 1835 1513 1891; x_wconf 89' lang='lat' dir='ltr'><strong>Theodoreto</strong></span> <span class='ocrx_word' id='word_1_124' title='bbox 1546 1837 1662 1892; x_wconf 86' lang='lat' dir='ltr'><strong>haec</strong></span> <span class='ocrx_word' id='word_1_125' title='bbox 1698 1839 1753 1892; x_wconf 91' lang='lat' dir='ltr'><strong>in</strong></span> <span class='ocrx_word' id='word_1_126' title='bbox 1795 1841 1914 1909; x_wconf 80' lang='lat' dir='ltr'><strong>epi-</strong></span> 
     </span>
    </p>
   </div>
   <div class='ocr_carea' id='block_1_20' title="bbox 339 1924 1918 2002">
    <p class='ocr_par' dir='ltr' id='par_1_20' title="bbox 339 1924 1918 2002">
     <span class='ocr_line' id='line_1_20' title="bbox 339 1924 1918 2002; baseline 0.006 -25"><span class='ocrx_word' id='word_1_127' title='bbox 339 1924 478 1978; x_wconf 87' lang='lat' dir='ltr'><strong>stola</strong></span> <span class='ocrx_word' id='word_1_128' title='bbox 524 1935 711 1994; x_wconf 87' lang='lat' dir='ltr'><strong>aperte</strong></span> <span class='ocrx_word' id='word_1_129' title='bbox 759 1926 938 1995; x_wconf 92' lang='lat' dir='ltr'><strong>prodi,</strong></span> <span class='ocrx_word' id='word_1_130' title='bbox 989 1928 1267 1996; x_wconf 89' lang='lat' dir='ltr'><strong>quomodo</strong></span> <span class='ocrx_word' id='word_1_131' title='bbox 1318 1938 1464 1984; x_wconf 89' lang='lat' dir='ltr'><strong>esset</strong></span> <span class='ocrx_word' id='word_1_132' title='bbox 1509 1930 1740 1985; x_wconf 75' lang='lat' dir='ltr'><strong>allectus</strong></span> <span class='ocrx_word' id='word_1_133' title='bbox 1791 1947 1918 2002; x_wconf 89' lang='lat' dir='ltr'><strong>erga</strong></span> 
     </span>
    </p>
   </div>
   <div class='ocr_carea' id='block_1_21' title="bbox 342 2013 1922 2089">
    <p class='ocr_par' dir='ltr' id='par_1_21' title="bbox 342 2013 1922 2089">
     <span class='ocr_line' id='line_1_21' title="bbox 342 2013 1922 2089; baseline 0.005 -20"><span class='ocrx_word' id='word_1_134' title='bbox 342 2013 532 2069; x_wconf 86' lang='lat' dir='ltr'><strong>Patres</strong></span> <span class='ocrx_word' id='word_1_135' title='bbox 575 2015 903 2084; x_wconf 87' lang='lat' dir='ltr'><strong>Ephesinos,</strong></span> <span class='ocrx_word' id='word_1_136' title='bbox 957 2017 1163 2086; x_wconf 89' lang='lat' dir='ltr'><strong>quippe</strong></span> <span class='ocrx_word' id='word_1_137' title='bbox 1215 2034 1353 2088; x_wconf 92' lang='lat' dir='ltr'><strong>quos</strong></span> <span class='ocrx_word' id='word_1_138' title='bbox 1404 2021 1600 2089; x_wconf 92' lang='lat' dir='ltr'><strong>impios</strong></span> <span class='ocrx_word' id='word_1_139' title='bbox 1631 2031 1810 2085; x_wconf 82' lang='lat' dir='ltr'><strong>vocat,</strong></span> <span class='ocrx_word' id='word_1_140' title='bbox 1865 2033 1922 2078; x_wconf 88' lang='lat' dir='ltr'><strong>et</strong></span> 
     </span>
    </p>
   </div>
   <div class='ocr_carea' id='block_1_22' title="bbox 340 2102 1918 2181">
    <p class='ocr_par' dir='ltr' id='par_1_22' title="bbox 340 2102 1918 2181">
     <span class='ocr_line' id='line_1_22' title="bbox 340 2102 1918 2181; baseline 0.005 -22"><span class='ocrx_word' id='word_1_141' title='bbox 340 2102 466 2160; x_wconf 81' lang='lat' dir='ltr'><strong>fidei</strong></span> <span class='ocrx_word' id='word_1_142' title='bbox 494 2107 934 2175; x_wconf 86' lang='lat' dir='ltr'><strong>adulteratores;</strong></span> <span class='ocrx_word' id='word_1_143' title='bbox 961 2109 1238 2178; x_wconf 90' lang='lat' dir='ltr'><strong>quomodo</strong></span> <span class='ocrx_word' id='word_1_144' title='bbox 1269 2111 1399 2164; x_wconf 90' lang='lat' dir='ltr'><strong>item</strong></span> <span class='ocrx_word' id='word_1_145' title='bbox 1427 2127 1554 2181; x_wconf 89' lang='lat' dir='ltr'><strong>erga</strong></span> <span class='ocrx_word' id='word_1_146' title='bbox 1579 2113 1918 2179; x_wconf 87' lang='lat' dir='ltr'><strong>Nestorium,</strong></span> 
     </span>
    </p>
   </div>
   <div class='ocr_carea' id='block_1_23' title="bbox 340 2199 1920 2277">
    <p class='ocr_par' dir='ltr' id='par_1_23' title="bbox 340 2199 1920 2277">
     <span class='ocr_line' id='line_1_23' title="bbox 340 2199 1920 2277; baseline 0.005 -25"><span class='ocrx_word' id='word_1_147' title='bbox 340 2213 504 2268; x_wconf 90' lang='lat' dir='ltr'><strong>quem</strong></span> <span class='ocrx_word' id='word_1_148' title='bbox 537 2199 776 2253; x_wconf 90' lang='lat' dir='ltr'><strong>amicum</strong></span> <span class='ocrx_word' id='word_1_149' title='bbox 822 2209 879 2254; x_wconf 90' lang='lat' dir='ltr'><strong>et</strong></span> <span class='ocrx_word' id='word_1_150' title='bbox 920 2209 1134 2271; x_wconf 90' lang='lat' dir='ltr'><strong>patrem</strong></span> <span class='ocrx_word' id='word_1_151' title='bbox 1169 2203 1438 2268; x_wconf 87' lang='lat' dir='ltr'><strong>nominat,</strong></span> <span class='ocrx_word' id='word_1_152' title='bbox 1475 2205 1750 2274; x_wconf 91' lang='lat' dir='ltr'><strong>quomodo</strong></span> <span class='ocrx_word' id='word_1_153' title='bbox 1795 2220 1920 2277; x_wconf 91' lang='lat' dir='ltr'><strong>erga</strong></span> 
     </span>
    </p>
   </div>
   <div class='ocr_carea' id='block_1_24' title="bbox 340 2292 1923 2366">
    <p class='ocr_par' dir='ltr' id='par_1_24' title="bbox 340 2292 1923 2366">
     <span class='ocr_line' id='line_1_24' title="bbox 340 2292 1923 2366; baseline 0.006 -23"><span class='ocrx_word' id='word_1_154' title='bbox 340 2304 558 2344; x_wconf 89' lang='lat' dir='ltr'><strong>sacrum</strong></span> <span class='ocrx_word' id='word_1_155' title='bbox 592 2292 749 2361; x_wconf 80' lang='lat'><strong>371</strong></span> <span class='ocrx_word' id='word_1_156' title='bbox 785 2293 1272 2358; x_wconf 90' lang='lat' dir='ltr'><strong>consistorium,ct</strong></span> <span class='ocrx_word' id='word_1_157' title='bbox 1299 2295 1436 2348; x_wconf 66' lang='lat' dir='ltr'><strong>aulae</strong></span> <span class='ocrx_word' id='word_1_158' title='bbox 1468 2297 1765 2365; x_wconf 88' lang='lat' dir='ltr'><strong>principes,</strong></span> <span class='ocrx_word' id='word_1_159' title='bbox 1783 2313 1923 2366; x_wconf 89' lang='lat' dir='ltr'><strong>quos</strong></span> 
     </span>
    </p>
   </div>
   <div class='ocr_carea' id='block_1_25' title="bbox 340 2385 1922 2457">
    <p class='ocr_par' dir='ltr' id='par_1_25' title="bbox 340 2385 1922 2457">
     <span class='ocr_line' id='line_1_25' title="bbox 340 2385 1922 2457; baseline 0.003 -22"><span class='ocrx_word' id='word_1_160' title='bbox 340 2397 476 2436; x_wconf 86' lang='lat' dir='ltr'><strong>auro</strong></span> <span class='ocrx_word' id='word_1_161' title='bbox 507 2394 798 2453; x_wconf 88' lang='lat' dir='ltr'><strong>corruptos</strong></span> <span class='ocrx_word' id='word_1_162' title='bbox 833 2385 1050 2452; x_wconf 89' lang='lat' dir='ltr'><strong>scribit;</strong></span> <span class='ocrx_word' id='word_1_163' title='bbox 1093 2387 1372 2455; x_wconf 89' lang='lat' dir='ltr'><strong>quomodo</strong></span> <span class='ocrx_word' id='word_1_164' title='bbox 1412 2388 1630 2441; x_wconf 88' lang='lat' dir='ltr'><strong>tandem</strong></span> <span class='ocrx_word' id='word_1_165' title='bbox 1659 2403 1787 2457; x_wconf 87' lang='lat' dir='ltr'><strong>erga</strong></span> <span class='ocrx_word' id='word_1_166' title='bbox 1817 2388 1922 2442; x_wconf 90' lang='lat' dir='ltr'><strong>im-</strong></span> 
     </span>
    </p>
   </div>
   <div class='ocr_carea' id='block_1_26' title="bbox 340 2477 1926 2551">
    <p class='ocr_par' dir='ltr' id='par_1_26' title="bbox 340 2477 1926 2551">
     <span class='ocr_line' id='line_1_26' title="bbox 340 2477 1926 2551; baseline 0.004 -22"><span class='ocrx_word' id='word_1_167' title='bbox 340 2483 675 2544; x_wconf 88' lang='lat' dir='ltr'><strong>peratorem,</strong></span> <span class='ocrx_word' id='word_1_168' title='bbox 721 2492 848 2530; x_wconf 88' lang='lat' dir='ltr'><strong>eum</strong></span> <span class='ocrx_word' id='word_1_169' title='bbox 889 2493 1000 2547; x_wconf 89' lang='lat' dir='ltr'><strong>quo</strong></span> <span class='ocrx_word' id='word_1_170' title='bbox 1045 2477 1431 2534; x_wconf 88' lang='lat' dir='ltr'><strong>immodestum</strong></span> <span class='ocrx_word' id='word_1_171' title='bbox 1473 2479 1712 2551; x_wconf 85' lang='lat' dir='ltr'><strong>jurgium</strong></span> <span class='ocrx_word' id='word_1_172' title='bbox 1741 2489 1926 2535; x_wconf 87' lang='lat' dir='ltr'><strong>osten-</strong></span> 
     </span>
    </p>
   </div>
   <div class='ocr_carea' id='block_1_27' title="bbox 342 2573 441 2618">
    <p class='ocr_par' dir='ltr' id='par_1_27' title="bbox 342 2573 441 2618">
     <span class='ocr_line' id='line_1_27' title="bbox 342 2573 441 2618; baseline -0.01 0"><span class='ocrx_word' id='word_1_173' title='bbox 342 2573 441 2618; x_wconf 87' lang='lat' dir='ltr'><strong>tat.</strong></span> 
     </span>
    </p>
   </div>
   <div class='ocr_carea' id='block_1_28' title="bbox 412 2655 1924 2732">
    <p class='ocr_par' dir='ltr' id='par_1_28' title="bbox 412 2655 1924 2732">
     <span class='ocr_line' id='line_1_28' title="bbox 412 2655 1924 2732; baseline 0.003 -21"><span class='ocrx_word' id='word_1_174' title='bbox 412 2655 504 2711; x_wconf 78' lang='lat' dir='ltr'><strong>1X.</strong></span> <span class='ocrx_word' id='word_1_175' title='bbox 556 2657 973 2714; x_wconf 85' lang='lat' dir='ltr'><strong>Observandum</strong></span> <span class='ocrx_word' id='word_1_176' title='bbox 1023 2660 1246 2730; x_wconf 90' lang='lat' dir='ltr'><strong>pariter,</strong></span> <span class='ocrx_word' id='word_1_177' title='bbox 1306 2661 1451 2732; x_wconf 90' lang='lat' dir='ltr'><strong>quod</strong></span> <span class='ocrx_word' id='word_1_178' title='bbox 1499 2671 1729 2717; x_wconf 87' lang='lat' dir='ltr'><strong>narrat:</strong></span> <span class='ocrx_word' id='word_1_179' title='bbox 1772 2663 1826 2716; x_wconf 75' lang='lat'><strong>1°</strong></span> <span class='ocrx_word' id='word_1_180' title='bbox 1856 2663 1924 2716; x_wconf 91' lang='lat' dir='ltr'><strong>de</strong></span> 
     </span>
    </p>
   </div>
   <div class='ocr_carea' id='block_1_29' title="bbox 343 2750 1926 2823">
    <p class='ocr_par' dir='ltr' id='par_1_29' title="bbox 343 2750 1926 2823">
     <span class='ocr_line' id='line_1_29' title="bbox 343 2750 1926 2823; baseline 0.004 -18"><span class='ocrx_word' id='word_1_181' title='bbox 343 2750 530 2805; x_wconf 89' lang='lat' dir='ltr'><strong>favore</strong></span> <span class='ocrx_word' id='word_1_182' title='bbox 563 2760 618 2804; x_wconf 92' lang='lat' dir='ltr'><strong>et</strong></span> <span class='ocrx_word' id='word_1_183' title='bbox 649 2752 1000 2806; x_wconf 89' lang='lat' dir='ltr'><strong>multitudine</strong></span> <span class='ocrx_word' id='word_1_184' title='bbox 1049 2755 1257 2823; x_wconf 88' lang='lat' dir='ltr'><strong>populi,</strong></span> <span class='ocrx_word' id='word_1_185' title='bbox 1321 2755 1386 2808; x_wconf 89' lang='lat' dir='ltr'><strong>ad</strong></span> <span class='ocrx_word' id='word_1_186' title='bbox 1441 2772 1569 2810; x_wconf 90' lang='lat' dir='ltr'><strong>suas</strong></span> <span class='ocrx_word' id='word_1_187' title='bbox 1631 2757 1926 2812; x_wconf 83' lang='lat' dir='ltr'><strong>conciones</strong></span> 
     </span>
    </p>
   </div>
   <div class='ocr_carea' id='block_1_30' title="bbox 344 2843 1927 2914">
    <p class='ocr_par' dir='ltr' id='par_1_30' title="bbox 344 2843 1927 2914">
     <span class='ocr_line' id='line_1_30' title="bbox 344 2843 1927 2914; baseline 0.004 -16"><span class='ocrx_word' id='word_1_188' title='bbox 344 2843 635 2898; x_wconf 90' lang='lat' dir='ltr'><strong>confertim</strong></span> <span class='ocrx_word' id='word_1_189' title='bbox 670 2860 766 2914; x_wconf 91' lang='lat' dir='ltr'><strong>per</strong></span> <span class='ocrx_word' id='word_1_190' title='bbox 802 2860 953 2899; x_wconf 91' lang='lat' dir='ltr'><strong>mare</strong></span> <span class='ocrx_word' id='word_1_191' title='bbox 985 2846 1365 2912; x_wconf 73' lang='lat' dir='ltr'><strong>allluentis;2°</strong></span> <span class='ocrx_word' id='word_1_192' title='bbox 1394 2848 1462 2902; x_wconf 91' lang='lat' dir='ltr'><strong>de</strong></span> <span class='ocrx_word' id='word_1_193' title='bbox 1493 2848 1634 2912; x_wconf 89' lang='lat' dir='ltr'><strong>loco,</strong></span> <span class='ocrx_word' id='word_1_194' title='bbox 1666 2849 1757 2902; x_wconf 89' lang='lat' dir='ltr'><strong>ubi</strong></span> <span class='ocrx_word' id='word_1_195' title='bbox 1797 2865 1927 2904; x_wconf 88' lang='lat' dir='ltr'><strong>con-</strong></span> 
     </span>
    </p>
   </div>
   <div class='ocr_carea' id='block_1_31' title="bbox 343 2935 1929 3009">
    <p class='ocr_par' dir='ltr' id='par_1_31' title="bbox 343 2935 1929 3009">
     <span class='ocr_line' id='line_1_31' title="bbox 343 2935 1929 3009; baseline 0.004 -20"><span class='ocrx_word' id='word_1_196' title='bbox 343 2935 558 2990; x_wconf 90' lang='lat' dir='ltr'><strong>cionem</strong></span> <span class='ocrx_word' id='word_1_197' title='bbox 587 2936 856 3004; x_wconf 89' lang='lat' dir='ltr'><strong>habebat;</strong></span> <span class='ocrx_word' id='word_1_198' title='bbox 885 2935 940 2989; x_wconf 78' lang='lat'><strong>3°</strong></span> <span class='ocrx_word' id='word_1_199' title='bbox 962 2937 1029 2992; x_wconf 92' lang='lat' dir='ltr'><strong>de</strong></span> <span class='ocrx_word' id='word_1_200' title='bbox 1055 2953 1280 2992; x_wconf 91' lang='lat' dir='ltr'><strong>suorum</strong></span> <span class='ocrx_word' id='word_1_201' title='bbox 1302 2939 1598 3002; x_wconf 90' lang='lat' dir='ltr'><strong>nonnullis,</strong></span> <span class='ocrx_word' id='word_1_202' title='bbox 1630 2940 1724 3009; x_wconf 91' lang='lat' dir='ltr'><strong>qui</strong></span> <span class='ocrx_word' id='word_1_203' title='bbox 1750 2939 1817 2994; x_wconf 90' lang='lat' dir='ltr'><strong>ad</strong></span> <span class='ocrx_word' id='word_1_204' title='bbox 1845 2957 1929 2996; x_wconf 91' lang='lat' dir='ltr'><strong>sa-</strong></span> 
     </span>
    </p>
   </div>
   <div class='ocr_carea' id='block_1_32' title="bbox 345 3027 1925 3098">
    <p class='ocr_par' dir='ltr' id='par_1_32' title="bbox 345 3027 1925 3098">
     <span class='ocr_line' id='line_1_32' title="bbox 345 3027 1925 3098; baseline 0.003 -18"><span class='ocrx_word' id='word_1_205' title='bbox 345 3027 558 3082; x_wconf 88' lang='lat' dir='ltr'><strong>niorem</strong></span> <span class='ocrx_word' id='word_1_206' title='bbox 587 3040 829 3084; x_wconf 90' lang='lat' dir='ltr'><strong>mentem</strong></span> <span class='ocrx_word' id='word_1_207' title='bbox 866 3030 1075 3084; x_wconf 87' lang='lat' dir='ltr'><strong>reversi</strong></span> <span class='ocrx_word' id='word_1_208' title='bbox 1113 3030 1180 3084; x_wconf 90' lang='lat' dir='ltr'><strong>ad</strong></span> <span class='ocrx_word' id='word_1_209' title='bbox 1216 3029 1532 3085; x_wconf 89' lang='lat' dir='ltr'><strong>Catholicos</strong></span> <span class='ocrx_word' id='word_1_210' title='bbox 1558 3031 1925 3098; x_wconf 88' lang='lat' dir='ltr'><strong>recedebant;</strong></span> 
     </span>
    </p>
   </div>
   <div class='ocr_carea' id='block_1_33' title="bbox 2022 545 3611 616">
    <p class='ocr_par' dir='ltr' id='par_1_33' title="bbox 2022 545 3611 616">
     <span class='ocr_line' id='line_1_33' title="bbox 2022 545 3611 616; baseline -0.001 -16"><span class='ocrx_word' id='word_1_211' title='bbox 2022 547 2196 616; x_wconf 85' lang='lat' dir='ltr'><strong>ipsius</strong></span> <span class='ocrx_word' id='word_1_212' title='bbox 2220 548 2309 611; x_wconf 89' lang='lat' dir='ltr'><strong>sit,</strong></span> <span class='ocrx_word' id='word_1_213' title='bbox 2336 547 2521 601; x_wconf 88' lang='lat' dir='ltr'><strong>nullus</strong></span> <span class='ocrx_word' id='word_1_214' title='bbox 2541 546 2756 601; x_wconf 90' lang='lat' dir='ltr'><strong>dubito.</strong></span> <span class='ocrx_word' id='word_1_215' title='bbox 2789 546 2924 600; x_wconf 86' lang='lat' dir='ltr'><strong>Nam</strong></span> <span class='ocrx_word' id='word_1_216' title='bbox 2949 546 3150 615; x_wconf 89' lang='lat' dir='ltr'><strong>primo,</strong></span> <span class='ocrx_word' id='word_1_217' title='bbox 3176 561 3379 600; x_wconf 86' lang='lat' dir='ltr'><strong>nomen</strong></span> <span class='ocrx_word' id='word_1_218' title='bbox 3424 545 3611 600; x_wconf 89' lang='lat' dir='ltr'><strong>Theo-</strong></span> 
     </span>
    </p>
   </div>
   <div class='ocr_carea' id='block_1_34' title="bbox 2020 638 3610 710">
    <p class='ocr_par' dir='ltr' id='par_1_34' title="bbox 2020 638 3610 710">
     <span class='ocr_line' id='line_1_34' title="bbox 2020 638 3610 710; baseline 0.001 -18"><span class='ocrx_word' id='word_1_219' title='bbox 2020 638 2198 694; x_wconf 88' lang='lat' dir='ltr'><strong>doreti</strong></span> <span class='ocrx_word' id='word_1_220' title='bbox 2243 655 2367 694; x_wconf 91' lang='lat' dir='ltr'><strong>cum</strong></span> <span class='ocrx_word' id='word_1_221' title='bbox 2421 639 2548 694; x_wconf 90' lang='lat' dir='ltr'><strong>aliis</strong></span> <span class='ocrx_word' id='word_1_222' title='bbox 2595 639 2900 710; x_wconf 77' lang='lat' dir='ltr'><strong>legatorum</strong></span> <span class='ocrx_word' id='word_1_223' title='bbox 2953 638 3272 693; x_wconf 88' lang='lat' dir='ltr'><strong>nominibus</strong></span> <span class='ocrx_word' id='word_1_224' title='bbox 3313 638 3610 708; x_wconf 87' lang='lat' dir='ltr'><strong>inscriptio</strong></span> 
     </span>
    </p>
   </div>
   <div class='ocr_carea' id='block_1_35' title="bbox 2020 727 3610 798">
    <p class='ocr_par' dir='ltr' id='par_1_35' title="bbox 2020 727 3610 798">
     <span class='ocr_line' id='line_1_35' title="bbox 2020 727 3610 798; baseline 0.002 -17"><span class='ocrx_word' id='word_1_225' title='bbox 2020 729 2260 798; x_wconf 62' lang='lat' dir='ltr'><strong>praefert.</strong></span> <span class='ocrx_word' id='word_1_226' title='bbox 2320 730 2387 784; x_wconf 88' lang='lat' dir='ltr'><strong>Et</strong></span> <span class='ocrx_word' id='word_1_227' title='bbox 2437 729 2821 784; x_wconf 87' lang='lat' dir='ltr'><strong>Theodoretus</strong></span> <span class='ocrx_word' id='word_1_228' title='bbox 2865 727 3230 784; x_wconf 87' lang='lat' dir='ltr'><strong>Orientalium</strong></span> <span class='ocrx_word' id='word_1_229' title='bbox 3269 728 3396 794; x_wconf 89' lang='lat' dir='ltr'><strong>fuit,</strong></span> <span class='ocrx_word' id='word_1_230' title='bbox 3436 737 3493 784; x_wconf 91' lang='lat' dir='ltr'><strong>et</strong></span> <span class='ocrx_word' id='word_1_231' title='bbox 3550 730 3610 784; x_wconf 87' lang='lat' dir='ltr'><strong>in</strong></span> 
     </span>
    </p>
   </div>
   <div class='ocr_carea' id='block_1_36' title="bbox 1987 824 3608 898">
    <p class='ocr_par' dir='ltr' id='par_1_36' title="bbox 1987 824 3608 898">
     <span class='ocr_line' id='line_1_36' title="bbox 1987 824 3608 898; baseline -0.002 -18"><span class='ocrx_word' id='word_1_232' title='bbox 1987 831 1991 833; x_wconf 81' lang='grc'><strong>’</strong></span> <span class='ocrx_word' id='word_1_233' title='bbox 2021 826 2249 898; x_wconf 87' lang='lat' dir='ltr'><strong>synodo,</strong></span> <span class='ocrx_word' id='word_1_234' title='bbox 2277 834 2334 881; x_wconf 95' lang='lat' dir='ltr'><strong>et</strong></span> <span class='ocrx_word' id='word_1_235' title='bbox 2362 827 2418 881; x_wconf 91' lang='lat' dir='ltr'><strong>in</strong></span> <span class='ocrx_word' id='word_1_236' title='bbox 2451 827 2745 898; x_wconf 81' lang='lat' dir='ltr'><strong>legatione,</strong></span> <span class='ocrx_word' id='word_1_237' title='bbox 2779 842 2890 882; x_wconf 88' lang='lat' dir='ltr'><strong>non</strong></span> <span class='ocrx_word' id='word_1_238' title='bbox 2927 836 2990 882; x_wconf 76' lang='lat' dir='ltr'><strong>es</strong></span> <span class='ocrx_word' id='word_1_239' title='bbox 3026 835 3263 891; x_wconf 87' lang='lat' dir='ltr'><strong>tantum,</strong></span> <span class='ocrx_word' id='word_1_240' title='bbox 3293 840 3419 880; x_wconf 93' lang='lat' dir='ltr'><strong>cum</strong></span> <span class='ocrx_word' id='word_1_241' title='bbox 3449 824 3608 892; x_wconf 91' lang='lat' dir='ltr'><strong>loqui</strong></span> 
     </span>
    </p>
   </div>
   <div class='ocr_carea' id='block_1_37' title="bbox 2019 917 3606 988">
    <p class='ocr_par' dir='ltr' id='par_1_37' title="bbox 2019 917 3606 988">
     <span class='ocr_line' id='line_1_37' title="bbox 2019 917 3606 988; baseline -0.004 -14"><span class='ocrx_word' id='word_1_242' title='bbox 2019 920 2269 988; x_wconf 89' lang='lat' dir='ltr'><strong>oportuit</strong></span> <span class='ocrx_word' id='word_1_243' title='bbox 2293 937 2306 972; x_wconf 87' lang='lat'><strong>:</strong></span> <span class='ocrx_word' id='word_1_244' title='bbox 2337 919 2433 975; x_wconf 92' lang='lat' dir='ltr'><strong>scd</strong></span> <span class='ocrx_word' id='word_1_245' title='bbox 2455 920 2623 973; x_wconf 89' lang='lat' dir='ltr'><strong>etiam</strong></span> <span class='ocrx_word' id='word_1_246' title='bbox 2652 935 2869 984; x_wconf 84' lang='lat' dir='ltr'><strong>manus,</strong></span> <span class='ocrx_word' id='word_1_247' title='bbox 2901 936 3026 974; x_wconf 90' lang='lat' dir='ltr'><strong>cum</strong></span> <span class='ocrx_word' id='word_1_248' title='bbox 3049 918 3356 974; x_wconf 70' lang='lat' dir='ltr'><strong>scribenda:</strong></span> <span class='ocrx_word' id='word_1_249' title='bbox 3384 917 3606 972; x_wconf 58' lang='lat' dir='ltr'><strong>littera.</strong></span> 
     </span>
    </p>
   </div>
   <div class='ocr_carea' id='block_1_38' title="bbox 2019 1010 3611 1083">
    <p class='ocr_par' dir='ltr' id='par_1_38' title="bbox 2019 1010 3611 1083">
     <span class='ocr_line' id='line_1_38' title="bbox 2019 1010 3611 1083; baseline -0.003 -17"><span class='ocrx_word' id='word_1_250' title='bbox 2019 1011 2230 1066; x_wconf 89' lang='lat' dir='ltr'><strong>Deinde</strong></span> <span class='ocrx_word' id='word_1_251' title='bbox 2284 1011 2458 1083; x_wconf 85' lang='lat' dir='ltr'><strong>stylus</strong></span> <span class='ocrx_word' id='word_1_252' title='bbox 2513 1011 2925 1066; x_wconf 85' lang='lat' dir='ltr'><strong>Theodoretum</strong></span> <span class='ocrx_word' id='word_1_253' title='bbox 2992 1010 3178 1065; x_wconf 89' lang='lat' dir='ltr'><strong>statim</strong></span> <span class='ocrx_word' id='word_1_254' title='bbox 3228 1010 3423 1064; x_wconf 88' lang='lat' dir='ltr'><strong>lectori</strong></span> <span class='ocrx_word' id='word_1_255' title='bbox 3493 1025 3611 1063; x_wconf 90' lang='lat' dir='ltr'><strong>non</strong></span> 
     </span>
    </p>
   </div>
   <div class='ocr_carea' id='block_1_39' title="bbox 2019 1101 3606 1174">
    <p class='ocr_par' dir='ltr' id='par_1_39' title="bbox 2019 1101 3606 1174">
     <span class='ocr_line' id='line_1_39' title="bbox 2019 1101 3606 1174; baseline -0.003 -16"><span class='ocrx_word' id='word_1_256' title='bbox 2019 1103 2397 1174; x_wconf 77' lang='lat' dir='ltr'><strong>peregrinanti</strong></span> <span class='ocrx_word' id='word_1_257' title='bbox 2433 1103 2486 1158; x_wconf 91' lang='lat' dir='ltr'><strong>in</strong></span> <span class='ocrx_word' id='word_1_258' title='bbox 2529 1105 2771 1159; x_wconf 87' lang='lat' dir='ltr'><strong>auctoris</strong></span> <span class='ocrx_word' id='word_1_259' title='bbox 2815 1104 3044 1174; x_wconf 86' lang='lat' dir='ltr'><strong>hujusce</strong></span> <span class='ocrx_word' id='word_1_260' title='bbox 3075 1103 3363 1173; x_wconf 88' lang='lat' dir='ltr'><strong>operibus,</strong></span> <span class='ocrx_word' id='word_1_261' title='bbox 3397 1101 3606 1172; x_wconf 90' lang='lat' dir='ltr'><strong>prodit.</strong></span> 
     </span>
    </p>
   </div>
   <div class='ocr_carea' id='block_1_40' title="bbox 2019 1194 3611 1266">
    <p class='ocr_par' dir='ltr' id='par_1_40' title="bbox 2019 1194 3611 1266">
     <span class='ocr_line' id='line_1_40' title="bbox 2019 1194 3611 1266; baseline -0.003 -15"><span class='ocrx_word' id='word_1_262' title='bbox 2019 1196 2174 1252; x_wconf 82' lang='lat' dir='ltr'><strong>Adde</strong></span> <span class='ocrx_word' id='word_1_263' title='bbox 2199 1197 2345 1266; x_wconf 87' lang='lat' dir='ltr'><strong>quod</strong></span> <span class='ocrx_word' id='word_1_264' title='bbox 2376 1197 2714 1252; x_wconf 91' lang='lat' dir='ltr'><strong>locutionum</strong></span> <span class='ocrx_word' id='word_1_265' title='bbox 2743 1212 3119 1266; x_wconf 89' lang='lat' dir='ltr'><strong>sensuumque</strong></span> <span class='ocrx_word' id='word_1_266' title='bbox 3141 1196 3407 1265; x_wconf 78' lang='grc' dir='ltr'><strong>ταυτότης</strong></span> <span class='ocrx_word' id='word_1_267' title='bbox 3443 1194 3499 1248; x_wconf 87' lang='lat' dir='ltr'><strong>id</strong></span> <span class='ocrx_word' id='word_1_268' title='bbox 3532 1195 3611 1248; x_wconf 88' lang='lat' dir='ltr'><strong>ita</strong></span> 
     </span>
    </p>
   </div>
   <div class='ocr_carea' id='block_1_41' title="bbox 2020 1288 3610 1358">
    <p class='ocr_par' dir='ltr' id='par_1_41' title="bbox 2020 1288 3610 1358">
     <span class='ocr_line' id='line_1_41' title="bbox 2020 1288 3610 1358; baseline -0.003 -14"><span class='ocrx_word' id='word_1_269' title='bbox 2020 1289 2282 1353; x_wconf 89' lang='lat' dir='ltr'><strong>ostendit,</strong></span> <span class='ocrx_word' id='word_1_270' title='bbox 2321 1299 2379 1344; x_wconf 92' lang='lat' dir='ltr'><strong>ut</strong></span> <span class='ocrx_word' id='word_1_271' title='bbox 2412 1289 2525 1344; x_wconf 89' lang='lat' dir='ltr'><strong>fere</strong></span> <span class='ocrx_word' id='word_1_272' title='bbox 2566 1305 2744 1345; x_wconf 60' lang='lat' dir='ltr'><strong>caecus</strong></span> <span class='ocrx_word' id='word_1_273' title='bbox 2785 1291 2875 1353; x_wconf 79' lang='lat' dir='ltr'><strong>sit,</strong></span> <span class='ocrx_word' id='word_1_274' title='bbox 2919 1290 3011 1358; x_wconf 91' lang='lat' dir='ltr'><strong>qui</strong></span> <span class='ocrx_word' id='word_1_275' title='bbox 3047 1288 3456 1343; x_wconf 89' lang='lat' dir='ltr'><strong>Theodoretum</strong></span> <span class='ocrx_word' id='word_1_276' title='bbox 3501 1301 3610 1340; x_wconf 86' lang='lat' dir='ltr'><strong>no—</strong></span> 
     </span>
    </p>
   </div>
   <div class='ocr_carea' id='block_1_42' title="bbox 2021 1379 3609 1450">
    <p class='ocr_par' dir='ltr' id='par_1_42' title="bbox 2021 1379 3609 1450">
     <span class='ocr_line' id='line_1_42' title="bbox 2021 1379 3609 1450; baseline -0.002 -17"><span class='ocrx_word' id='word_1_277' title='bbox 2021 1379 2189 1444; x_wconf 90' lang='lat' dir='ltr'><strong>mine,</strong></span> <span class='ocrx_word' id='word_1_278' title='bbox 2215 1380 2418 1444; x_wconf 90' lang='lat' dir='ltr'><strong>verbis,</strong></span> <span class='ocrx_word' id='word_1_279' title='bbox 2443 1380 2604 1450; x_wconf 92' lang='lat' dir='ltr'><strong>stylo,</strong></span> <span class='ocrx_word' id='word_1_280' title='bbox 2626 1379 2900 1444; x_wconf 87' lang='lat' dir='ltr'><strong>sensibus,</strong></span> <span class='ocrx_word' id='word_1_281' title='bbox 2919 1379 3088 1433; x_wconf 90' lang='lat' dir='ltr'><strong>animi</strong></span> <span class='ocrx_word' id='word_1_282' title='bbox 3107 1379 3306 1433; x_wconf 76' lang='lat' dir='ltr'><strong>aﬂ‘ectu</strong></span> <span class='ocrx_word' id='word_1_283' title='bbox 3331 1387 3388 1432; x_wconf 93' lang='lat' dir='ltr'><strong>et</strong></span> <span class='ocrx_word' id='word_1_284' title='bbox 3417 1392 3609 1432; x_wconf 87' lang='lat' dir='ltr'><strong>rerum</strong></span> 
     </span>
    </p>
   </div>
   <div class='ocr_carea' id='block_1_43' title="bbox 2021 1466 3606 1532">
    <p class='ocr_par' dir='ltr' id='par_1_43' title="bbox 2021 1466 3606 1532">
     <span class='ocr_line' id='line_1_43' title="bbox 2021 1466 3606 1532; baseline -0.004 -7"><span class='ocrx_word' id='word_1_285' title='bbox 2021 1485 2244 1525; x_wconf 88' lang='lat' dir='ltr'><strong>suarum</strong></span> <span class='ocrx_word' id='word_1_286' title='bbox 2287 1470 2628 1532; x_wconf 89' lang='lat' dir='ltr'><strong>narratione,</strong></span> <span class='ocrx_word' id='word_1_287' title='bbox 2680 1470 2889 1524; x_wconf 90' lang='lat' dir='ltr'><strong>clarere</strong></span> <span class='ocrx_word' id='word_1_288' title='bbox 2933 1469 3208 1523; x_wconf 85' lang='lat' dir='ltr'><strong>volentem</strong></span> <span class='ocrx_word' id='word_1_289' title='bbox 3238 1484 3348 1522; x_wconf 91' lang='lat' dir='ltr'><strong>non</strong></span> <span class='ocrx_word' id='word_1_290' title='bbox 3396 1466 3606 1520; x_wconf 89' lang='lat' dir='ltr'><strong>videat.</strong></span> 
     </span>
    </p>
   </div>
   <div class='ocr_carea' id='block_1_44' title="bbox 2090 1558 3610 1632">
    <p class='ocr_par' dir='ltr' id='par_1_44' title="bbox 2090 1558 3610 1632">
     <span class='ocr_line' id='line_1_44' title="bbox 2090 1558 3610 1632; baseline -0.004 -15"><span class='ocrx_word' id='word_1_291' title='bbox 2090 1562 2156 1617; x_wconf 88' lang='lat' dir='ltr'><strong>ll.</strong></span> <span class='ocrx_word' id='word_1_292' title='bbox 2183 1562 2340 1629; x_wconf 87' lang='lat' dir='ltr'><strong>Quod</strong></span> <span class='ocrx_word' id='word_1_293' title='bbox 2377 1561 2568 1632; x_wconf 84' lang='lat' dir='ltr'><strong>objicit</strong></span> <span class='ocrx_word' id='word_1_294' title='bbox 2593 1560 2862 1615; x_wconf 86' lang='lat' dir='ltr'><strong>Barouius</strong></span> <span class='ocrx_word' id='word_1_295' title='bbox 2885 1559 2930 1624; x_wconf 80' lang='grc'><strong>⁸,</strong></span> <span class='ocrx_word' id='word_1_296' title='bbox 2973 1559 3192 1614; x_wconf 87' lang='lat' dir='ltr'><strong>Martini</strong></span> <span class='ocrx_word' id='word_1_297' title='bbox 3229 1558 3610 1614; x_wconf 82' lang='lat' dir='ltr'><strong>Mcdiolanen-</strong></span> 
     </span>
    </p>
   </div>
   <div class='ocr_carea' id='block_1_45' title="bbox 2022 1649 3614 1724">
    <p class='ocr_par' dir='ltr' id='par_1_45' title="bbox 2022 1649 3614 1724">
     <span class='ocr_line' id='line_1_45' title="bbox 2022 1649 3614 1724; baseline -0.004 -16"><span class='ocrx_word' id='word_1_298' title='bbox 2022 1653 2164 1710; x_wconf 91' lang='lat' dir='ltr'><strong>sium</strong></span> <span class='ocrx_word' id='word_1_299' title='bbox 2205 1654 2446 1724; x_wconf 85' lang='lat' dir='ltr'><strong>episcOpi</strong></span> <span class='ocrx_word' id='word_1_300' title='bbox 2500 1653 2838 1706; x_wconf 88' lang='lat' dir='ltr'><strong>mentionem</strong></span> <span class='ocrx_word' id='word_1_301' title='bbox 2890 1649 3032 1715; x_wconf 87' lang='lat' dir='ltr'><strong>ﬁeri,</strong></span> <span class='ocrx_word' id='word_1_302' title='bbox 3092 1664 3218 1704; x_wconf 89' lang='lat' dir='ltr'><strong>cum</strong></span> <span class='ocrx_word' id='word_1_303' title='bbox 3267 1649 3452 1703; x_wconf 90' lang='lat' dir='ltr'><strong>nullus</strong></span> <span class='ocrx_word' id='word_1_304' title='bbox 3502 1649 3614 1703; x_wconf 90' lang='lat' dir='ltr'><strong>hoc</strong></span> 
     </span>
    </p>
   </div>
   <div class='ocr_carea' id='block_1_46' title="bbox 2021 1741 3613 1805">
    <p class='ocr_par' dir='ltr' id='par_1_46' title="bbox 2021 1741 3613 1805">
     <span class='ocr_line' id='line_1_46' title="bbox 2021 1741 3613 1805; baseline -0.003 -4"><span class='ocrx_word' id='word_1_305' title='bbox 2021 1745 2246 1801; x_wconf 89' lang='lat' dir='ltr'><strong>nomine</strong></span> <span class='ocrx_word' id='word_1_306' title='bbox 2270 1745 2731 1800; x_wconf 89' lang='lat' dir='ltr'><strong>Mcdiolanensem</strong></span> <span class='ocrx_word' id='word_1_307' title='bbox 2758 1743 3060 1797; x_wconf 88' lang='lat' dir='ltr'><strong>Ecclesiam</strong></span> <span class='ocrx_word' id='word_1_308' title='bbox 3083 1750 3216 1795; x_wconf 92' lang='lat' dir='ltr'><strong>tunc</strong></span> <span class='ocrx_word' id='word_1_309' title='bbox 3241 1741 3470 1805; x_wconf 77' lang='lat' dir='ltr'><strong>rexerit,</strong></span> <span class='ocrx_word' id='word_1_310' title='bbox 3494 1756 3613 1796; x_wconf 86' lang='lat' dir='ltr'><strong>non</strong></span> 
     </span>
    </p>
   </div>
   <div class='ocr_carea' id='block_1_47' title="bbox 2026 1831 3614 1906">
    <p class='ocr_par' dir='ltr' id='par_1_47' title="bbox 2026 1831 3614 1906">
     <span class='ocr_line' id='line_1_47' title="bbox 2026 1831 3614 1906; baseline -0.003 -16"><span class='ocrx_word' id='word_1_311' title='bbox 2026 1836 2208 1906; x_wconf 80' lang='lat' dir='ltr'><strong>magni</strong></span> <span class='ocrx_word' id='word_1_312' title='bbox 2258 1836 2522 1890; x_wconf 86' lang='lat' dir='ltr'><strong>momenti</strong></span> <span class='ocrx_word' id='word_1_313' title='bbox 2576 1844 2680 1890; x_wconf 82' lang='lat' dir='ltr'><strong>est.</strong></span> <span class='ocrx_word' id='word_1_314' title='bbox 2730 1832 3186 1902; x_wconf 85' lang='lat' dir='ltr'><strong>Quandoquidem</strong></span> <span class='ocrx_word' id='word_1_315' title='bbox 3230 1831 3412 1901; x_wconf 91' lang='lat' dir='ltr'><strong>potuit</strong></span> <span class='ocrx_word' id='word_1_316' title='bbox 3448 1831 3614 1886; x_wconf 84' lang='lat' dir='ltr'><strong>facile</strong></span> 
     </span>
    </p>
   </div>
   <div class='ocr_carea' id='block_1_48' title="bbox 2024 1923 3615 1997">
    <p class='ocr_par' dir='ltr' id='par_1_48' title="bbox 2024 1923 3615 1997">
     <span class='ocr_line' id='line_1_48' title="bbox 2024 1923 3615 1997; baseline -0.003 -15"><span class='ocrx_word' id='word_1_317' title='bbox 2024 1937 2120 1982; x_wconf 91' lang='lat' dir='ltr'><strong>aut</strong></span> <span class='ocrx_word' id='word_1_318' title='bbox 2169 1928 2284 1997; x_wconf 90' lang='lat' dir='ltr'><strong>ipse</strong></span> <span class='ocrx_word' id='word_1_319' title='bbox 2329 1927 2736 1990; x_wconf 88' lang='lat' dir='ltr'><strong>Theodoretus,</strong></span> <span class='ocrx_word' id='word_1_320' title='bbox 2774 1926 2939 1981; x_wconf 92' lang='lat' dir='ltr'><strong>homo</strong></span> <span class='ocrx_word' id='word_1_321' title='bbox 2971 1925 3132 1996; x_wconf 82' lang='lat' dir='ltr'><strong>longe</strong></span> <span class='ocrx_word' id='word_1_322' title='bbox 3156 1925 3388 1994; x_wconf 84' lang='lat' dir='ltr'><strong>positus,</strong></span> <span class='ocrx_word' id='word_1_323' title='bbox 3421 1923 3615 1979; x_wconf 83' lang='lat' dir='ltr'><strong>Marti-</strong></span> 
     </span>
    </p>
   </div>
   <div class='ocr_carea' id='block_1_49' title="bbox 2023 2015 3612 2088">
    <p class='ocr_par' dir='ltr' id='par_1_49' title="bbox 2023 2015 3612 2088">
     <span class='ocr_line' id='line_1_49' title="bbox 2023 2015 3612 2088; baseline -0.003 -16"><span class='ocrx_word' id='word_1_324' title='bbox 2023 2034 2156 2072; x_wconf 88' lang='lat' dir='ltr'><strong>nmn</strong></span> <span class='ocrx_word' id='word_1_325' title='bbox 2185 2019 2392 2083; x_wconf 86' lang='lat' dir='ltr'><strong>dicere,</strong></span> <span class='ocrx_word' id='word_1_326' title='bbox 2424 2018 2519 2088; x_wconf 86' lang='lat' dir='ltr'><strong>qui</strong></span> <span class='ocrx_word' id='word_1_327' title='bbox 2560 2033 2687 2072; x_wconf 88' lang='lat' dir='ltr'><strong>vere</strong></span> <span class='ocrx_word' id='word_1_328' title='bbox 2711 2016 3076 2072; x_wconf 78' lang='lat' dir='ltr'><strong>Martinianus</strong></span> <span class='ocrx_word' id='word_1_329' title='bbox 3109 2023 3266 2081; x_wconf 90' lang='lat' dir='ltr'><strong>erat;</strong></span> <span class='ocrx_word' id='word_1_330' title='bbox 3304 2023 3402 2069; x_wconf 91' lang='lat' dir='ltr'><strong>aut</strong></span> <span class='ocrx_word' id='word_1_331' title='bbox 3431 2015 3612 2069; x_wconf 83' lang='lat' dir='ltr'><strong>libra-</strong></span> 
     </span>
    </p>
   </div>
   <div class='ocr_carea' id='block_1_50' title="bbox 2025 2107 3613 2174">
    <p class='ocr_par' dir='ltr' id='par_1_50' title="bbox 2025 2107 3613 2174">
     <span class='ocr_line' id='line_1_50' title="bbox 2025 2107 3613 2174; baseline -0.001 -11"><span class='ocrx_word' id='word_1_332' title='bbox 2025 2109 2160 2174; x_wconf 85' lang='lat' dir='ltr'><strong>rius,</strong></span> <span class='ocrx_word' id='word_1_333' title='bbox 2185 2110 2499 2166; x_wconf 81' lang='lat' dir='ltr'><strong>Martiniani</strong></span> <span class='ocrx_word' id='word_1_334' title='bbox 2531 2109 2753 2164; x_wconf 90' lang='lat' dir='ltr'><strong>nomine</strong></span> <span class='ocrx_word' id='word_1_335' title='bbox 2789 2108 3072 2173; x_wconf 89' lang='lat' dir='ltr'><strong>breviato,</strong></span> <span class='ocrx_word' id='word_1_336' title='bbox 3121 2107 3420 2163; x_wconf 79' lang='lat' dir='ltr'><strong>Martinum</strong></span> <span class='ocrx_word' id='word_1_337' title='bbox 3468 2108 3613 2162; x_wconf 81' lang='lat' dir='ltr'><strong>scri-</strong></span> 
     </span>
    </p>
   </div>
   <div class='ocr_carea' id='block_1_51' title="bbox 2025 2203 2177 2258">
    <p class='ocr_par' dir='ltr' id='par_1_51' title="bbox 2025 2203 2177 2258">
     <span class='ocr_line' id='line_1_51' title="bbox 2025 2203 2177 2258; baseline 0.007 -1"><span class='ocrx_word' id='word_1_338' title='bbox 2025 2203 2177 2258; x_wconf 91' lang='lat' dir='ltr'><strong>bere.</strong></span> 
     </span>
    </p>
   </div>
   <div class='ocr_carea' id='block_1_52' title="bbox 2088 2293 3613 2366">
    <p class='ocr_par' dir='ltr' id='par_1_52' title="bbox 2088 2293 3613 2366">
     <span class='ocr_line' id='line_1_52' title="bbox 2088 2293 3613 2366; baseline -0.002 -14"><span class='ocrx_word' id='word_1_339' title='bbox 2088 2294 2250 2363; x_wconf 84' lang='lat'><strong>372</strong></span> <span class='ocrx_word' id='word_1_340' title='bbox 2280 2294 2369 2348; x_wconf 90' lang='lat' dir='ltr'><strong>lll.</strong></span> <span class='ocrx_word' id='word_1_341' title='bbox 2398 2295 2478 2349; x_wconf 83' lang='lat' dir='ltr'><strong>Eo</strong></span> <span class='ocrx_word' id='word_1_342' title='bbox 2514 2303 2757 2364; x_wconf 85' lang='lat' dir='ltr'><strong>tempore</strong></span> <span class='ocrx_word' id='word_1_343' title='bbox 2778 2294 2905 2348; x_wconf 86' lang='lat' dir='ltr'><strong>data</strong></span> <span class='ocrx_word' id='word_1_344' title='bbox 2931 2303 3037 2359; x_wconf 89' lang='lat' dir='ltr'><strong>est,</strong></span> <span class='ocrx_word' id='word_1_345' title='bbox 3069 2311 3181 2365; x_wconf 89' lang='lat' dir='ltr'><strong>quo</strong></span> <span class='ocrx_word' id='word_1_346' title='bbox 3210 2295 3377 2366; x_wconf 89' lang='lat' dir='ltr'><strong>legati</strong></span> <span class='ocrx_word' id='word_1_347' title='bbox 3406 2293 3613 2350; x_wconf 89' lang='lat' dir='ltr'><strong>Orien-</strong></span> 
     </span>
    </p>
   </div>
   <div class='ocr_carea' id='block_1_53' title="bbox 2027 2384 3611 2457">
    <p class='ocr_par' dir='ltr' id='par_1_53' title="bbox 2027 2384 3611 2457">
     <span class='ocr_line' id='line_1_53' title="bbox 2027 2384 3611 2457; baseline 0.003 -19"><span class='ocrx_word' id='word_1_348' title='bbox 2027 2385 2164 2440; x_wconf 91' lang='lat' dir='ltr'><strong>tales</strong></span> <span class='ocrx_word' id='word_1_349' title='bbox 2193 2384 2600 2440; x_wconf 84' lang='lat' dir='ltr'><strong>Chalcedonem</strong></span> <span class='ocrx_word' id='word_1_350' title='bbox 2629 2387 2878 2456; x_wconf 90' lang='lat' dir='ltr'><strong>appulsi,</strong></span> <span class='ocrx_word' id='word_1_351' title='bbox 2913 2387 3120 2440; x_wconf 91' lang='lat' dir='ltr'><strong>ibidem</strong></span> <span class='ocrx_word' id='word_1_352' title='bbox 3145 2387 3611 2457; x_wconf 86' lang='lat' dir='ltr'><strong>consisterejussi</strong></span> 
     </span>
    </p>
   </div>
   <div class='ocr_carea' id='block_1_54' title="bbox 2026 2477 3612 2547">
    <p class='ocr_par' dir='ltr' id='par_1_54' title="bbox 2026 2477 3612 2547">
     <span class='ocr_line' id='line_1_54' title="bbox 2026 2477 3612 2547; baseline 0.001 -15"><span class='ocrx_word' id='word_1_353' title='bbox 2026 2486 2176 2541; x_wconf 90' lang='lat' dir='ltr'><strong>sunt,</strong></span> <span class='ocrx_word' id='word_1_354' title='bbox 2209 2477 2318 2531; x_wconf 91' lang='lat' dir='ltr'><strong>imo</strong></span> <span class='ocrx_word' id='word_1_355' title='bbox 2346 2487 2470 2547; x_wconf 89' lang='lat' dir='ltr'><strong>post</strong></span> <span class='ocrx_word' id='word_1_356' title='bbox 2495 2479 2750 2547; x_wconf 91' lang='lat' dir='ltr'><strong>quintum</strong></span> <span class='ocrx_word' id='word_1_357' title='bbox 2779 2479 3130 2547; x_wconf 89' lang='lat' dir='ltr'><strong>imperatoris</strong></span> <span class='ocrx_word' id='word_1_358' title='bbox 3170 2478 3225 2532; x_wconf 92' lang='lat' dir='ltr'><strong>in</strong></span> <span class='ocrx_word' id='word_1_359' title='bbox 3252 2478 3612 2533; x_wconf 81' lang='lat' dir='ltr'><strong>Rufinianum</strong></span> 
     </span>
    </p>
   </div>
   <div class='ocr_carea' id='block_1_55' title="bbox 2025 2570 3614 2642">
    <p class='ocr_par' dir='ltr' id='par_1_55' title="bbox 2025 2570 3614 2642">
     <span class='ocr_line' id='line_1_55' title="bbox 2025 2570 3614 2642; baseline 0.004 -20"><span class='ocrx_word' id='word_1_360' title='bbox 2025 2570 2257 2639; x_wconf 87' lang='lat' dir='ltr'><strong>profecti</strong></span> <span class='ocrx_word' id='word_1_361' title='bbox 2311 2570 2582 2624; x_wconf 82' lang='lat' dir='ltr'><strong>allatum:</strong></span> <span class='ocrx_word' id='word_1_362' title='bbox 2629 2571 2782 2640; x_wconf 92' lang='lat' dir='ltr'><strong>prius</strong></span> <span class='ocrx_word' id='word_1_363' title='bbox 2825 2580 3006 2626; x_wconf 90' lang='lat' dir='ltr'><strong>tamen</strong></span> <span class='ocrx_word' id='word_1_364' title='bbox 3050 2585 3214 2642; x_wconf 87' lang='lat' dir='ltr'><strong>quam</strong></span> <span class='ocrx_word' id='word_1_365' title='bbox 3243 2572 3383 2642; x_wconf 88' lang='lat' dir='ltr'><strong>jussi</strong></span> <span class='ocrx_word' id='word_1_366' title='bbox 3422 2580 3614 2628; x_wconf 85' lang='lat' dir='ltr'><strong>essent</strong></span> 
     </span>
    </p>
   </div>
   <div class='ocr_carea' id='block_1_56' title="bbox 2027 2662 2805 2718">
    <p class='ocr_par' dir='ltr' id='par_1_56' title="bbox 2027 2662 2805 2718">
     <span class='ocr_line' id='line_1_56' title="bbox 2027 2662 2805 2718; baseline 0.004 -3"><span class='ocrx_word' id='word_1_367' title='bbox 2027 2676 2155 2715; x_wconf 86' lang='lat' dir='ltr'><strong>suas</strong></span> <span class='ocrx_word' id='word_1_368' title='bbox 2190 2662 2244 2714; x_wconf 92' lang='lat' dir='ltr'><strong>in</strong></span> <span class='ocrx_word' id='word_1_369' title='bbox 2288 2662 2553 2717; x_wconf 89' lang='lat' dir='ltr'><strong>ecclesias</strong></span> <span class='ocrx_word' id='word_1_370' title='bbox 2581 2663 2805 2718; x_wconf 89' lang='lat' dir='ltr'><strong>reverti.</strong></span> 
     </span>
    </p>
   </div>
   <div class='ocr_carea' id='block_1_57' title="bbox 2097 2753 3616 2826">
    <p class='ocr_par' dir='ltr' id='par_1_57' title="bbox 2097 2753 3616 2826">
     <span class='ocr_line' id='line_1_57' title="bbox 2097 2753 3616 2826; baseline 0.003 -19"><span class='ocrx_word' id='word_1_371' title='bbox 2097 2753 2182 2807; x_wconf 84' lang='lat' dir='ltr'><strong>IV.</strong></span> <span class='ocrx_word' id='word_1_372' title='bbox 2211 2754 2336 2808; x_wconf 86' lang='lat' dir='ltr'><strong>Fuit</strong></span> <span class='ocrx_word' id='word_1_373' title='bbox 2370 2770 2502 2809; x_wconf 86' lang='lat' dir='ltr'><strong>vero</strong></span> <span class='ocrx_word' id='word_1_374' title='bbox 2531 2755 2812 2810; x_wconf 89' lang='lat' dir='ltr'><strong>scribendi</strong></span> <span class='ocrx_word' id='word_1_375' title='bbox 2848 2757 3162 2821; x_wconf 85' lang='lat' dir='ltr'><strong>consilium,</strong></span> <span class='ocrx_word' id='word_1_376' title='bbox 3194 2765 3253 2811; x_wconf 92' lang='lat' dir='ltr'><strong>ut</strong></span> <span class='ocrx_word' id='word_1_377' title='bbox 3276 2772 3483 2826; x_wconf 63' lang='lat' dir='ltr'><strong>magnae</strong></span> <span class='ocrx_word' id='word_1_378' title='bbox 3513 2772 3616 2811; x_wconf 87' lang='lat' dir='ltr'><strong>cu-</strong></span> 
     </span>
    </p>
   </div>
   <div class='ocr_carea' id='block_1_58' title="bbox 2023 2845 3613 2917">
    <p class='ocr_par' dir='ltr' id='par_1_58' title="bbox 2023 2845 3613 2917">
     <span class='ocr_line' id='line_1_58' title="bbox 2023 2845 3613 2917; baseline 0.001 -18"><span class='ocrx_word' id='word_1_379' title='bbox 2023 2846 2239 2916; x_wconf 89' lang='lat' dir='ltr'><strong>jusdam</strong></span> <span class='ocrx_word' id='word_1_380' title='bbox 2302 2848 2599 2917; x_wconf 83' lang='lat' dir='ltr'><strong>provinciae</strong></span> <span class='ocrx_word' id='word_1_381' title='bbox 2642 2847 2870 2902; x_wconf 89' lang='lat' dir='ltr'><strong>antistes</strong></span> <span class='ocrx_word' id='word_1_382' title='bbox 2917 2848 2970 2902; x_wconf 92' lang='lat' dir='ltr'><strong>in</strong></span> <span class='ocrx_word' id='word_1_383' title='bbox 3021 2857 3206 2916; x_wconf 86' lang='lat' dir='ltr'><strong>partes</strong></span> <span class='ocrx_word' id='word_1_384' title='bbox 3240 2845 3613 2902; x_wconf 80' lang='lat' dir='ltr'><strong>Orientalium</strong></span> 
     </span>
    </p>
   </div>
   <div class='ocr_carea' id='block_1_59' title="bbox 2032 2938 3616 3008">
    <p class='ocr_par' dir='ltr' id='par_1_59' title="bbox 2032 2938 3616 3008">
     <span class='ocr_line' id='line_1_59' title="bbox 2032 2938 3616 3008; baseline 0.001 -16"><span class='ocrx_word' id='word_1_385' title='bbox 2032 2940 2366 3004; x_wconf 87' lang='lat' dir='ltr'><strong>traheretur,</strong></span> <span class='ocrx_word' id='word_1_386' title='bbox 2418 2955 2521 2994; x_wconf 91' lang='lat' dir='ltr'><strong>nec</strong></span> <span class='ocrx_word' id='word_1_387' title='bbox 2558 2941 2836 2995; x_wconf 88' lang='lat' dir='ltr'><strong>sineretur</strong></span> <span class='ocrx_word' id='word_1_388' title='bbox 2875 2940 3138 2994; x_wconf 87' lang='lat' dir='ltr'><strong>Flaviano</strong></span> <span class='ocrx_word' id='word_1_389' title='bbox 3173 2938 3616 3008; x_wconf 89' lang='lat' dir='ltr'><strong>Philippensium</strong></span> 
     </span>
    </p>
   </div>
   <div class='ocr_carea' id='block_1_60' title="bbox 2031 3030 3618 3100">
    <p class='ocr_par' dir='ltr' id='par_1_60' title="bbox 2031 3030 3618 3100">
     <span class='ocr_line' id='line_1_60' title="bbox 2031 3030 3618 3100; baseline 0.001 -17"><span class='ocrx_word' id='word_1_390' title='bbox 2031 3030 2328 3100; x_wconf 77' lang='lat' dir='ltr'><strong>episcopo,</strong></span> <span class='ocrx_word' id='word_1_391' title='bbox 2388 3031 2477 3085; x_wconf 92' lang='lat' dir='ltr'><strong>cui</strong></span> <span class='ocrx_word' id='word_1_392' title='bbox 2523 3032 2673 3085; x_wconf 88' lang='lat' dir='ltr'><strong>vices</strong></span> <span class='ocrx_word' id='word_1_393' title='bbox 2733 3046 2862 3086; x_wconf 88' lang='lat' dir='ltr'><strong>suas</strong></span> <span class='ocrx_word' id='word_1_394' title='bbox 2915 3031 3301 3094; x_wconf 90' lang='lat' dir='ltr'><strong>commiserat,</strong></span> <span class='ocrx_word' id='word_1_395' title='bbox 3348 3031 3618 3085; x_wconf 86' lang='lat' dir='ltr'><strong>referenti</strong></span> 
     </span>
    </p>
   </div>
   <div class='ocr_carea' id='block_1_61' title="bbox 344 3119 3616 3204">
    <p class='ocr_par' dir='ltr' id='par_1_61' title="bbox 344 3119 3616 3204">
     <span class='ocr_line' id='line_1_61' title="bbox 344 3119 3616 3204; baseline 0.001 -30"><span class='ocrx_word' id='word_1_396' title='bbox 344 3119 402 3174; x_wconf 70' lang='lat'><strong>4°</strong></span> <span class='ocrx_word' id='word_1_397' title='bbox 429 3120 497 3174; x_wconf 91' lang='lat' dir='ltr'><strong>de</strong></span> <span class='ocrx_word' id='word_1_398' title='bbox 526 3121 790 3177; x_wconf 90' lang='lat' dir='ltr'><strong>Ecclesiis</strong></span> <span class='ocrx_word' id='word_1_399' title='bbox 827 3124 1064 3178; x_wconf 91' lang='lat' dir='ltr'><strong>occlusis</strong></span> <span class='ocrx_word' id='word_1_400' title='bbox 1103 3140 1134 3177; x_wconf 89' lang='lat' dir='ltr'><strong>a</strong></span> <span class='ocrx_word' id='word_1_401' title='bbox 1172 3123 1603 3180; x_wconf 87' lang='lat' dir='ltr'><strong>Chalcedonensi</strong></span> <span class='ocrx_word' id='word_1_402' title='bbox 1646 3126 1926 3195; x_wconf 91' lang='lat' dir='ltr'><strong>episc0po,</strong></span> <span class='ocrx_word' id='word_1_403' title='bbox 1957 3147 1998 3204; x_wconf 69' lang='grc' dir='ltr'>ρ</span> <span class='ocrx_word' id='word_1_404' title='bbox 2033 3131 2235 3175; x_wconf 68' lang='lat' dir='ltr'><strong>sancta:</strong></span> <span class='ocrx_word' id='word_1_405' title='bbox 2256 3122 2449 3192; x_wconf 81' lang='lat' dir='ltr'><strong>synodi</strong></span> <span class='ocrx_word' id='word_1_406' title='bbox 2477 3138 2577 3191; x_wconf 89' lang='lat' dir='ltr'><strong>pro</strong></span> <span class='ocrx_word' id='word_1_407' title='bbox 2610 3121 3126 3193; x_wconf 84' lang='lat' dir='ltr'><strong>Cyrillojudicium,</strong></span> <span class='ocrx_word' id='word_1_408' title='bbox 3159 3122 3320 3176; x_wconf 88' lang='lat' dir='ltr'><strong>fidem</strong></span> <span class='ocrx_word' id='word_1_409' title='bbox 3349 3121 3556 3176; x_wconf 87' lang='lat' dir='ltr'><strong>habere</strong></span> <span class='ocrx_word' id='word_1_410' title='bbox 3600 3139 3616 3176; x_wconf 88' lang='lat'><strong>:</strong></span> 
     </span>
    </p>
   </div>
   <div class='ocr_carea' id='block_1_62' title="bbox 347 3214 1930 3286">
    <p class='ocr_par' dir='ltr' id='par_1_62' title="bbox 347 3214 1930 3286">
     <span class='ocr_line' id='line_1_62' title="bbox 347 3214 1930 3286; baseline 0.002 -20"><span class='ocrx_word' id='word_1_411' title='bbox 347 3226 416 3266; x_wconf 88' lang='lat' dir='ltr'><strong>ne</strong></span> <span class='ocrx_word' id='word_1_412' title='bbox 445 3219 700 3282; x_wconf 89' lang='lat' dir='ltr'><strong>paterent</strong></span> <span class='ocrx_word' id='word_1_413' title='bbox 734 3214 1098 3270; x_wconf 88' lang='lat' dir='ltr'><strong>schismaticis</strong></span> <span class='ocrx_word' id='word_1_414' title='bbox 1123 3232 1138 3281; x_wconf 90' lang='lat'><strong>;</strong></span> <span class='ocrx_word' id='word_1_415' title='bbox 1165 3215 1220 3269; x_wconf 81' lang='lat'><strong>5°</strong></span> <span class='ocrx_word' id='word_1_416' title='bbox 1244 3215 1481 3286; x_wconf 89' lang='lat' dir='ltr'><strong>denique</strong></span> <span class='ocrx_word' id='word_1_417' title='bbox 1509 3216 1577 3270; x_wconf 90' lang='lat' dir='ltr'><strong>de</strong></span> <span class='ocrx_word' id='word_1_418' title='bbox 1608 3218 1727 3271; x_wconf 88' lang='lat' dir='ltr'><strong>zelo</strong></span> <span class='ocrx_word' id='word_1_419' title='bbox 1769 3217 1930 3271; x_wconf 87' lang='lat' dir='ltr'><strong>cleri-</strong></span> 
     </span>
    </p>
   </div>
   <div class='ocr_carea' id='block_1_63' title="bbox 347 3305 1930 3376">
    <p class='ocr_par' dir='ltr' id='par_1_63' title="bbox 347 3305 1930 3376">
     <span class='ocr_line' id='line_1_63' title="bbox 347 3305 1930 3376; baseline 0.004 -20"><span class='ocrx_word' id='word_1_420' title='bbox 347 3315 541 3356; x_wconf 88' lang='lat' dir='ltr'><strong>corum</strong></span> <span class='ocrx_word' id='word_1_421' title='bbox 581 3313 636 3356; x_wconf 90' lang='lat' dir='ltr'><strong>et</strong></span> <span class='ocrx_word' id='word_1_422' title='bbox 682 3305 1074 3359; x_wconf 87' lang='lat' dir='ltr'><strong>monachorum</strong></span> <span class='ocrx_word' id='word_1_423' title='bbox 1130 3306 1285 3361; x_wconf 89' lang='lat' dir='ltr'><strong>urbis</strong></span> <span class='ocrx_word' id='word_1_424' title='bbox 1358 3308 1538 3376; x_wconf 76' lang='lat' dir='ltr'><strong>regiae.</strong></span> <span class='ocrx_word' id='word_1_425' title='bbox 1589 3307 1930 3362; x_wconf 88' lang='lat' dir='ltr'><strong>Clericorum</strong></span> 
     </span>
    </p>
   </div>
   <div class='ocr_carea' id='block_1_64' title="bbox 350 3392 1933 3468">
    <p class='ocr_par' dir='ltr' id='par_1_64' title="bbox 350 3392 1933 3468">
     <span class='ocr_line' id='line_1_64' title="bbox 350 3392 1933 3468; baseline 0.006 -21"><span class='ocrx_word' id='word_1_426' title='bbox 350 3392 460 3448; x_wconf 75' lang='lat' dir='ltr'><strong>dux</strong></span> <span class='ocrx_word' id='word_1_427' title='bbox 491 3403 612 3449; x_wconf 91' lang='lat' dir='ltr'><strong>erat</strong></span> <span class='ocrx_word' id='word_1_428' title='bbox 638 3395 926 3466; x_wconf 88' lang='lat' dir='ltr'><strong>Philippus</strong></span> <span class='ocrx_word' id='word_1_429' title='bbox 956 3398 1270 3468; x_wconf 81' lang='lat' dir='ltr'><strong>presbyter,</strong></span> <span class='ocrx_word' id='word_1_430' title='bbox 1291 3400 1686 3453; x_wconf 87' lang='lat' dir='ltr'><strong>monachorum</strong></span> <span class='ocrx_word' id='word_1_431' title='bbox 1711 3408 1933 3456; x_wconf 89' lang='lat' dir='ltr'><strong>sanctus</strong></span> 
     </span>
    </p>
   </div>
   <div class='ocr_carea' id='block_1_65' title="bbox 352 3485 674 3542">
    <p class='ocr_par' dir='ltr' id='par_1_65' title="bbox 352 3485 674 3542">
     <span class='ocr_line' id='line_1_65' title="bbox 352 3485 674 3542; baseline 0.006 -2"><span class='ocrx_word' id='word_1_432' title='bbox 352 3485 674 3542; x_wconf 87' lang='lat' dir='ltr'><strong>Dalmatius.</strong></span> 
     </span>
    </p>
   </div>
   <div class='ocr_carea' id='block_1_66' title="bbox 430 3578 1935 3657">
    <p class='ocr_par' dir='ltr' id='par_1_66' title="bbox 430 3578 1935 3657">
     <span class='ocr_line' id='line_1_66' title="bbox 430 3578 1935 3657; baseline 0.007 -24"><span class='ocrx_word' id='word_1_433' title='bbox 430 3578 496 3634; x_wconf 79' lang='grc' dir='ltr'><strong>Χ.</strong></span> <span class='ocrx_word' id='word_1_434' title='bbox 538 3578 955 3636; x_wconf 86' lang='lat' dir='ltr'><strong>Observandum</strong></span> <span class='ocrx_word' id='word_1_435' title='bbox 990 3585 1179 3648; x_wconf 87' lang='lat' dir='ltr'><strong>etiam,</strong></span> <span class='ocrx_word' id='word_1_436' title='bbox 1232 3587 1646 3641; x_wconf 85' lang='lat' dir='ltr'><strong>consonantiam</strong></span> <span class='ocrx_word' id='word_1_437' title='bbox 1707 3589 1935 3657; x_wconf 86' lang='lat' dir='ltr'><strong>hujusce</strong></span> 
     </span>
    </p>
   </div>
   <div class='ocr_carea' id='block_1_67' title="bbox 353 3671 1935 3741">
    <p class='ocr_par' dir='ltr' id='par_1_67' title="bbox 353 3671 1935 3741">
     <span class='ocr_line' id='line_1_67' title="bbox 353 3671 1935 3741; baseline 0.005 -17"><span class='ocrx_word' id='word_1_438' title='bbox 353 3671 604 3741; x_wconf 64' lang='lat' dir='ltr'><strong>epistolae</strong></span> <span class='ocrx_word' id='word_1_439' title='bbox 650 3682 706 3726; x_wconf 89' lang='lat' dir='ltr'><strong>et</strong></span> <span class='ocrx_word' id='word_1_440' title='bbox 755 3673 1038 3729; x_wconf 90' lang='lat' dir='ltr'><strong>concionis</strong></span> <span class='ocrx_word' id='word_1_441' title='bbox 1069 3675 1419 3732; x_wconf 88' lang='lat' dir='ltr'><strong>Chalcedone</strong></span> <span class='ocrx_word' id='word_1_442' title='bbox 1462 3677 1682 3741; x_wconf 68' lang='lat' dir='ltr'><strong>habitae,</strong></span> <span class='ocrx_word' id='word_1_443' title='bbox 1730 3687 1935 3732; x_wconf 85' lang='lat' dir='ltr'><strong>tantam</strong></span> 
     </span>
    </p>
   </div>
   <div class='ocr_carea' id='block_1_68' title="bbox 354 3765 1937 3839">
    <p class='ocr_par' dir='ltr' id='par_1_68' title="bbox 354 3765 1937 3839">
     <span class='ocr_line' id='line_1_68' title="bbox 354 3765 1937 3839; baseline 0.003 -19"><span class='ocrx_word' id='word_1_444' title='bbox 354 3779 495 3825; x_wconf 86' lang='lat' dir='ltr'><strong>esse,</strong></span> <span class='ocrx_word' id='word_1_445' title='bbox 525 3774 585 3819; x_wconf 91' lang='lat' dir='ltr'><strong>ut</strong></span> <span class='ocrx_word' id='word_1_446' title='bbox 609 3765 780 3820; x_wconf 89' lang='lat' dir='ltr'><strong>altera</strong></span> <span class='ocrx_word' id='word_1_447' title='bbox 801 3767 957 3821; x_wconf 88' lang='lat' dir='ltr'><strong>alteri</strong></span> <span class='ocrx_word' id='word_1_448' title='bbox 997 3767 1158 3822; x_wconf 89' lang='lat' dir='ltr'><strong>fidem</strong></span> <span class='ocrx_word' id='word_1_449' title='bbox 1182 3770 1473 3836; x_wconf 91' lang='lat' dir='ltr'><strong>conciliet;</strong></span> <span class='ocrx_word' id='word_1_450' title='bbox 1512 3778 1744 3839; x_wconf 88' lang='lat' dir='ltr'><strong>utraque</strong></span> <span class='ocrx_word' id='word_1_451' title='bbox 1789 3780 1937 3824; x_wconf 87' lang='lat' dir='ltr'><strong>certe</strong></span> 
     </span>
    </p>
   </div>
   <div class='ocr_carea' id='block_1_69' title="bbox 357 3854 1938 3927">
    <p class='ocr_par' dir='ltr' id='par_1_69' title="bbox 357 3854 1938 3927">
     <span class='ocr_line' id='line_1_69' title="bbox 357 3854 1938 3927; baseline 0.004 -18"><span class='ocrx_word' id='word_1_452' title='bbox 357 3854 683 3910; x_wconf 77' lang='lat' dir='ltr'><strong>seditionem</strong></span> <span class='ocrx_word' id='word_1_453' title='bbox 711 3856 903 3927; x_wconf 89' lang='lat' dir='ltr'><strong>spirat,</strong></span> <span class='ocrx_word' id='word_1_454' title='bbox 940 3866 997 3914; x_wconf 92' lang='lat' dir='ltr'><strong>ct</strong></span> <span class='ocrx_word' id='word_1_455' title='bbox 1038 3858 1446 3915; x_wconf 87' lang='lat' dir='ltr'><strong>Theodoretum</strong></span> <span class='ocrx_word' id='word_1_456' title='bbox 1481 3870 1762 3915; x_wconf 85' lang='lat' dir='ltr'><strong>auctorem</strong></span> <span class='ocrx_word' id='word_1_457' title='bbox 1791 3861 1938 3916; x_wconf 85' lang='lat' dir='ltr'><strong>clare</strong></span> 
     </span>
    </p>
   </div>
   <div class='ocr_carea' id='block_1_70' title="bbox 359 3946 717 4004">
    <p class='ocr_par' dir='ltr' id='par_1_70' title="bbox 359 3946 717 4004">
     <span class='ocr_line' id='line_1_70' title="bbox 359 3946 717 4004; baseline 0 -1"><span class='ocrx_word' id='word_1_458' title='bbox 359 3946 717 4004; x_wconf 88' lang='lat' dir='ltr'><strong>demonstrat.</strong></span> 
     </span>
    </p>
   </div>
   <div class='ocr_carea' id='block_1_71' title="bbox 430 4040 1937 4115">
    <p class='ocr_par' dir='ltr' id='par_1_71' title="bbox 430 4040 1937 4115">
     <span class='ocr_line' id='line_1_71' title="bbox 430 4040 1937 4115; baseline 0.005 -21"><span class='ocrx_word' id='word_1_459' title='bbox 430 4040 521 4094; x_wconf 84' lang='lat' dir='ltr'><strong>Xl.</strong></span> <span class='ocrx_word' id='word_1_460' title='bbox 547 4041 962 4097; x_wconf 87' lang='lat' dir='ltr'><strong>Observandum</strong></span> <span class='ocrx_word' id='word_1_461' title='bbox 987 4043 1245 4114; x_wconf 89' lang='lat' dir='ltr'><strong>denique,</strong></span> <span class='ocrx_word' id='word_1_462' title='bbox 1265 4046 1410 4115; x_wconf 91' lang='lat' dir='ltr'><strong>quod</strong></span> <span class='ocrx_word' id='word_1_463' title='bbox 1431 4046 1507 4100; x_wconf 86' lang='lat' dir='ltr'><strong>ait</strong></span> <span class='ocrx_word' id='word_1_464' title='bbox 1536 4047 1937 4115; x_wconf 90' lang='lat' dir='ltr'><strong>Theodoretus,</strong></span> 
     </span>
    </p>
   </div>
   <div class='ocr_carea' id='block_1_72' title="bbox 361 4132 1938 4206">
    <p class='ocr_par' dir='ltr' id='par_1_72' title="bbox 361 4132 1938 4206">
     <span class='ocr_line' id='line_1_72' title="bbox 361 4132 1938 4206; baseline 0.003 -18"><span class='ocrx_word' id='word_1_465' title='bbox 361 4132 670 4189; x_wconf 87' lang='lat' dir='ltr'><strong>Orientales</strong></span> <span class='ocrx_word' id='word_1_466' title='bbox 698 4145 1056 4205; x_wconf 85' lang='lat' dir='ltr'><strong>congregatos</strong></span> <span class='ocrx_word' id='word_1_467' title='bbox 1099 4135 1266 4190; x_wconf 91' lang='lat' dir='ltr'><strong>fuisse</strong></span> <span class='ocrx_word' id='word_1_468' title='bbox 1307 4138 1531 4206; x_wconf 89' lang='lat' dir='ltr'><strong>quidem</strong></span> <span class='ocrx_word' id='word_1_469' title='bbox 1565 4138 1938 4203; x_wconf 90' lang='lat' dir='ltr'><strong>Chalcedone,</strong></span> 
     </span>
    </p>
   </div>
   <div class='ocr_carea' id='block_1_73' title="bbox 362 4223 1942 4299">
    <p class='ocr_par' dir='ltr' id='par_1_73' title="bbox 362 4223 1942 4299">
     <span class='ocr_line' id='line_1_73' title="bbox 362 4223 1942 4299; baseline 0.004 -21"><span class='ocrx_word' id='word_1_470' title='bbox 362 4223 459 4278; x_wconf 88' lang='lat' dir='ltr'><strong>sed</strong></span> <span class='ocrx_word' id='word_1_471' title='bbox 486 4232 637 4278; x_wconf 81' lang='lat' dir='ltr'><strong>extra</strong></span> <span class='ocrx_word' id='word_1_472' title='bbox 695 4225 983 4278; x_wconf 89' lang='lat' dir='ltr'><strong>ecclesiam</strong></span> <span class='ocrx_word' id='word_1_473' title='bbox 1023 4243 1036 4278; x_wconf 87' lang='lat'><strong>:</strong></span> <span class='ocrx_word' id='word_1_474' title='bbox 1075 4239 1250 4295; x_wconf 88' lang='lat' dir='ltr'><strong>eaque</strong></span> <span class='ocrx_word' id='word_1_475' title='bbox 1291 4226 1346 4280; x_wconf 90' lang='lat' dir='ltr'><strong>in</strong></span> <span class='ocrx_word' id='word_1_476' title='bbox 1382 4229 1804 4299; x_wconf 85' lang='lat' dir='ltr'><strong>congregatione</strong></span> <span class='ocrx_word' id='word_1_477' title='bbox 1857 4229 1942 4283; x_wconf 89' lang='lat' dir='ltr'><strong>fu-</strong></span> 
     </span>
    </p>
   </div>
   <div class='ocr_carea' id='block_1_74' title="bbox 363 4312 1941 4383">
    <p class='ocr_par' dir='ltr' id='par_1_74' title="bbox 363 4312 1941 4383">
     <span class='ocr_line' id='line_1_74' title="bbox 363 4312 1941 4383; baseline 0.004 -15"><span class='ocrx_word' id='word_1_478' title='bbox 363 4312 510 4369; x_wconf 89' lang='lat' dir='ltr'><strong>disse</strong></span> <span class='ocrx_word' id='word_1_479' title='bbox 547 4331 759 4383; x_wconf 87' lang='lat' dir='ltr'><strong>preecs,</strong></span> <span class='ocrx_word' id='word_1_480' title='bbox 803 4331 912 4369; x_wconf 90' lang='lat' dir='ltr'><strong>non</strong></span> <span class='ocrx_word' id='word_1_481' title='bbox 966 4324 1145 4372; x_wconf 87' lang='lat' dir='ltr'><strong>tamen</strong></span> <span class='ocrx_word' id='word_1_482' title='bbox 1199 4318 1476 4382; x_wconf 86' lang='lat' dir='ltr'><strong>habuisse,</strong></span> <span class='ocrx_word' id='word_1_483' title='bbox 1528 4330 1624 4374; x_wconf 88' lang='lat' dir='ltr'><strong>aut</strong></span> <span class='ocrx_word' id='word_1_484' title='bbox 1661 4335 1941 4375; x_wconf 89' lang='lat' dir='ltr'><strong>sacrarum</strong></span> 
     </span>
    </p>
   </div>
   <div class='ocr_carea' id='block_1_75' title="bbox 365 4406 1941 4481">
    <p class='ocr_par' dir='ltr' id='par_1_75' title="bbox 365 4406 1941 4481">
     <span class='ocr_line' id='line_1_75' title="bbox 365 4406 1941 4481; baseline 0.001 -18"><span class='ocrx_word' id='word_1_485' title='bbox 365 4406 774 4478; x_wconf 89' lang='lat' dir='ltr'><strong>Scripturarum</strong></span> <span class='ocrx_word' id='word_1_486' title='bbox 810 4407 1121 4471; x_wconf 89' lang='lat' dir='ltr'><strong>lectionem,</strong></span> <span class='ocrx_word' id='word_1_487' title='bbox 1153 4418 1247 4463; x_wconf 90' lang='lat' dir='ltr'><strong>aut</strong></span> <span class='ocrx_word' id='word_1_488' title='bbox 1274 4410 1647 4477; x_wconf 85' lang='lat' dir='ltr'><strong>oblationem;</strong></span> <span class='ocrx_word' id='word_1_489' title='bbox 1687 4418 1941 4481; x_wconf 90' lang='lat' dir='ltr'><strong>propter-</strong></span> 
     </span>
    </p>
   </div>
   <div class='ocr_carea' id='block_1_76' title="bbox 2035 3211 3621 3283">
    <p class='ocr_par' dir='ltr' id='par_1_76' title="bbox 2035 3211 3621 3283">
     <span class='ocr_line' id='line_1_76' title="bbox 2035 3211 3621 3283; baseline 0.001 -19"><span class='ocrx_word' id='word_1_490' title='bbox 2035 3220 2198 3281; x_wconf 88' lang='lat' dir='ltr'><strong>atque</strong></span> <span class='ocrx_word' id='word_1_491' title='bbox 2236 3211 2350 3265; x_wconf 74' lang='lat' dir='ltr'><strong>inec</strong></span> <span class='ocrx_word' id='word_1_492' title='bbox 2385 3228 2551 3268; x_wconf 90' lang='lat' dir='ltr'><strong>causa</strong></span> <span class='ocrx_word' id='word_1_493' title='bbox 2582 3221 2686 3277; x_wconf 89' lang='lat' dir='ltr'><strong>est,</strong></span> <span class='ocrx_word' id='word_1_494' title='bbox 2718 3229 2817 3267; x_wconf 92' lang='lat' dir='ltr'><strong>cur</strong></span> <span class='ocrx_word' id='word_1_495' title='bbox 2855 3211 3042 3283; x_wconf 77' lang='lat' dir='ltr'><strong>Cyrilli</strong></span> <span class='ocrx_word' id='word_1_496' title='bbox 3079 3211 3352 3266; x_wconf 89' lang='lat' dir='ltr'><strong>sententia</strong></span> <span class='ocrx_word' id='word_1_497' title='bbox 3381 3211 3621 3266; x_wconf 82' lang='lat' dir='ltr'><strong>menda—</strong></span> 
     </span>
    </p>
   </div>
   <div class='ocr_carea' id='block_1_77' title="bbox 2035 3301 3621 3375">
    <p class='ocr_par' dir='ltr' id='par_1_77' title="bbox 2035 3301 3621 3375">
     <span class='ocr_line' id='line_1_77' title="bbox 2035 3301 3621 3375; baseline -0.001 -17"><span class='ocrx_word' id='word_1_498' title='bbox 2035 3303 2208 3368; x_wconf 85' lang='lat' dir='ltr'><strong>citer;</strong></span> <span class='ocrx_word' id='word_1_499' title='bbox 2239 3302 2602 3359; x_wconf 88' lang='lat' dir='ltr'><strong>Orientalium</strong></span> <span class='ocrx_word' id='word_1_500' title='bbox 2627 3320 2736 3368; x_wconf 88' lang='lat' dir='ltr'><strong>res,</strong></span> <span class='ocrx_word' id='word_1_501' title='bbox 2766 3301 3100 3373; x_wconf 89' lang='lat' dir='ltr'><strong>jactabunde</strong></span> <span class='ocrx_word' id='word_1_502' title='bbox 3125 3319 3140 3369; x_wconf 88' lang='lat'><strong>;</strong></span> <span class='ocrx_word' id='word_1_503' title='bbox 3178 3310 3384 3356; x_wconf 81' lang='lat' dir='ltr'><strong>sanctae</strong></span> <span class='ocrx_word' id='word_1_504' title='bbox 3417 3301 3621 3375; x_wconf 87' lang='lat' dir='ltr'><strong>synodi</strong></span> 
     </span>
    </p>
   </div>
   <div class='ocr_carea' id='block_1_78' title="bbox 2034 3396 3395 3468">
    <p class='ocr_par' dir='ltr' id='par_1_78' title="bbox 2034 3396 3395 3468">
     <span class='ocr_line' id='line_1_78' title="bbox 2034 3396 3395 3468; baseline 0.001 -20"><span class='ocrx_word' id='word_1_505' title='bbox 2034 3404 2206 3463; x_wconf 85' lang='lat' dir='ltr'><strong>gesta,</strong></span> <span class='ocrx_word' id='word_1_506' title='bbox 2238 3396 2508 3450; x_wconf 87' lang='lat' dir='ltr'><strong>invidiose</strong></span> <span class='ocrx_word' id='word_1_507' title='bbox 2544 3403 2910 3464; x_wconf 82' lang='lat' dir='ltr'><strong>exponantur.</strong></span> <span class='ocrx_word' id='word_1_508' title='bbox 3391 3463 3395 3468; x_wconf 17' lang='grc' dir='ltr'><strong><em>Α</em></strong></span> 
     </span>
    </p>
   </div>
   <div class='ocr_carea' id='block_1_79' title="bbox 2107 3485 3622 3555">
    <p class='ocr_par' dir='ltr' id='par_1_79' title="bbox 2107 3485 3622 3555">
     <span class='ocr_line' id='line_1_79' title="bbox 2107 3485 3622 3555; baseline 0.001 -15"><span class='ocrx_word' id='word_1_509' title='bbox 2107 3486 2172 3540; x_wconf 76' lang='lat' dir='ltr'><strong>V’.</strong></span> <span class='ocrx_word' id='word_1_510' title='bbox 2207 3486 2286 3540; x_wconf 83' lang='lat' dir='ltr'><strong>Ex</strong></span> <span class='ocrx_word' id='word_1_511' title='bbox 2315 3487 2419 3540; x_wconf 87' lang='lat' dir='ltr'><strong>hac</strong></span> <span class='ocrx_word' id='word_1_512' title='bbox 2442 3485 2676 3554; x_wconf 90' lang='lat' dir='ltr'><strong>epistola</strong></span> <span class='ocrx_word' id='word_1_513' title='bbox 2706 3485 2864 3540; x_wconf 91' lang='lat' dir='ltr'><strong>nobis</strong></span> <span class='ocrx_word' id='word_1_514' title='bbox 2898 3495 3154 3555; x_wconf 91' lang='lat' dir='ltr'><strong>quatuor,</strong></span> <span class='ocrx_word' id='word_1_515' title='bbox 3195 3485 3339 3541; x_wconf 91' lang='lat' dir='ltr'><strong>unde</strong></span> <span class='ocrx_word' id='word_1_516' title='bbox 3356 3485 3622 3541; x_wconf 76' lang='lat' dir='ltr'><strong>ecclesia-</strong></span> 
     </span>
    </p>
   </div>
   <div class='ocr_carea' id='block_1_80' title="bbox 2040 3576 3627 3646">
    <p class='ocr_par' dir='ltr' id='par_1_80' title="bbox 2040 3576 3627 3646">
     <span class='ocr_line' id='line_1_80' title="bbox 2040 3576 3627 3646; baseline 0.001 -15"><span class='ocrx_word' id='word_1_517' title='bbox 2040 3578 2195 3632; x_wconf 85' lang='lat' dir='ltr'><strong>sticae</strong></span> <span class='ocrx_word' id='word_1_518' title='bbox 2227 3577 2473 3632; x_wconf 61' lang='lat' dir='ltr'><strong>historiae</strong></span> <span class='ocrx_word' id='word_1_519' title='bbox 2505 3593 2616 3631; x_wconf 91' lang='lat' dir='ltr'><strong>non</strong></span> <span class='ocrx_word' id='word_1_520' title='bbox 2645 3592 2812 3646; x_wconf 86' lang='lat' dir='ltr'><strong>parva</strong></span> <span class='ocrx_word' id='word_1_521' title='bbox 2856 3576 2949 3631; x_wconf 78' lang='lat' dir='ltr'><strong>lux</strong></span> <span class='ocrx_word' id='word_1_522' title='bbox 2975 3578 3227 3643; x_wconf 78' lang='lat' dir='ltr'><strong>affertur,</strong></span> <span class='ocrx_word' id='word_1_523' title='bbox 3269 3588 3366 3632; x_wconf 87' lang='lat' dir='ltr'><strong>aut</strong></span> <span class='ocrx_word' id='word_1_524' title='bbox 3401 3577 3627 3632; x_wconf 83' lang='lat' dir='ltr'><strong>innote-</strong></span> 
     </span>
    </p>
   </div>
   <div class='ocr_carea' id='block_1_81' title="bbox 2039 3666 3233 3736">
    <p class='ocr_par' dir='ltr' id='par_1_81' title="bbox 2039 3666 3233 3736">
     <span class='ocr_line' id='line_1_81' title="bbox 2039 3666 3233 3736; baseline -0.002 -14"><span class='ocrx_word' id='word_1_525' title='bbox 2039 3675 2198 3722; x_wconf 91' lang='lat' dir='ltr'><strong>scunt</strong></span> <span class='ocrx_word' id='word_1_526' title='bbox 2223 3667 2484 3736; x_wconf 86' lang='lat' dir='ltr'><strong>primum,</strong></span> <span class='ocrx_word' id='word_1_527' title='bbox 2518 3675 2612 3720; x_wconf 87' lang='lat' dir='ltr'><strong>aut</strong></span> <span class='ocrx_word' id='word_1_528' title='bbox 2633 3675 2781 3720; x_wconf 84' lang='lat' dir='ltr'><strong>certe</strong></span> <span class='ocrx_word' id='word_1_529' title='bbox 2815 3666 3233 3721; x_wconf 87' lang='lat' dir='ltr'><strong>confirmantur.</strong></span> 
     </span>
    </p>
   </div>
   <div class='ocr_carea' id='block_1_82' title="bbox 2107 3757 3622 3830">
    <p class='ocr_par' dir='ltr' id='par_1_82' title="bbox 2107 3757 3622 3830">
     <span class='ocr_line' id='line_1_82' title="bbox 2107 3757 3622 3830; baseline 0.001 -17"><span class='ocrx_word' id='word_1_530' title='bbox 2107 3760 2156 3813; x_wconf 80' lang='lat' dir='ltr'><strong>l.</strong></span> <span class='ocrx_word' id='word_1_531' title='bbox 2191 3759 2273 3814; x_wconf 87' lang='lat' dir='ltr'><strong>Fit</strong></span> <span class='ocrx_word' id='word_1_532' title='bbox 2301 3757 2511 3812; x_wconf 90' lang='lat' dir='ltr'><strong>mentio</strong></span> <span class='ocrx_word' id='word_1_533' title='bbox 2547 3757 2749 3812; x_wconf 76' lang='lat' dir='ltr'><strong>Iuliani</strong></span> <span class='ocrx_word' id='word_1_534' title='bbox 2776 3757 3058 3828; x_wconf 86' lang='lat' dir='ltr'><strong>cujusdam</strong></span> <span class='ocrx_word' id='word_1_535' title='bbox 3093 3758 3324 3814; x_wconf 78' lang='lat' dir='ltr'><strong>Eridieae</strong></span> <span class='ocrx_word' id='word_1_536' title='bbox 3349 3760 3622 3830; x_wconf 90' lang='lat' dir='ltr'><strong>episcopi,</strong></span> 
     </span>
    </p>
   </div>
   <div class='ocr_carea' id='block_1_83' title="bbox 2041 3849 3624 3926">
    <p class='ocr_par' dir='ltr' id='par_1_83' title="bbox 2041 3849 3624 3926">
     <span class='ocr_line' id='line_1_83' title="bbox 2041 3849 3624 3926; baseline 0.003 -21"><span class='ocrx_word' id='word_1_537' title='bbox 2041 3861 2102 3905; x_wconf 92' lang='lat' dir='ltr'><strong>ut</strong></span> <span class='ocrx_word' id='word_1_538' title='bbox 2130 3861 2213 3905; x_wconf 91' lang='lat' dir='ltr'><strong>est</strong></span> <span class='ocrx_word' id='word_1_539' title='bbox 2247 3851 2302 3904; x_wconf 90' lang='lat' dir='ltr'><strong>in</strong></span> <span class='ocrx_word' id='word_1_540' title='bbox 2333 3849 2498 3906; x_wconf 86' lang='lat' dir='ltr'><strong>editis</strong></span> <span class='ocrx_word' id='word_1_541' title='bbox 2523 3850 2811 3906; x_wconf 90' lang='lat' dir='ltr'><strong>codicibus</strong></span> <span class='ocrx_word' id='word_1_542' title='bbox 2831 3853 2882 3926; x_wconf 49' lang='grc' dir='ltr'><strong>ἰ</strong></span> <span class='ocrx_word' id='word_1_543' title='bbox 2909 3852 2976 3906; x_wconf 89' lang='lat' dir='ltr'><strong>ad</strong></span> <span class='ocrx_word' id='word_1_544' title='bbox 3002 3868 3166 3922; x_wconf 91' lang='lat' dir='ltr'><strong>quem</strong></span> <span class='ocrx_word' id='word_1_545' title='bbox 3197 3852 3373 3908; x_wconf 85' lang='lat' dir='ltr'><strong>Rufus</strong></span> <span class='ocrx_word' id='word_1_546' title='bbox 3405 3853 3474 3908; x_wconf 94' lang='lat' dir='ltr'><strong>de</strong></span> <span class='ocrx_word' id='word_1_547' title='bbox 3513 3852 3624 3910; x_wconf 81' lang='lat' dir='ltr'><strong>fide</strong></span> 
     </span>
    </p>
   </div>
   <div class='ocr_carea' id='block_1_84' title="bbox 2039 3943 3622 4012">
    <p class='ocr_par' dir='ltr' id='par_1_84' title="bbox 2039 3943 3622 4012">
     <span class='ocr_line' id='line_1_84' title="bbox 2039 3943 3622 4012; baseline 0.002 -14"><span class='ocrx_word' id='word_1_548' title='bbox 2039 3943 2436 4008; x_wconf 86' lang='lat' dir='ltr'><strong>Nicaena,velut</strong></span> <span class='ocrx_word' id='word_1_549' title='bbox 2458 3943 2762 3999; x_wconf 86' lang='lat' dir='ltr'><strong>sufliciente</strong></span> <span class='ocrx_word' id='word_1_550' title='bbox 2787 3944 2855 3998; x_wconf 92' lang='lat' dir='ltr'><strong>ad</strong></span> <span class='ocrx_word' id='word_1_551' title='bbox 2888 3945 3175 3999; x_wconf 89' lang='lat' dir='ltr'><strong>veritatem</strong></span> <span class='ocrx_word' id='word_1_552' title='bbox 3197 3945 3622 4012; x_wconf 88' lang='lat' dir='ltr'><strong>ostendendam,</strong></span> 
     </span>
    </p>
   </div>
   <div class='ocr_carea' id='block_1_85' title="bbox 2040 4031 3624 4104">
    <p class='ocr_par' dir='ltr' id='par_1_85' title="bbox 2040 4031 3624 4104">
     <span class='ocr_line' id='line_1_85' title="bbox 2040 4031 3624 4104; baseline 0.002 -17"><span class='ocrx_word' id='word_1_553' title='bbox 2040 4033 2349 4097; x_wconf 87' lang='lat' dir='ltr'><strong>retinenda,</strong></span> <span class='ocrx_word' id='word_1_554' title='bbox 2383 4042 2547 4102; x_wconf 89' lang='lat' dir='ltr'><strong>atque</strong></span> <span class='ocrx_word' id='word_1_555' title='bbox 2577 4033 2630 4087; x_wconf 91' lang='lat' dir='ltr'><strong>in</strong></span> <span class='ocrx_word' id='word_1_556' title='bbox 2661 4033 2874 4104; x_wconf 79' lang='lat' dir='ltr'><strong>synodo</strong></span> <span class='ocrx_word' id='word_1_557' title='bbox 2913 4033 3260 4089; x_wconf 90' lang='lat' dir='ltr'><strong>defendenda</strong></span> <span class='ocrx_word' id='word_1_558' title='bbox 3303 4031 3624 4104; x_wconf 74' lang='lat' dir='ltr'><strong>&#39;scripserat.</strong></span> 
     </span>
    </p>
   </div>
   <div class='ocr_carea' id='block_1_86' title="bbox 2042 4122 3632 4192">
    <p class='ocr_par' dir='ltr' id='par_1_86' title="bbox 2042 4122 3632 4192">
     <span class='ocr_line' id='line_1_86' title="bbox 2042 4122 3632 4192; baseline -0.001 -13"><span class='ocrx_word' id='word_1_559' title='bbox 2042 4122 2324 4179; x_wconf 87' lang='lat' dir='ltr'><strong>Gerardus</strong></span> <span class='ocrx_word' id='word_1_560' title='bbox 2353 4123 2582 4178; x_wconf 77' lang='lat' dir='ltr'><strong>Vossius</strong></span> <span class='ocrx_word' id='word_1_561' title='bbox 2609 4124 2650 4155; x_wconf 87' lang='grc'><strong>¹⁰</strong></span> <span class='ocrx_word' id='word_1_562' title='bbox 2677 4123 2935 4192; x_wconf 90' lang='lat' dir='ltr'><strong>opinatus</strong></span> <span class='ocrx_word' id='word_1_563' title='bbox 2968 4133 3074 4187; x_wconf 89' lang='lat' dir='ltr'><strong>est,</strong></span> <span class='ocrx_word' id='word_1_564' title='bbox 3122 4123 3270 4178; x_wconf 91' lang='lat' dir='ltr'><strong>hunc</strong></span> <span class='ocrx_word' id='word_1_565' title='bbox 3297 4139 3420 4179; x_wconf 90' lang='lat' dir='ltr'><strong>esse</strong></span> <span class='ocrx_word' id='word_1_566' title='bbox 3453 4124 3632 4180; x_wconf 82' lang='lat' dir='ltr'><strong>Julia-</strong></span> 
     </span>
    </p>
   </div>
   <div class='ocr_carea' id='block_1_87' title="bbox 2042 4214 3630 4285">
    <p class='ocr_par' dir='ltr' id='par_1_87' title="bbox 2042 4214 3630 4285">
     <span class='ocr_line' id='line_1_87' title="bbox 2042 4214 3630 4285; baseline 0.001 -16"><span class='ocrx_word' id='word_1_567' title='bbox 2042 4228 2176 4270; x_wconf 89' lang='lat' dir='ltr'><strong>num</strong></span> <span class='ocrx_word' id='word_1_568' title='bbox 2208 4214 2550 4280; x_wconf 72' lang='lat' dir='ltr'><strong>bmreticum,</strong></span> <span class='ocrx_word' id='word_1_569' title='bbox 2579 4214 2696 4284; x_wconf 91' lang='lat' dir='ltr'><strong>qui,</strong></span> <span class='ocrx_word' id='word_1_570' title='bbox 2729 4230 2856 4268; x_wconf 91' lang='lat' dir='ltr'><strong>cum</strong></span> <span class='ocrx_word' id='word_1_571' title='bbox 2890 4215 3099 4285; x_wconf 88' lang='lat' dir='ltr'><strong>ejectus</strong></span> <span class='ocrx_word' id='word_1_572' title='bbox 3135 4230 3200 4269; x_wconf 81' lang='lat' dir='ltr'><strong>ex</strong></span> <span class='ocrx_word' id='word_1_573' title='bbox 3243 4214 3399 4269; x_wconf 89' lang='lat' dir='ltr'><strong>Italia</strong></span> <span class='ocrx_word' id='word_1_574' title='bbox 3431 4215 3630 4270; x_wconf 87' lang='lat' dir='ltr'><strong>confu-</strong></span> 
     </span>
    </p>
   </div>
   <div class='ocr_carea' id='block_1_88' title="bbox 2043 4307 3628 4378">
    <p class='ocr_par' dir='ltr' id='par_1_88' title="bbox 2043 4307 3628 4378">
     <span class='ocr_line' id='line_1_88' title="bbox 2043 4307 3628 4378; baseline 0.002 -17"><span class='ocrx_word' id='word_1_575' title='bbox 2043 4308 2210 4378; x_wconf 89' lang='lat' dir='ltr'><strong>gisset</strong></span> <span class='ocrx_word' id='word_1_576' title='bbox 2240 4307 2308 4362; x_wconf 92' lang='lat' dir='ltr'><strong>ad</strong></span> <span class='ocrx_word' id='word_1_577' title='bbox 2331 4308 2622 4372; x_wconf 80' lang='lat' dir='ltr'><strong>Asiaticos,</strong></span> <span class='ocrx_word' id='word_1_578' title='bbox 2661 4326 2678 4358; x_wconf 70' lang='grc' dir='ltr'>ι</span> <span class='ocrx_word' id='word_1_579' title='bbox 2713 4307 2783 4360; x_wconf 92' lang='lat' dir='ltr'><strong>ab</strong></span> <span class='ocrx_word' id='word_1_580' title='bbox 2814 4307 2900 4362; x_wconf 91' lang='lat' dir='ltr'><strong>his</strong></span> <span class='ocrx_word' id='word_1_581' title='bbox 2928 4324 3024 4362; x_wconf 91' lang='lat' dir='ltr'><strong>seu</strong></span> <span class='ocrx_word' id='word_1_582' title='bbox 3056 4323 3248 4362; x_wconf 91' lang='lat' dir='ltr'><strong>verum</strong></span> <span class='ocrx_word' id='word_1_583' title='bbox 3274 4308 3628 4378; x_wconf 85' lang='lat' dir='ltr'><strong>episcopatus</strong></span> 
     </span>
    </p>
   </div>
   <div class='ocr_carea' id='block_1_89' title="bbox 2047 4397 3631 4462">
    <p class='ocr_par' dir='ltr' id='par_1_89' title="bbox 2047 4397 3631 4462">
     <span class='ocr_line' id='line_1_89' title="bbox 2047 4397 3631 4462; baseline 0 -8"><span class='ocrx_word' id='word_1_584' title='bbox 2047 4399 2384 4454; x_wconf 87' lang='lat' dir='ltr'><strong>Eridicensis</strong></span> <span class='ocrx_word' id='word_1_585' title='bbox 2418 4399 2706 4462; x_wconf 89' lang='lat' dir='ltr'><strong>honorem,</strong></span> <span class='ocrx_word' id='word_1_586' title='bbox 2757 4414 2853 4452; x_wconf 91' lang='lat' dir='ltr'><strong>seu</strong></span> <span class='ocrx_word' id='word_1_587' title='bbox 2901 4399 3120 4452; x_wconf 89' lang='lat' dir='ltr'><strong>titulum</strong></span> <span class='ocrx_word' id='word_1_588' title='bbox 3171 4398 3361 4451; x_wconf 87' lang='lat' dir='ltr'><strong>saltem</strong></span> <span class='ocrx_word' id='word_1_589' title='bbox 3397 4397 3631 4454; x_wconf 91' lang='lat' dir='ltr'><strong>honoris</strong></span> 
     </span>
    </p>
   </div>
   <div class='ocr_carea' id='block_1_90' title="bbox 362 4487 3630 4572">
    <p class='ocr_par' dir='ltr' id='par_1_90' title="bbox 362 4487 3630 4572">
     <span class='ocr_line' id='line_1_90' title="bbox 362 4487 3630 4572; baseline 0.001 -30"><span class='ocrx_word' id='word_1_590' title='bbox 362 4514 426 4554; x_wconf 78' lang='lat' dir='ltr'><strong>ea</strong></span> <span class='ocrx_word' id='word_1_591' title='bbox 461 4498 606 4569; x_wconf 78' lang='lat' dir='ltr'><strong>quod</strong></span> <span class='ocrx_word' id='word_1_592' title='bbox 635 4498 788 4554; x_wconf 79' lang='lat' dir='ltr'><strong>nefas</strong></span> <span class='ocrx_word' id='word_1_593' title='bbox 820 4507 940 4553; x_wconf 66' lang='lat' dir='ltr'><strong>erat</strong></span> <span class='ocrx_word' id='word_1_594' title='bbox 977 4515 1042 4553; x_wconf 81' lang='lat' dir='ltr'><strong>ea</strong></span> <span class='ocrx_word' id='word_1_595' title='bbox 1093 4507 1416 4569; x_wconf 63' lang='lat' dir='ltr'><strong>tempestate</strong></span> <span class='ocrx_word' id='word_1_596' title='bbox 1459 4509 1750 4570; x_wconf 67' lang='lat' dir='ltr'><strong>utramque</strong></span> <span class='ocrx_word' id='word_1_597' title='bbox 1803 4517 1934 4572; x_wconf 75' lang='lat' dir='ltr'><strong>per-</strong></span> <span class='ocrx_word' id='word_1_598' title='bbox 1972 4501 2014 4556; x_wconf 85' lang='lat' dir='ltr'><strong>D</strong></span> <span class='ocrx_word' id='word_1_599' title='bbox 2047 4505 2179 4560; x_wconf 89' lang='lat' dir='ltr'><strong>ergo</strong></span> <span class='ocrx_word' id='word_1_600' title='bbox 2212 4498 2543 4545; x_wconf 91' lang='lat' dir='ltr'><strong>consecutus</strong></span> <span class='ocrx_word' id='word_1_601' title='bbox 2569 4490 2663 4544; x_wconf 75' lang='grc' dir='ltr'><strong>εἰι.</strong></span> <span class='ocrx_word' id='word_1_602' title='bbox 2703 4508 2721 4540; x_wconf 68' lang='grc' dir='ltr'><strong><em>ι</em></strong></span> <span class='ocrx_word' id='word_1_603' title='bbox 2753 4487 3042 4558; x_wconf 89' lang='lat' dir='ltr'><strong>Opinionis</strong></span> <span class='ocrx_word' id='word_1_604' title='bbox 3069 4487 3360 4542; x_wconf 88' lang='lat' dir='ltr'><strong>falsitatem</strong></span> <span class='ocrx_word' id='word_1_605' title='bbox 3379 4489 3630 4545; x_wconf 84' lang='lat' dir='ltr'><strong>ostendit</strong></span> 
     </span>
    </p>
   </div>
   <div class='ocr_carea' id='block_1_91' title="bbox 364 4590 1936 4662">
    <p class='ocr_par' dir='ltr' id='par_1_91' title="bbox 364 4590 1936 4662">
     <span class='ocr_line' id='line_1_91' title="bbox 364 4590 1936 4662; baseline 0 -16"><span class='ocrx_word' id='word_1_606' title='bbox 364 4606 546 4662; x_wconf 87' lang='lat' dir='ltr'><strong>agere,</strong></span> <span class='ocrx_word' id='word_1_607' title='bbox 582 4591 687 4646; x_wconf 84' lang='lat' dir='ltr'><strong>nisi</strong></span> <span class='ocrx_word' id='word_1_608' title='bbox 733 4591 791 4646; x_wconf 92' lang='lat' dir='ltr'><strong>in</strong></span> <span class='ocrx_word' id='word_1_609' title='bbox 840 4591 1094 4647; x_wconf 82' lang='lat' dir='ltr'><strong>ecclesia.</strong></span> <span class='ocrx_word' id='word_1_610' title='bbox 1148 4590 1303 4646; x_wconf 88' lang='lat' dir='ltr'><strong>Unde</strong></span> <span class='ocrx_word' id='word_1_611' title='bbox 1341 4592 1627 4645; x_wconf 89' lang='lat' dir='ltr'><strong>Nestorius</strong></span> <span class='ocrx_word' id='word_1_612' title='bbox 1685 4592 1936 4662; x_wconf 80' lang='lat' dir='ltr'><strong>Philippo</strong></span> 
     </span>
    </p>
   </div>
   <div class='ocr_carea' id='block_1_92' title="bbox 365 4681 1938 4755">
    <p class='ocr_par' dir='ltr' id='par_1_92' title="bbox 365 4681 1938 4755">
     <span class='ocr_line' id='line_1_92' title="bbox 365 4681 1938 4755; baseline 0.001 -19"><span class='ocrx_word' id='word_1_613' title='bbox 365 4685 686 4754; x_wconf 91' lang='lat' dir='ltr'><strong>presbytero</strong></span> <span class='ocrx_word' id='word_1_614' title='bbox 709 4699 905 4755; x_wconf 83' lang='lat' dir='ltr'><strong>magno</strong></span> <span class='ocrx_word' id='word_1_615' title='bbox 939 4683 1156 4739; x_wconf 87' lang='lat' dir='ltr'><strong>crimini</strong></span> <span class='ocrx_word' id='word_1_616' title='bbox 1186 4681 1349 4737; x_wconf 87' lang='lat' dir='ltr'><strong>vertit</strong></span> <span class='ocrx_word' id='word_1_617' title='bbox 1379 4681 1548 4752; x_wconf 93' lang='lat' dir='ltr'><strong>quod,</strong></span> <span class='ocrx_word' id='word_1_618' title='bbox 1577 4691 1701 4751; x_wconf 94' lang='lat' dir='ltr'><strong>post</strong></span> <span class='ocrx_word' id='word_1_619' title='bbox 1726 4683 1938 4738; x_wconf 86' lang='lat' dir='ltr'><strong>disces-</strong></span> 
     </span>
    </p>
   </div>
   <div class='ocr_carea' id='block_1_93' title="bbox 366 4775 1938 4848">
    <p class='ocr_par' dir='ltr' id='par_1_93' title="bbox 366 4775 1938 4848">
     <span class='ocr_line' id='line_1_93' title="bbox 366 4775 1938 4848; baseline 0.001 -18"><span class='ocrx_word' id='word_1_620' title='bbox 366 4775 576 4830; x_wconf 82' lang='lat' dir='ltr'><strong>sionem</strong></span> <span class='ocrx_word' id='word_1_621' title='bbox 617 4794 646 4830; x_wconf 88' lang='lat' dir='ltr'><strong>a</strong></span> <span class='ocrx_word' id='word_1_622' title='bbox 667 4778 882 4833; x_wconf 88' lang='lat' dir='ltr'><strong>clericis</strong></span> <span class='ocrx_word' id='word_1_623' title='bbox 907 4778 1227 4848; x_wconf 87' lang='lat' dir='ltr'><strong>episcopum</strong></span> <span class='ocrx_word' id='word_1_624' title='bbox 1253 4793 1414 4832; x_wconf 90' lang='lat' dir='ltr'><strong>suum</strong></span> <span class='ocrx_word' id='word_1_625' title='bbox 1443 4777 1593 4831; x_wconf 83' lang='lat' dir='ltr'><strong>velut</strong></span> <span class='ocrx_word' id='word_1_626' title='bbox 1621 4777 1938 4832; x_wconf 70' lang='lat' dir='ltr'><strong>hmreticum</strong></span> 
     </span>
    </p>
   </div>
   <div class='ocr_carea' id='block_1_94' title="bbox 365 4863 1937 4939">
    <p class='ocr_par' dir='ltr' id='par_1_94' title="bbox 365 4863 1937 4939">
     <span class='ocr_line' id='line_1_94' title="bbox 365 4863 1937 4939; baseline 0.002 -19"><span class='ocrx_word' id='word_1_627' title='bbox 365 4863 702 4936; x_wconf 88' lang='lat' dir='ltr'><strong>fugientibus</strong></span> <span class='ocrx_word' id='word_1_628' title='bbox 733 4868 948 4935; x_wconf 89' lang='lat' dir='ltr'><strong>factam,</strong></span> <span class='ocrx_word' id='word_1_629' title='bbox 967 4870 1110 4939; x_wconf 90' lang='lat' dir='ltr'><strong>apud</strong></span> <span class='ocrx_word' id='word_1_630' title='bbox 1144 4885 1200 4924; x_wconf 92' lang='lat' dir='ltr'><strong>se</strong></span> <span class='ocrx_word' id='word_1_631' title='bbox 1228 4869 1499 4924; x_wconf 89' lang='lat' dir='ltr'><strong>coitiones</strong></span> <span class='ocrx_word' id='word_1_632' title='bbox 1525 4875 1581 4924; x_wconf 92' lang='lat' dir='ltr'><strong>et</strong></span> <span class='ocrx_word' id='word_1_633' title='bbox 1601 4869 1937 4924; x_wconf 90' lang='lat' dir='ltr'><strong>oblationem</strong></span> 
     </span>
    </p>
   </div>
   <div class='ocr_carea' id='block_1_95' title="bbox 367 4959 1942 5033">
    <p class='ocr_par' dir='ltr' id='par_1_95' title="bbox 367 4959 1942 5033">
     <span class='ocr_line' id='line_1_95' title="bbox 367 4959 1942 5033; baseline 0.004 -22"><span class='ocrx_word' id='word_1_634' title='bbox 367 4959 686 5029; x_wconf 87' lang='lat' dir='ltr'><strong>peregisset.</strong></span> <span class='ocrx_word' id='word_1_635' title='bbox 723 4959 876 5015; x_wconf 88' lang='lat' dir='ltr'><strong>Unde</strong></span> <span class='ocrx_word' id='word_1_636' title='bbox 913 4963 1080 5016; x_wconf 89' lang='lat' dir='ltr'><strong>etiam</strong></span> <span class='ocrx_word' id='word_1_637' title='bbox 1108 4962 1494 5018; x_wconf 83' lang='lat' dir='ltr'><strong>Theodoretus</strong></span> <span class='ocrx_word' id='word_1_638' title='bbox 1535 4962 1651 5032; x_wconf 89' lang='lat' dir='ltr'><strong>ipse</strong></span> <span class='ocrx_word' id='word_1_639' title='bbox 1678 4963 1942 5033; x_wconf 89' lang='lat' dir='ltr'><strong>singulari</strong></span> 
     </span>
    </p>
   </div>
   <div class='ocr_carea' id='block_1_96' title="bbox 367 5051 1942 5121">
    <p class='ocr_par' dir='ltr' id='par_1_96' title="bbox 367 5051 1942 5121">
     <span class='ocr_line' id='line_1_96' title="bbox 367 5051 1942 5121; baseline 0.001 -15"><span class='ocrx_word' id='word_1_640' title='bbox 367 5051 776 5121; x_wconf 84' lang='lat' dir='ltr'><strong>diSpensatione</strong></span> <span class='ocrx_word' id='word_1_641' title='bbox 829 5069 960 5106; x_wconf 90' lang='lat' dir='ltr'><strong>usus</strong></span> <span class='ocrx_word' id='word_1_642' title='bbox 993 5063 1096 5118; x_wconf 89' lang='lat' dir='ltr'><strong>est,</strong></span> <span class='ocrx_word' id='word_1_643' title='bbox 1139 5071 1262 5108; x_wconf 91' lang='lat' dir='ltr'><strong>cum</strong></span> <span class='ocrx_word' id='word_1_644' title='bbox 1308 5055 1362 5109; x_wconf 91' lang='lat' dir='ltr'><strong>in</strong></span> <span class='ocrx_word' id='word_1_645' title='bbox 1393 5055 1555 5111; x_wconf 85' lang='lat' dir='ltr'><strong>Maris</strong></span> <span class='ocrx_word' id='word_1_646' title='bbox 1579 5054 1823 5110; x_wconf 88' lang='lat' dir='ltr'><strong>eremitae</strong></span> <span class='ocrx_word' id='word_1_647' title='bbox 1852 5063 1942 5109; x_wconf 90' lang='lat' dir='ltr'><strong>tu-</strong></span> 
     </span>
    </p>
   </div>
   <div class='ocr_carea' id='block_1_97' title="bbox 369 5143 1942 5212">
    <p class='ocr_par' dir='ltr' id='par_1_97' title="bbox 369 5143 1942 5212">
     <span class='ocr_line' id='line_1_97' title="bbox 369 5143 1942 5212; baseline 0.003 -15"><span class='ocrx_word' id='word_1_648' title='bbox 369 5143 550 5212; x_wconf 85' lang='lat' dir='ltr'><strong>gurio,</strong></span> <span class='ocrx_word' id='word_1_649' title='bbox 579 5156 677 5211; x_wconf 89' lang='lat' dir='ltr'><strong>pro</strong></span> <span class='ocrx_word' id='word_1_650' title='bbox 719 5143 878 5195; x_wconf 86' lang='lat' dir='ltr'><strong>altari</strong></span> <span class='ocrx_word' id='word_1_651' title='bbox 912 5159 1042 5198; x_wconf 91' lang='lat' dir='ltr'><strong>usus</strong></span> <span class='ocrx_word' id='word_1_652' title='bbox 1087 5146 1441 5200; x_wconf 90' lang='lat' dir='ltr'><strong>diaconorum</strong></span> <span class='ocrx_word' id='word_1_653' title='bbox 1488 5147 1761 5212; x_wconf 89' lang='lat' dir='ltr'><strong>manibus,</strong></span> <span class='ocrx_word' id='word_1_654' title='bbox 1788 5162 1942 5202; x_wconf 88' lang='lat' dir='ltr'><strong>sacra</strong></span> 
     </span>
    </p>
   </div>
   <div class='ocr_carea' id='block_1_98' title="bbox 371 5235 938 5306">
    <p class='ocr_par' dir='ltr' id='par_1_98' title="bbox 371 5235 938 5306">
     <span class='ocr_line' id='line_1_98' title="bbox 371 5235 938 5306; baseline -0.005 -18"><span class='ocrx_word' id='word_1_655' title='bbox 371 5236 631 5306; x_wconf 81' lang='lat' dir='ltr'><strong>mysteria</strong></span> <span class='ocrx_word' id='word_1_656' title='bbox 663 5235 873 5304; x_wconf 82' lang='lat' dir='ltr'><strong>peregit</strong></span> <span class='ocrx_word' id='word_1_657' title='bbox 897 5236 938 5285; x_wconf 83' lang='grc'><strong>⁷.</strong></span> 
     </span>
    </p>
   </div>
   <div class='ocr_carea' id='block_1_99' title="bbox 588 5343 1728 5417">
    <p class='ocr_par' dir='ltr' id='par_1_99' title="bbox 588 5343 1728 5417">
     <span class='ocr_line' id='line_1_99' title="bbox 588 5343 1728 5417; baseline 0.001 -17"><span class='ocrx_word' id='word_1_658' title='bbox 588 5345 829 5415; x_wconf 77' lang='lat' dir='ltr'><strong>Epistula</strong></span> <span class='ocrx_word' id='word_1_659' title='bbox 868 5344 982 5408; x_wconf 78' lang='lat'><strong>170,</strong></span> <span class='ocrx_word' id='word_1_660' title='bbox 1013 5343 1359 5398; x_wconf 77' lang='lat' dir='ltr'><strong>Orientalium</strong></span> <span class='ocrx_word' id='word_1_661' title='bbox 1404 5348 1471 5399; x_wconf 82' lang='lat' dir='ltr'><strong>ml</strong></span> <span class='ocrx_word' id='word_1_662' title='bbox 1517 5347 1728 5417; x_wconf 74' lang='lat' dir='ltr'><strong>Rufum.</strong></span> 
     </span>
    </p>
   </div>
   <div class='ocr_carea' id='block_1_100' title="bbox 445 5436 1942 5508">
    <p class='ocr_par' dir='ltr' id='par_1_100' title="bbox 445 5436 1942 5508">
     <span class='ocr_line' id='line_1_100' title="bbox 445 5436 1942 5508; baseline 0 -16"><span class='ocrx_word' id='word_1_663' title='bbox 445 5437 484 5493; x_wconf 91' lang='lat' dir='ltr'><strong>l.</strong></span> <span class='ocrx_word' id='word_1_664' title='bbox 518 5439 664 5492; x_wconf 88' lang='lat' dir='ltr'><strong>llanc</strong></span> <span class='ocrx_word' id='word_1_665' title='bbox 701 5436 1079 5491; x_wconf 87' lang='lat' dir='ltr'><strong>Theodoretus</strong></span> <span class='ocrx_word' id='word_1_666' title='bbox 1110 5437 1382 5506; x_wconf 88' lang='lat' dir='ltr'><strong>nuspiam,</strong></span> <span class='ocrx_word' id='word_1_667' title='bbox 1415 5440 1558 5508; x_wconf 86' lang='lat' dir='ltr'><strong>quod</strong></span> <span class='ocrx_word' id='word_1_668' title='bbox 1596 5439 1816 5508; x_wconf 85' lang='lat' dir='ltr'><strong>quidem</strong></span> <span class='ocrx_word' id='word_1_669' title='bbox 1843 5454 1942 5493; x_wconf 86' lang='lat' dir='ltr'><strong>no-</strong></span> 
     </span>
    </p>
   </div>
   <div class='ocr_carea' id='block_1_101' title="bbox 2050 4578 3629 4649">
    <p class='ocr_par' dir='ltr' id='par_1_101' title="bbox 2050 4578 3629 4649">
     <span class='ocr_line' id='line_1_101' title="bbox 2050 4578 3629 4649; baseline -0.001 -14"><span class='ocrx_word' id='word_1_670' title='bbox 2050 4581 2387 4645; x_wconf 88' lang='lat' dir='ltr'><strong>llolstenius,</strong></span> <span class='ocrx_word' id='word_1_671' title='bbox 2412 4595 2537 4635; x_wconf 92' lang='lat' dir='ltr'><strong>cum</strong></span> <span class='ocrx_word' id='word_1_672' title='bbox 2573 4594 2818 4633; x_wconf 91' lang='lat' dir='ltr'><strong>errorem</strong></span> <span class='ocrx_word' id='word_1_673' title='bbox 2849 4578 3052 4649; x_wconf 82' lang='lat' dir='ltr'><strong>vulgati</strong></span> <span class='ocrx_word' id='word_1_674' title='bbox 3091 4578 3298 4633; x_wconf 90' lang='lat' dir='ltr'><strong>codicis</strong></span> <span class='ocrx_word' id='word_1_675' title='bbox 3344 4579 3629 4647; x_wconf 91' lang='lat' dir='ltr'><strong>emendat,</strong></span> 
     </span>
    </p>
   </div>
   <div class='ocr_carea' id='block_1_102' title="bbox 2045 4669 3630 4744">
    <p class='ocr_par' dir='ltr' id='par_1_102' title="bbox 2045 4669 3630 4744">
     <span class='ocr_line' id='line_1_102' title="bbox 2045 4669 3630 4744; baseline -0.001 -17"><span class='ocrx_word' id='word_1_676' title='bbox 2045 4683 2103 4727; x_wconf 86' lang='lat' dir='ltr'><strong>et</strong></span> <span class='ocrx_word' id='word_1_677' title='bbox 2130 4673 2252 4726; x_wconf 91' lang='lat' dir='ltr'><strong>loco</strong></span> <span class='ocrx_word' id='word_1_678' title='bbox 2281 4673 2378 4740; x_wconf 80' lang='grc' dir='ltr'><strong>τῆς</strong></span> <span class='ocrx_word' id='word_1_679' title='bbox 2409 4670 2681 4741; x_wconf 77' lang='grc' dir='ltr'>Ἐριδικῆς</span> <span class='ocrx_word' id='word_1_680' title='bbox 2723 4669 3050 4742; x_wconf 82' lang='grc' dir='ltr'><strong>Ἐκκλησίας</strong></span> <span class='ocrx_word' id='word_1_681' title='bbox 3069 4671 3202 4742; x_wconf 87' lang='lat' dir='ltr'><strong>legit</strong></span> <span class='ocrx_word' id='word_1_682' title='bbox 3229 4670 3326 4740; x_wconf 80' lang='grc' dir='ltr'><strong>τῆς</strong></span> <span class='ocrx_word' id='word_1_683' title='bbox 3358 4672 3630 4744; x_wconf 75' lang='grc' dir='ltr'><strong>Σαρδικῆς</strong></span> 
     </span>
    </p>
   </div>
   <div class='ocr_carea' id='block_1_103' title="bbox 2063 4764 2413 4834">
    <p class='ocr_par' dir='ltr' id='par_1_103' title="bbox 2063 4764 2413 4834">
     <span class='ocr_line' id='line_1_103' title="bbox 2063 4764 2413 4834; baseline 0 -17"><span class='ocrx_word' id='word_1_684' title='bbox 2063 4764 2413 4834; x_wconf 81' lang='grc' dir='ltr'><strong>Ἐκκλησὶας.</strong></span> 
     </span>
    </p>
   </div>
   <div class='ocr_carea' id='block_1_104' title="bbox 2114 4873 3631 4946">
    <p class='ocr_par' dir='ltr' id='par_1_104' title="bbox 2114 4873 3631 4946">
     <span class='ocr_line' id='line_1_104' title="bbox 2114 4873 3631 4946; baseline -0.001 -15"><span class='ocrx_word' id='word_1_685' title='bbox 2114 4878 2169 4931; x_wconf 73' lang='lat'><strong>2.</strong></span> <span class='ocrx_word' id='word_1_686' title='bbox 2201 4876 2416 4930; x_wconf 91' lang='lat' dir='ltr'><strong>Dicitur</strong></span> <span class='ocrx_word' id='word_1_687' title='bbox 2459 4874 2700 4946; x_wconf 81' lang='lat' dir='ltr'><strong>Cyrillus</strong></span> <span class='ocrx_word' id='word_1_688' title='bbox 2726 4874 3030 4944; x_wconf 89' lang='lat' dir='ltr'><strong>depositus,</strong></span> <span class='ocrx_word' id='word_1_689' title='bbox 3071 4890 3183 4929; x_wconf 89' lang='lat' dir='ltr'><strong>non</strong></span> <span class='ocrx_word' id='word_1_690' title='bbox 3225 4882 3286 4928; x_wconf 89' lang='lat' dir='ltr'><strong>ut</strong></span> <span class='ocrx_word' id='word_1_691' title='bbox 3334 4873 3631 4930; x_wconf 64' lang='lat' dir='ltr'><strong>haereticus</strong></span> 
     </span>
    </p>
   </div>
   <div class='ocr_carea' id='block_1_105' title="bbox 2051 4967 3630 5038">
    <p class='ocr_par' dir='ltr' id='par_1_105' title="bbox 2051 4967 3630 5038">
     <span class='ocr_line' id='line_1_105' title="bbox 2051 4967 3630 5038; baseline -0.001 -14"><span class='ocrx_word' id='word_1_692' title='bbox 2051 4981 2286 5034; x_wconf 89' lang='lat' dir='ltr'><strong>tantum,</strong></span> <span class='ocrx_word' id='word_1_693' title='bbox 2340 4969 2428 5024; x_wconf 93' lang='lat' dir='ltr'><strong>cui</strong></span> <span class='ocrx_word' id='word_1_694' title='bbox 2459 4969 2682 5038; x_wconf 88' lang='lat' dir='ltr'><strong>patebat</strong></span> <span class='ocrx_word' id='word_1_695' title='bbox 2728 4967 2940 5022; x_wconf 89' lang='lat' dir='ltr'><strong>reditus</strong></span> <span class='ocrx_word' id='word_1_696' title='bbox 2964 4983 3064 5037; x_wconf 91' lang='lat' dir='ltr'><strong>per</strong></span> <span class='ocrx_word' id='word_1_697' title='bbox 3087 4967 3506 5038; x_wconf 63' lang='lat' dir='ltr'><strong>paenitentiam;</strong></span> <span class='ocrx_word' id='word_1_698' title='bbox 3533 4968 3630 5023; x_wconf 91' lang='lat' dir='ltr'><strong>sed</strong></span> 
     </span>
    </p>
   </div>
   <div class='ocr_carea' id='block_1_106' title="bbox 2051 5057 3628 5132">
    <p class='ocr_par' dir='ltr' id='par_1_106' title="bbox 2051 5057 3628 5132">
     <span class='ocr_line' id='line_1_106' title="bbox 2051 5057 3628 5132; baseline -0.003 -15"><span class='ocrx_word' id='word_1_699' title='bbox 2051 5073 2309 5132; x_wconf 85' lang='lat' dir='ltr'><strong>tanquam</strong></span> <span class='ocrx_word' id='word_1_700' title='bbox 2338 5061 2708 5116; x_wconf 59' lang='lat' dir='ltr'><strong>haeresiarchas</strong></span> <span class='ocrx_word' id='word_1_701' title='bbox 2755 5059 2872 5112; x_wconf 91' lang='lat' dir='ltr'><strong>sine</strong></span> <span class='ocrx_word' id='word_1_702' title='bbox 2915 5059 3026 5112; x_wconf 90' lang='lat' dir='ltr'><strong>ulla</strong></span> <span class='ocrx_word' id='word_1_703' title='bbox 3067 5073 3161 5126; x_wconf 92' lang='lat' dir='ltr'><strong>spc</strong></span> <span class='ocrx_word' id='word_1_704' title='bbox 3207 5057 3628 5113; x_wconf 86' lang='lat' dir='ltr'><strong>restitutionis:</strong></span> 
     </span>
    </p>
   </div>
   <div class='ocr_carea' id='block_1_107' title="bbox 2049 5149 3318 5225">
    <p class='ocr_par' dir='ltr' id='par_1_107' title="bbox 2049 5149 3318 5225">
     <span class='ocr_line' id='line_1_107' title="bbox 2049 5149 3318 5225; baseline -0.005 -16"><span class='ocrx_word' id='word_1_705' title='bbox 2049 5155 2197 5225; x_wconf 89' lang='lat' dir='ltr'><strong>quod</strong></span> <span class='ocrx_word' id='word_1_706' title='bbox 2226 5154 2510 5208; x_wconf 87' lang='lat' dir='ltr'><strong>sanciebat</strong></span> <span class='ocrx_word' id='word_1_707' title='bbox 2541 5161 2698 5206; x_wconf 89' lang='lat' dir='ltr'><strong>vetus</strong></span> <span class='ocrx_word' id='word_1_708' title='bbox 2729 5150 2990 5205; x_wconf 70' lang='lat' dir='ltr'><strong>Ecclesim</strong></span> <span class='ocrx_word' id='word_1_709' title='bbox 3013 5149 3318 5219; x_wconf 88' lang='lat' dir='ltr'><strong>disciplina.</strong></span> 
     </span>
    </p>
   </div>
   <div class='ocr_carea' id='block_1_108' title="bbox 2115 5244 3633 5318">
    <p class='ocr_par' dir='ltr' id='par_1_108' title="bbox 2115 5244 3633 5318">
     <span class='ocr_line' id='line_1_108' title="bbox 2115 5244 3633 5318; baseline -0.004 -14"><span class='ocrx_word' id='word_1_710' title='bbox 2115 5251 2167 5304; x_wconf 79' lang='grc'><strong>5.</strong></span> <span class='ocrx_word' id='word_1_711' title='bbox 2195 5249 2519 5318; x_wconf 83' lang='lat' dir='ltr'><strong>Suspicione</strong></span> <span class='ocrx_word' id='word_1_712' title='bbox 2562 5262 2672 5300; x_wconf 91' lang='lat' dir='ltr'><strong>non</strong></span> <span class='ocrx_word' id='word_1_713' title='bbox 2716 5254 2887 5310; x_wconf 88' lang='lat' dir='ltr'><strong>caret,</strong></span> <span class='ocrx_word' id='word_1_714' title='bbox 2919 5244 3065 5314; x_wconf 90' lang='lat' dir='ltr'><strong>quod</strong></span> <span class='ocrx_word' id='word_1_715' title='bbox 3103 5244 3303 5298; x_wconf 90' lang='lat' dir='ltr'><strong>dicitur</strong></span> <span class='ocrx_word' id='word_1_716' title='bbox 3326 5244 3633 5312; x_wconf 88' lang='lat' dir='ltr'><strong>imperator</strong></span> 
     </span>
    </p>
   </div>
   <div class='ocr_carea' id='block_1_109' title="bbox 2051 5336 3627 5406">
    <p class='ocr_par' dir='ltr' id='par_1_109' title="bbox 2051 5336 3627 5406">
     <span class='ocr_line' id='line_1_109' title="bbox 2051 5336 3627 5406; baseline -0.007 -8"><span class='ocrx_word' id='word_1_717' title='bbox 2051 5343 2342 5399; x_wconf 88' lang='lat' dir='ltr'><strong>mandasse</strong></span> <span class='ocrx_word' id='word_1_718' title='bbox 2374 5339 2690 5402; x_wconf 88' lang='lat' dir='ltr'><strong>Catholicis,</strong></span> <span class='ocrx_word' id='word_1_719' title='bbox 2722 5347 2784 5392; x_wconf 92' lang='lat' dir='ltr'><strong>ut</strong></span> <span class='ocrx_word' id='word_1_720' title='bbox 2825 5337 2908 5392; x_wconf 88' lang='lat' dir='ltr'><strong>vel</strong></span> <span class='ocrx_word' id='word_1_721' title='bbox 2940 5337 3115 5406; x_wconf 87' lang='lat' dir='ltr'><strong>capita</strong></span> <span class='ocrx_word' id='word_1_722' title='bbox 3155 5336 3338 5406; x_wconf 86' lang='lat' dir='ltr'><strong>Cyrilli</strong></span> <span class='ocrx_word' id='word_1_723' title='bbox 3367 5346 3627 5405; x_wconf 77' lang='lat' dir='ltr'><strong>tanquam</strong></span> 
     </span>
    </p>
   </div>
   <div class='ocr_carea' id='block_1_110' title="bbox 2054 5430 3629 5503">
    <p class='ocr_par' dir='ltr' id='par_1_110' title="bbox 2054 5430 3629 5503">
     <span class='ocr_line' id='line_1_110' title="bbox 2054 5430 3629 5503; baseline -0.007 -12"><span class='ocrx_word' id='word_1_724' title='bbox 2054 5437 2180 5491; x_wconf 88' lang='lat' dir='ltr'><strong>fidei</strong></span> <span class='ocrx_word' id='word_1_725' title='bbox 2200 5435 2429 5490; x_wconf 82' lang='lat' dir='ltr'><strong>adversa</strong></span> <span class='ocrx_word' id='word_1_726' title='bbox 2476 5431 2745 5503; x_wconf 85' lang='lat' dir='ltr'><strong>rcjiciant,</strong></span> <span class='ocrx_word' id='word_1_727' title='bbox 2777 5430 2864 5485; x_wconf 90' lang='lat' dir='ltr'><strong>vel</strong></span> <span class='ocrx_word' id='word_1_728' title='bbox 2887 5439 3033 5484; x_wconf 87' lang='lat' dir='ltr'><strong>certe</strong></span> <span class='ocrx_word' id='word_1_729' title='bbox 3061 5437 3315 5498; x_wconf 87' lang='lat' dir='ltr'><strong>suscepto</strong></span> <span class='ocrx_word' id='word_1_730' title='bbox 3344 5444 3401 5482; x_wconf 82' lang='lat' dir='ltr'><strong>in</strong></span> <span class='ocrx_word' id='word_1_731' title='bbox 3431 5441 3629 5483; x_wconf 87' lang='lat' dir='ltr'><strong>eorum</strong></span> 
     </span>
    </p>
   </div>
   <div class='ocr_carea' id='block_1_111' title="bbox 1708 5586 2301 5648">
    <p class='ocr_par' dir='ltr' id='par_1_111' title="bbox 1708 5586 2301 5648">
     <span class='ocr_line' id='line_1_111' title="bbox 1708 5586 2301 5648; baseline -0.007 -2"><span class='ocrx_word' id='word_1_732' title='bbox 1708 5591 2024 5648; x_wconf 77' lang='lat' dir='ltr'><strong>SCIlULle</strong></span> <span class='ocrx_word' id='word_1_733' title='bbox 2076 5586 2301 5646; x_wconf 66' lang='lat' dir='ltr'><strong>NOTAE.</strong></span> 
     </span>
    </p>
   </div>
   <div class='ocr_carea' id='block_1_112' title="bbox 447 5735 1245 5804">
    <p class='ocr_par' dir='ltr' id='par_1_112' title="bbox 447 5735 1245 5804">
     <span class='ocr_line' id='line_1_112' title="bbox 447 5735 1245 5804; baseline -0.006 -12"><span class='ocrx_word' id='word_1_734' title='bbox 447 5740 465 5769; x_wconf 76' lang='grc' dir='ltr'><strong>τ</strong></span> <span class='ocrx_word' id='word_1_735' title='bbox 493 5739 608 5792; x_wconf 70' lang='grc' dir='ltr'><strong>νῑιι.</strong></span> <span class='ocrx_word' id='word_1_736' title='bbox 629 5742 792 5793; x_wconf 88' lang='lat' dir='ltr'><strong>etiam</strong></span> <span class='ocrx_word' id='word_1_737' title='bbox 822 5753 1006 5804; x_wconf 84' lang='lat' dir='ltr'><strong>supra,</strong></span> <span class='ocrx_word' id='word_1_738' title='bbox 1043 5753 1094 5804; x_wconf 74' lang='grc' dir='ltr'><strong>ρ.</strong></span> <span class='ocrx_word' id='word_1_739' title='bbox 1127 5735 1245 5789; x_wconf 75' lang='grc'><strong>160.</strong></span> 
     </span>
    </p>
   </div>
   <div class='ocr_carea' id='block_1_113' title="bbox 377 5805 1705 5877">
    <p class='ocr_par' dir='ltr' id='par_1_113' title="bbox 377 5805 1705 5877">
     <span class='ocr_line' id='line_1_113' title="bbox 377 5805 1705 5877; baseline -0.005 -13"><span class='ocrx_word' id='word_1_740' title='bbox 377 5808 675 5864; x_wconf 83' lang='lat' dir='ltr'><strong>Sirmondi.</strong></span> <span class='ocrx_word' id='word_1_741' title='bbox 751 5811 790 5841; x_wconf 84' lang='lat'><strong>&#39;°</strong></span> <span class='ocrx_word' id='word_1_742' title='bbox 822 5805 941 5862; x_wconf 84' lang='lat' dir='ltr'><strong>Lib.</strong></span> <span class='ocrx_word' id='word_1_743' title='bbox 970 5823 985 5862; x_wconf 89' lang='grc' dir='ltr'><strong><em>ι</em></strong></span> <span class='ocrx_word' id='word_1_744' title='bbox 1014 5807 1229 5862; x_wconf 74' lang='lat' dir='ltr'><strong>Drlut&#39;r.</strong></span> <span class='ocrx_word' id='word_1_745' title='bbox 1265 5805 1471 5876; x_wconf 79' lang='lat' dir='ltr'><strong>I&#39;clug.,</strong></span> <span class='ocrx_word' id='word_1_746' title='bbox 1504 5823 1619 5877; x_wconf 82' lang='lat' dir='ltr'><strong>cap.</strong></span> <span class='ocrx_word' id='word_1_747' title='bbox 1655 5806 1705 5858; x_wconf 85' lang='lat'><strong>6.</strong></span> 
     </span>
    </p>
   </div>
   <div class='ocr_carea' id='block_1_114' title="bbox 1330 5735 2096 5802">
    <p class='ocr_par' dir='ltr' id='par_1_114' title="bbox 1330 5735 2096 5802">
     <span class='ocr_line' id='line_1_114' title="bbox 1330 5735 2096 5802; baseline -0.003 -14"><span class='ocrx_word' id='word_1_748' title='bbox 1330 5737 1350 5766; x_wconf 79' lang='grc'><strong>’⁸</strong></span> <span class='ocrx_word' id='word_1_749' title='bbox 1382 5736 1574 5788; x_wconf 71' lang='grc' dir='ltr'><strong>ΛηηαΙ.</strong></span> <span class='ocrx_word' id='word_1_750' title='bbox 1613 5745 1745 5788; x_wconf 85' lang='lat' dir='ltr'><strong>tom.</strong></span> <span class='ocrx_word' id='word_1_751' title='bbox 1784 5735 1846 5801; x_wconf 69' lang='grc' dir='ltr'><strong>ν,</strong></span> <span class='ocrx_word' id='word_1_752' title='bbox 1885 5750 1936 5802; x_wconf 89' lang='lat' dir='ltr'><strong>p.</strong></span> <span class='ocrx_word' id='word_1_753' title='bbox 1976 5735 2096 5787; x_wconf 81' lang='lat'><strong>677.</strong></span> 
     </span>
    </p>
   </div>
   <div class='ocr_carea' id='block_1_115' title="bbox 2175 5722 3628 5796">
    <p class='ocr_par' dir='ltr' id='par_1_115' title="bbox 2175 5722 3628 5796">
     <span class='ocr_line' id='line_1_115' title="bbox 2175 5722 3628 5796; baseline -0.005 -11"><span class='ocrx_word' id='word_1_754' title='bbox 2175 5734 2194 5763; x_wconf 82' lang='lat'><strong><em>°</em></strong></span> <span class='ocrx_word' id='word_1_755' title='bbox 2235 5730 2294 5785; x_wconf 78' lang='lat' dir='ltr'><strong>Ut</strong></span> <span class='ocrx_word' id='word_1_756' title='bbox 2325 5762 2386 5770; x_wconf 70' lang='grc' dir='ltr'><strong>σ-</strong></span> <span class='ocrx_word' id='word_1_757' title='bbox 2420 5728 2690 5784; x_wconf 74' lang='lat' dir='ltr'><strong>codicibus.</strong></span> <span class='ocrx_word' id='word_1_758' title='bbox 2753 5726 2830 5780; x_wconf 81' lang='lat' dir='ltr'><strong>lta</strong></span> <span class='ocrx_word' id='word_1_759' title='bbox 2897 5741 3115 5796; x_wconf 79' lang='lat' dir='ltr'><strong>quoque</strong></span> <span class='ocrx_word' id='word_1_760' title='bbox 3159 5722 3392 5779; x_wconf 86' lang='lat' dir='ltr'><strong>habebat</strong></span> <span class='ocrx_word' id='word_1_761' title='bbox 3457 5723 3628 5778; x_wconf 87' lang='lat' dir='ltr'><strong>editio</strong></span> 
     </span>
    </p>
   </div>
  </div>
