3926 6216
312 315 409 383 321

1472 321 1569 383 DE
1607 321 1864 384 LIBRIS
1899 321 2410 385 THEODORETI.

3458 324 3564 392 322

313 429 689 488 defensionem
749 432 1073 499 certamine,
1129 441 1445 489 sanctorum
1495 434 1719 490 Patrum
1762 449 1893 489 con-
1922 440 1962 495 Α
1992 443 2049 489 et
2092 435 2211 505 ipsa
2260 432 2537 508 synodalia
2565 442 2670 501 est,
2695 442 2759 492 ut
2796 451 2898 493 suo
2924 438 3047 495 loco
3076 439 3560 512 dementi-abitu,

312 525 534 581 fessioni
567 533 942 581 consentanea
964 542 1086 582 esse
1110 526 1287 597 palam
1313 527 1625 584 ostendant.
1661 526 1717 583 Si
1754 527 1889 599 quid

313 616 587 687 ejusmodi
630 617 949 673 mandasset
991 617 1337 674 Theodosius
1387 619 1718 686 Catholicis,
1777 637 1886 676 non

313 710 463 779 prius
489 709 547 763 in
578 710 778 765 urbem
810 712 1014 782 regiam
1039 712 1107 766 ad
1151 711 1531 768 suﬁciendum
1565 712 1805 768 Nestorii
1832 710 1888 767 in

312 799 495 855 sedem
512 800 852 870 episcopum
882 801 1207 872 excepisset,
1256 818 1420 873 quam
1463 802 1653 873 Cyrilli
1708 801 1888 873 capita

313 890 688 955 damnassent,
739 907 863 962 quae
904 902 1054 948 certe
1092 908 1203 947 non
1255 894 1607 948 damnarunt.
1651 893 1787 948 Nam
1839 893 1886 949 si

311 980 682 1046 damnassent,
739 996 842 1036 cur
888 981 944 1035 in
984 982 1395 1038 conditionibus
1442 984 1596 1055 pacis
1632 981 1885 1038 nulla'ﬁt

313 1072 682 1128 damnationis
708 1073 963 1129 mentio?
986 1070 1095 1129 Cur
1123 1076 1296 1145 petita
1337 1083 1422 1131 est
1459 1083 1572 1130 tam
1614 1075 1887 1130 instanter

307 1161 373 1216 ab
390 1159 806 1217 Orientalibus?
820 1161 934 1218 Cur
961 1172 1068 1217 tam
1088 1180 1380 1219 asseveran
1389 1173 1470 1220 ter
1484 1165 1721 1237 Cyrillus
1747 1164 1886 1219 nihil

310 1269 338 1308 a
359 1268 417 1309 se
444 1255 724 1325 scriptum
756 1256 1060 1322 contendit,
1094 1256 1242 1327 quod
1289 1256 1571 1313 obliterari
1606 1256 1887 1312 deberet?

308 1345 414 1402 Cur
458 1347 874 1414 Theodoretus,
912 1363 1037 1403 cum
1090 1349 1225 1404 alias
1271 1350 1636 1421 capitulorum
1692 1349 1884 1421 Cyrilli

311 1437 556 1492 meminit
578 1438 855 1509 (meminit
883 1454 1035 1503 vero,
1053 1438 1269 1509 quoties
1301 1441 1517 1496 occasio
1540 1456 1599 1495 se
1630 1439 1882 1512 praebet),

312 1527 444 1583 hanc
494 1528 1017 1583 condemnationem
1057 1545 1168 1584 non
1218 1529 1464 1601 objecit?
1512 1529 1622 1585 Cur
1650 1530 1885 1603 Cyrillus

312 1618 503 1672 Acacio
533 1618 817 1685 Meliteno,
853 1620 948 1688 qui
976 1618 1083 1674 fuit
1125 1635 1271 1677 unus
1302 1620 1371 1675 de
1403 1620 1594 1692 legatis
1636 1621 1881 1677 Catholi-

313 1728 515 1777 corum,
550 1714 810 1783 querenti
840 1714 988 1784 quod
1010 1714 1162 1769 visus
1181 1723 1329 1769 esset
1347 1714 1634 1785 pristinam
1663 1724 1884 1770 senten-

316 1805 434 1859 tiam
464 1813 824 1869 retractasse,
851 1822 978 1861 cum
1013 1806 1375 1863 Orientalium
1411 1806 1575 1861 ﬁdem
1608 1808 1879 1877 probavit,

316 1910 416 1950 non
443 1896 733 1965 reSpondit
757 1898 917 1967 pejus
942 1896 1204 1968 quiddam
1245 1898 1316 1952 ab
1348 1897 1469 1968 ipso
1497 1896 1723 1963 factum,
1756 1912 1882 1953 cum

312 1988 541 2058 capitula
567 2003 758 2043 coram
782 1989 1136 2059 imperatore,
1155 1990 1498 2061 testibusque
1520 1989 1882 2046 Orientalium

310 2075 492 2146 legatis
517 2078 906 2147 reprobasset?
932 2078 1044 2135 Hac
1077 2079 1244 2134 etiam
1287 2080 1502 2136 ratione
1539 2096 1651 2135 non
1683 2080 1881 2136 imme-

311 2167 410 2221 rito
437 2177 737 2223 revocatur
763 2169 819 2223 in
844 2169 1004 2241 373
1024 2170 1276 2237 dubium,
1319 2187 1441 2241 quae
1465 2186 1644 2242 nuper
1676 2172 1883 2242 prodiit

312 2259 361 2313 in
389 2260 568 2315 lucem
602 2258 773 2315 Sacra
814 2261 1132 2328 Theodosii,
1169 2264 1457 2334 episcopos
1504 2264 1705 2335 Ephesi
1748 2279 1882 2320 con-

310 2363 550 2424 gregatos
577 2352 914 2409 dimittentis
955 2354 1021 2409 ad
1048 2369 1175 2410 suas
1199 2356 1473 2412 Ecclesiae
1504 2374 1516 2407 :
1562 2357 1707 2412 idem
1734 2358 1882 2413 enim

311 2445 651 2500 mendacium
696 2447 962 2502 continet.
1008 2447 1209 2514 Quare,
1268 2449 1313 2503 si
1368 2449 1494 2519 quis
1543 2451 1881 2519 suppositam

309 2545 452 2608 putet
488 2552 519 2592 a
561 2538 916 2594 Theodoreto
959 2542 1019 2605 η,
1057 2550 1152 2595 aut
1190 2556 1222 2596 a
1275 2542 1607 2596 Theodoreti
1635 2543 1882 2597 studioso

309 2624 521 2684 Sacram
540 2672 556 2697 ,
601 2646 715 2685 non
746 2631 1029 2688 videbitur
1055 2634 1198 2689 forte
1222 2649 1252 2688 a
1284 2649 1418 2689 vero
1448 2634 1639 2704 procul
1667 2634 1878 2689 abesse.

370 2720 421 2775 ὁ.
457 2721 680 2788 Mirum,
718 2724 866 2794 quod
909 2725 1157 2780 Euchitae
1189 2735 1244 2781 et
1281 2726 1650 2781 Enthusiastze
1680 2726 1881 2781 dicun-

313 2822 393 2867 tur
412 2814 609 2869 eadein
636 2832 853 2885 sapere,
893 2833 1014 2887 quae
1038 2818 1334 2873 leestius
1366 2829 1424 2873 et
1454 2818 1729 2889 Pelagius,
1757 2834 1882 2873 cum

311 2904 576 2978 Pelagiani
603 2909 855 2964 eamdem
885 2909 1184 2966 Catholicis
1219 2911 1525 2983 objicerent
1564 2912 1884 2967 consensio-

309 3013 420 3053 nem
467 3015 597 3054 cum
655 3001 908 3057 Euchitis
954 3011 1009 3057 et
1045 3003 1437 3057 Enthusiastis.
1489 3002 1884 3058 Admirationis

1991 532 2047 579 et
2081 524 2150 579 ab
2181 526 2374 582 eadem
2405 526 2614 599 synodo
2632 529 2826 586 eodem
2862 537 3108 602 tempore
3133 533 3319 591 missa.

2061 616 2151 671 Ill.
2187 617 2358 672 Docet
2384 619 2671 691 inscriptio
2696 621 2880 678 datam
2911 637 3031 678 esse
3058 623 3120 688 ",
3158 639 3282 679 cum
3314 624 3382 680 de
3414 627 3568 697 pacis

1991 705 2406 765 conditionibus
2433 722 2691 782 ageretur
2721 713 2767 745 "
2793 713 2850 767 in
2897 716 3130 771 concilio
3185 716 3412 773 Joannis
3452 719 3566 775 An-

1990 796 2235 852 tiocheni
2283 800 2427 869 apud
2450 800 2714 857 Acacium
2760 802 3131 871 Bertnensem,
3169 814 3455 876 postquam
3479 823 3570 864 ac-

1989 895 2146 957 cepta
2172 898 2258 944 est
2280 890 2351 947 ab
2371 890 2743 948 Orientalibus
2771 894 2945 950 forma
2969 896 3118 963 ﬁdei,
3142 914 3304 967 quam
3330 898 3567 970 Cyrillus

1994 982 2397 1047 transmiserat,
2426 993 2482 1039 et
2516 985 2837 1056 priusquam
2878 989 3260 1044 absolveretur
3287 990 3439 1061 pacis
3466 1007 3566 1046 ne-

1987 1072 2195 1142 gotium
2230 1090 2243 1126 :
2272 1073 2586 1128 absolutum
2630 1091 2763 1132 vero
2792 1086 2884 1133 est
2921 1080 3079 1134 initio
3098 1081 3225 1135 anni
3248 1081 3373 1147 455,
3400 1083 3568 1137 missa

1984 1179 2120 1219 vero
2149 1164 2323 1220 forma
2347 1166 2474 1222 ﬁdei
2502 1166 2726 1223 circiter
2750 1169 3125 1241 Septembrem
3155 1188 3399 1227 mensem
3435 1174 3565 1228 anni

1987 1255 2113 1311 452.
2139 1257 2377 1313 Necesse
2407 1266 2494 1314 est
2520 1259 2688 1330 igitur
2730 1263 3046 1333 synodicam
3083 1265 3226 1319 hanc
3273 1266 3376 1320 sub
3402 1266 3565 1321 finem

1989 1346 2331 1419 Septembris
2371 1359 2467 1407 aut
2502 1368 2692 1409 mense
2733 1353 2956 1410 Octobri
2996 1358 3255 1429 scriptam
3283 1373 3424 1423 esse,
3455 1372 3566 1429 quo

1985 1449 2234 1511 tempore
2262 1444 2507 1514 synodus
2530 1447 2968 1504 autumnalis'ex
3002 1450 3322 1519 praescripto
3355 1449 3564 1506 Nicaeni

1984 1532 2212 1587 canonis
2238 1533 2307 1589 ab
2320 1535 2794 1606 Euphratensibus
2816 1540 3212 1596 celebrabatur.

2054 1626 2145 1682 IV.
2178 1628 2645 1698 Euphratensium
2665 1646 2830 1700 porro
2860 1630 3059 1686 animis
3085 1631 3466 1687 Theodoretus
3489 1633 3567 1689 ita

1986 1717 2400 1786 dominabatur,
2432 1723 2598 1795 374
2636 1733 2698 1778 ut
2734 1739 2829 1778 eos
2867 1724 2920 1778 in
2968 1740 3095 1779 suas
3135 1735 3319 1795 partes
3351 1736 3565 1794 pertra-

1985 1810 2163 1876 heret,
2190 1828 2298 1883 qua
2321 1814 2510 1877 vellet,
2532 1814 2679 1869 unde
2706 1814 2959 1871 Nestorio
2980 1816 3177 1871 favisse
3197 1818 3333 1871 nihil
3362 1818 3565 1872 mirum

1983 1910 2068 1957 est
2084 1903 2349 1959 Joannem
2378 1904 2759 1970 Germanicize,
2788 1907 3062 1962 Andream
3098 1907 3563 1975 Samosatensem,

1986 1993 2358 2052 Alexandrum
2382 1997 2876 2068 Hierapolitanum,
2909 1998 3154 2068 aliosque
3189 1999 3567 2069 Euphratesiai

1988 2090 2257 2160 praesules
2288 2108 2300 2144 :
2333 2106 2512 2159 neque
2539 2090 2705 2145 etiam
2732 2091 2930 2144 mirum
2954 2091 3022 2145 ab
3046 2091 3411 2161 Euphratensi
3440 2108 3568 2162 pro-

1986 2178 2166 2232 vincia
2194 2179 2512 2250 synodicam
2561 2196 2673 2237 non
2720 2179 2889 2234 fuisse
2920 2180 3140 2235 missam
3176 2181 3343 2236 Leoni
3393 2181 3568 2253 impe—

1984 2269 2154 2325 ratori
2192 2279 2317 2340 post
2344 2270 2535 2342 viginti
2576 2273 2820 2341 quinque
2861 2271 3063 2327 abhinc
3104 2287 3295 2338 annos,
3332 2288 3456 2329 cum
3495 2275 3564 2331 de

1984 2363 2156 2418 rebus
2177 2364 2396 2417 concilii
2430 2363 2893 2419 Chalcedonensis
2925 2366 3250 2419 sententiam
3280 2367 3566 2437 episcopo-

1986 2470 2107 2508 rum
2142 2455 2520 2509 sciscitaretur
2558 2474 2569 2509 :
2604 2464 2737 2513 tunc
2764 2456 2910 2511 enim
2943 2457 3029 2511 vel
3071 2458 3337 2523 nondum,
3369 2460 3453 2513 vel
3478 2476 3566 2515 re-

1987 2563 2120 2602 cens
2151 2548 2534 2602 Theodoretus
2578 2549 2811 2615 obierat,
2848 2551 3077 2621 ejusque
3116 2538 3297 2605 adhuc
3340 2552 3566 2621 spiritus

1982 2637 2323 2708 provinciam
2354 2639 2593 2693 tenebat.

2057 2729 2123 2784 V.
2163 2730 2277 2785 Hac
2303 2730 2532 2800 epistola
2572 2731 2727 2786 Nilus
2765 2730 3269 2788 Thessalonicensis
3316 2743 3371 2789 et
3413 2732 3565 2790 Jose—
3642 2724 3651 2731 ’

1984 2820 2128 2891 phus
2190 2821 2486 2876 Briennius
2534 2823 2690 2877 abusi
2738 2831 2883 2887 sunt,
2940 2838 3063 2877 cum
3105 2825 3171 2879 de
3216 2829 3564 2895 processionc

1987 2911 2227 2982 Spiritus
2259 2914 2433 2967 sancti
2458 2913 2830 2982 disputarent,
2857 2913 3277 2984 niterenturque
3314 2915 3561 2969 testimo-

1986 3005 2082 3061 nio
2104 3004 2434 3059 Theodoreti
2465 3004 2723 3073 probare,
2762 3020 2790 3058 a
2812 3002 3018 3075 Cyrillo
3046 3014 3414 3069 retractatam,
3437 3020 3563 3059 cum

309 3103 516 3144 causam
566 3089 950 3146 Theodoretus
1003 3093 1119 3161 ipse
1153 3091 1291 3145 alias
1315 3091 1477 3153 tollit,
1512 3090 1734 3160 quando
1775 3091 1885 3145 Eu-
1911 3120 1952 3177 ο
1988 3110 2094 3167 pax
2124 3096 2379 3157 iniretur,
2414 3109 2577 3163 quam
2626 3093 2927 3149 tradiderat
2970 3094 3024 3147 in
3072 3095 3561 3160 anathematismis,

310 3180 574 3237 chitarum
615 3182 851 3239 haeresiu
893 3190 1079 3255 partes
1110 3183 1248 3237 duas
1281 3183 1541 3238 habuisse
1565 3183 1727 3237 docet
1765 3182 1885 3237 :al-

312 3282 490 3341 teram,
546 3292 658 3347 qua
704 3276 955 3332 dicerent
1002 3277 1304 3341 hominem,
1362 3292 1488 3331 cum
1539 3281 1879 3340 nasceretur,

308 3370 553 3438 potestati
597 3368 865 3425 daemonis
901 3384 1021 3424 esse
1070 3368 1407 3434 obnoxium;
1461 3368 1716 3431 alteram,
1772 3380 1882 3437 qua

308 3458 569 3529 baptisma
596 3462 738 3516 nihil
774 3461 1204 3537 suscipientibus
1248 3460 1511 3530 prodesse
1549 3465 1883 3513 assererent.

306 3551 534 3608 Primam
565 3553 885 3610 Ctelestiani
918 3552 1215 3609 Catholicis
1239 3551 1569 3617 ;secundam
1612 3548 1883 3605 Catholici

305 3643 646 3703 Ctelestianis
675 3647 1032 3718 objiciebant.
1054 3645 1380 3716 Quanquam
1426 3642 1772 3712 probabilius
1801 3641 1883 3695 vi-

305 3737 513 3806 deatur,
555 3756 671 3794 non
700 3747 809 3794 tam
833 3738 1126 3809 dogmatis,
1157 3752 1321 3808 quam
1350 3734 1755 3792 communionis
1796 3747 1882 3788 so-

306 3831 551 3889 cietatem
577 3831 711 3886 hinc
746 3830 875 3886 inde
910 3830 1181 3902 objectam
1205 3844 1347 3884 esse.

307 3986 540 4058 Epistola
578 3988 702 4053 171,
728 4003 892 4058 quam
923 3987 1273 4041 Theodoretus
1295 3985 1507 4055 scripsit
1537 3985 1607 4039 ad
1619 3984 1882 4039 Joannem

900 4058 1306 4113 Antiochenum.

370 4194 410 4250 l.
439 4193 502 4249 In
527 4193 684 4250 Actis
714 4212 749 4248 v
781 4194 994 4267 synodi,
1014 4193 1140 4249 coll.
1174 4193 1228 4258 5,
1258 4193 1461 4265 legitur
1483 4192 1648 4263 hujus
1681 4191 1884 4261 episto-

302 4281 365 4336 lae
403 4282 585 4338 media
637 4283 754 4338 fere
796 4298 944 4353 pars,
979 4282 1076 4339 sed
1114 4281 1306 4337 Latine
1339 4290 1550 4337 tantum
1574 4284 1617 4313 ¹²
1654 4299 1667 4334 :
1708 4280 1882 4351 proli-

306 4372 507 4428 xiorem
533 4372 710 4428 edidit
734 4371 925 4428 Graece
949 4381 1005 4426 et
1027 4372 1218 4426 Latine
1246 4388 1391 4427 anno
1422 4372 1554 4426 1661
1600 4370 1713 4424 Leo
1739 4369 1884 4424 Alla-

1986 3186 2293 3241 doctrinam
2340 3184 2407 3238 de
2443 3183 2652 3253 Spiritu
2705 3192 2897 3238 sancto
2938 3183 3273 3252 procedente
3317 3200 3347 3238 a
3402 3184 3562 3240 Patre

1982 3287 2040 3333 et
2069 3278 2225 3332 Filio.
2257 3276 2367 3330 Leo
2393 3275 2627 3330 Allatius
2665 3275 2721 3329 in
2760 3275 3005 3329 Vindiciis
3037 3275 3222 3346 synodi
3262 3275 3563 3346 Ephesius,

1982 3380 2046 3425 ut
2078 3370 2221 3424 hanc
2245 3368 2632 3439 probationem
2664 3368 2857 3432 diluat,
2884 3367 3089 3437 excipit
3113 3367 3261 3422 duo:
3302 3368 3562 3434 alterum,

1983 3461 2269 3531 epistolam
2304 3460 2481 3514 videri
2534 3459 2639 3514 sibi
2674 3459 3078 3529 supposititiam
3107 3476 3122 3525 ;
3173 3459 3404 3513 alterum
3431 3500 3445 3523 ,
3496 3458 3563 3514 de

1988 3554 2339 3609 Theodoreto
2367 3552 2630 3624 Cyrillum
2652 3553 2939 3607 occasione
2966 3553 3130 3624 hujus
3150 3553 3394 3623 epistola:
3421 3554 3564 3623 apud

1980 3646 2244 3702 Joannem
2276 3644 2682 3699 Antiochenum
2711 3654 2965 3714 questum
2997 3659 3139 3699 esse.

2057 3737 2141 3792 Vl.
2178 3737 2292 3791 Nec
2325 3736 2438 3799 hic,
2463 3751 2567 3790 nec
2600 3735 2678 3789 illi
2719 3735 2979 3790 audiendi
3011 3745 3157 3791 sunt.
3200 3735 3335 3791 Nam
3385 3735 3567 3807 primo

1983 3829 2391 3884 inconsiderate
2432 3827 2662 3883 affertur
2706 3843 2737 3882 a
2784 3828 3151 3885 schismaticis
3190 3827 3565 3882 testimonium

1982 3920 2227 3975 hominis
2280 3918 2546 3974 iracunde
2613 3917 3016 3973 calumniantis.
3046 3917 3255 3973 Deinde
3316 3918 3564 3983 Allatius,

1983 4028 2108 4069 cum
2136 4011 2526 4077 ait,occasione
2558 4010 2722 4081 hujus
2750 4010 2998 4080 epistolae
3019 4009 3281 4081 Cyrillum
3310 4016 3565 4079 questum

1983 4118 2104 4159 esse
2132 4102 2201 4157 de
2237 4102 2588 4157 Theodoreto
2625 4100 2771 4171 apud
2819 4100 3109 4167 Joannem,
3151 4107 3343 4170 peccat
3372 4107 3563 4154 contra

1983 4194 2256 4249 rationem
2307 4193 2605 4265 temporis;
2660 4192 3106 4263 quandoquidem
3171 4192 3287 4246 hcec
3334 4190 3563 4260 epistola

1984 4285 2109 4341 data
2153 4295 2238 4341 est
2285 4301 2429 4340 anno
2459 4285 2584 4351 452,
2637 4286 2741 4340 sub
2776 4285 2977 4351 ﬁnem;
3023 4284 3255 4355 epistola
3279 4298 3432 4346 vero,
3457 4298 3565 4351 qua

1983 4377 2223 4450 Cyrillus
2247 4377 2519 4447 queritur,
2537 4392 2682 4432 anno
2730 4378 2853 4443 458,
2890 4392 3055 4447 quam
3082 4374 3365 4430 citissime.
3400 4372 3564 4426 Deni-

308 4464 409 4519 tius
438 4464 493 4519 in
542 4464 790 4518 Vindiciis
830 4463 1014 4534 synodi
1052 4462 1330 4533 Ephesium
1360 4479 1377 4517 :
1415 4461 1588 4517 edidit
1618 4469 1673 4516 et
1702 4475 1881 4530 nuper
1912 4474 1958 4529 ι)
1989 4484 2095 4537 que
2119 4467 2185 4521 de
2219 4465 2601 4537 suppositione
2634 4467 2910 4536 excipitur
2934 4466 3050 4521 sine
3092 4464 3286 4519 idonea
3328 4463 3436 4516 ulla
3475 4477 3565 4516 ra-

304 4556 604 4612 Cotelcrius
663 4556 720 4609 in
781 4554 1132 4609 Monumentis
1194 4553 1442 4608 Ecclesia:
1499 4553 1724 4618 ercaz;
1783 4550 1877 4605 sed

306 4661 531 4720 uterque
578 4648 763 4704 adhuc
805 4648 1052 4702 mutilam
1105 4656 1384 4718 postrema
1415 4654 1591 4717 parte,
1623 4645 1670 4701 si
1695 4644 1879 4700 credi-

305 4757 422 4796 mus
453 4740 635 4796 codici
661 4741 956 4805 Vaticano,
997 4740 1154 4811 cujus
1180 4739 1555 4810 apographum
1589 4738 1876 4801 habemus,

305 4849 610 4906 quanquam
643 4850 842 4889 vereor
871 4843 929 4887 ut
954 4832 1114 4887 ﬁdem
1149 4833 1321 4887 codex
1343 4840 1641 4886 mereatur.

365 4924 428 4980 II.
455 4925 575 4981 Non
596 4923 933 4979 Theodoreti
966 4925 1137 4979 solius
1155 4939 1296 4988 esse,
1317 4923 1412 4977 sed
1439 4923 1608 4977 totius
1627 4923 1879 4993 Euphra-

306 5019 469 5073 tensis
498 5017 720 5090 synodi,
760 5019 927 5089 cujus'
955 5018 1178 5072 nomine
1218 5017 1287 5071 ad
1316 5017 1582 5073 Joannem
1623 5016 1878 5070 Theodo-

309 5118 452 5164 retus
470 5110 716 5180 scripsit,
739 5110 937 5180 prohat
961 5110 1203 5179 primum
1241 5109 1356 5163 haec
1382 5124 1487 5163 vox
1518 5111 1577 5161 ὲν
1607 5107 1792 5176 κοινῷ,
1824 5109 1880 5161 in

313 5209 569 5254 conventu
599 5215 618 5254 :
641 5200 841 5254 deinde
877 5184 1104 5271 pluralis
1126 5216 1393 5255 numerus
1414 5201 1619 5270 ubique
1647 5198 1879 5269 positus:

314 5290 539 5364 denique
564 5308 653 5359 ea,
676 5308 800 5362 quae
824 5302 955 5348 sunt
980 5293 1034 5347 in
1063 5293 1293 5365 epistola
1319 5293 1388 5347 ad
1413 5292 1737 5357 Himerium,
1763 5307 1885 5361 quae
1919 5325 1927 5332 -

1985 4559 2132 4613 tione
2160 4576 2173 4611 :
2207 4558 2394 4613 futiles
2428 4557 2574 4613 enim
2603 4566 2750 4623 sunt,
2769 4573 2905 4628 quas
2950 4555 3183 4610 Allatius
3214 4552 3455 4608 adducit.

2045 4649 2159 4706 VII.
2194 4649 2330 4705 Tres
2359 4650 2586 4704 omnino
2620 4649 2850 4720 profert.
2881 4646 3193 4717 LEpistola
3218 4646 3319 4700 ista
3346 4643 3568 4698 videtur

1984 4740 2281 4795 admodum
2310 4740 2506 4796 similis
2540 4741 2612 4806 ei,
2643 4756 2764 4810 quae
2800 4739 2855 4792 in
2893 4739 3045 4792 obitu
3081 4736 3269 4808 Cyrilli
3321 4733 3498 4789 fertur
3534 4749 3566 4789 a

1984 4832 2336 4887 Theodoreto
2368 4833 2625 4887 indecore
2647 4872 2661 4896 ,
2699 4847 2768 4885 ne
2806 4830 2983 4883 dicam
3023 4826 3303 4891 atrociter,
3339 4828 3562 4897 scripta.

1983 4923 2121 4981 Cum
2172 4940 2304 4994 ergo
2347 4922 2708 4993 posteriorem
2757 4920 2915 4975 multi
2969 4920 3303 4991 suppositam
3348 4926 3564 4988 putent,

1986 5017 2133 5071 idem
2163 5015 2450 5069 ferendum
2470 5014 2687 5068 videtur
2708 5013 2776 5067 de
2798 5012 2980 5082 priore
3003 5012 3297 5083 judicium.
3319 5010 3569 5063 21801]-

1987 5106 2099 5160 tius
2140 5114 2329 5158 monet
2367 5104 2570 5158 multas
2612 5103 2680 5158 ab
2721 5103 2996 5159 hzerelicis
3040 5102 3301 5158 conﬁctas
3329 5100 3564 5156 Nestorii

1988 5204 2045 5251 et
2065 5194 2400 5249 Theodoreti
2432 5204 2654 5249 mutuas
2687 5195 2900 5250 litteras
2931 5212 2943 5248 :
2985 5194 3179 5265 quidni
3224 5194 3309 5248 hee
3346 5193 3563 5246 illarum

1990 5304 2115 5345 unae
2165 5288 2315 5343 sint?
2377 5289 2430 5343 5.
2489 5287 2860 5358 Conqueritur
2911 5286 3167 5359 Cyrillus,
3224 5282 3564 5342 circumferri

1620 5449 1935 5506 SCHULZII
1958 5449 2188 5505 NOTAE.

378 5573 416 5604 “
440 5572 562 5628 Vid.
605 5588 797 5643 supra,
828 5587 884 5641 p.
919 5570 1039 5643 161.

1133 5570 1174 5600 ¹¹
1197 5569 1319 5623 Lat.
1352 5577 1580 5623 tantum.
1626 5567 1706 5622 Ita
1746 5582 1965 5636 quqque
2004 5566 2147 5636 apud
2176 5566 2472 5620 Baronium
2517 5566 2720 5621 Annal.
2786 5572 2825 5619 t.
2862 5565 2928 5630 V,

2959 5579 3019 5644 Rt
3059 5562 3176 5644 ?“-
3211 5560 3328 5644 mu
3359 5558 3424 5644 .I"
3458 5573 3561 5644 m5:

320 5643 536 5718 quodam
564 5628 985 5718 Vindohonen‘si
1018 5640 1197 5718 (apud
1218 5640 1476 5718 Lambec.
1603 5628 1883 5718 tv‘,‘p.'5,":

1993 5628 2105 5718 haec
2161 5637 2632 5718 exstant'inl‘ﬁne
2693 5636 2839 5718 tituli
2884 5628 3567 5718 epistolaatjily‘pdeles

379 5718 439 5768 τὰ
466 5716 524 5769 τὸ
558 5700 1035 5781 ἀπολογήσασθαί
1059 5700 1151 5763 ’ξὺν
1184 5712 1240 5762 ὲν
1274 5711 1449 5777 ἁγίοις
1494 5700 1767 5781 Κύριλῖον
1812 5700 1951 5781 ᾖτρὸς
1994 5710 2092 5769 τὰς
2124 5707 2263 5758 κατὰ
2307 5706 2415 5781 τῷν
2454 5707 2539 5758 ιϐ’.
2567 5706 2886 5776 κεφαλαίων
2919 5700 3164 5775 μέμψεις
3194 5700 3563 5771 Θεοδωρήτου.

316 5731 439 5818 utra:
466 5731 524 5769 το
558 5731 1011 5791 απολογησασυᾳι
1059 5731 1151 5763 τον
1184 5731 1240 5762 sv
1274 5731 1449 5792 ᾳγιοις
1493 5731 1767 5789 ’λυριΛΛυν
1812 5731 1949 5789 ξπρος
1994 5731 2092 5769 τας
2124 5731 2263 5758 κατα
2307 5731 2414 5757 των
2454 5731 2539 5758 tu.
2567 5731 2614 5759 κε

376 5786 501 5842 Cum
520 5816 592 5828 —-
618 5793 894 5859 ageretur.
924 5780 1154 5837 Videtur
1182 5789 1365 5852 potius
1397 5788 1625 5850 scripta,
1657 5793 1781 5833 cum
1805 5793 1917 5849 jam
1957 5785 2138 5833 actum
2170 5787 2315 5833 esset
2344 5775 2411 5831 de
2456 5792 2614 5845 pace.
