3926 6216
352 281 456 350 823

1477 281 1853 343 GARNERII
1895 279 2391 342 DISSERTATIO
2430 279 2512 340 II.

3511 276 3618 339 324

352 396 581 467 scripta,
615 392 821 465 quibus
852 391 938 448 vel
970 392 1087 464 ipse
1117 391 1372 457 fateatur,
1405 394 1493 448 vel
1532 393 1600 448 ab
1637 393 1760 449 aliis
1789 394 1933 450 dica-

2051 394 2104 447 Ξῐ
2145 411 2228 456 τις
2250 393 2349 462 οὑχ
2376 392 2629 462 ὁμολογεῖ
2675 388 2837 461 σαρκὶ
2879 387 3012 443 καθ’
3047 389 3342 444 ὑπόστασιν
3370 390 3619 461 ἡνῶσθαι

356 499 468 552 tur,
499 497 739 542 mutasse
759 487 1112 550 sententiam,
1159 495 1216 540 et
1251 486 1304 540 in
1345 494 1529 556 partes
1567 485 1932 542 Orientalium

355 577 669 638 transiisse;
699 576 753 630 id
775 577 896 631 istis
917 576 1138 646 scriptis
1161 576 1496 630 continetur.

414 669 551 724 Vlll.
583 669 764 723 Prima
804 668 946 722 ratio
978 677 1188 722 tantum
1221 667 1378 722 abest
1407 681 1467 723 ut
1498 667 1931 740 suppositionem

351 759 664 824 conﬁrmet,
719 768 780 814 ut
827 767 1036 814 evertat
1086 757 1289 828 potius.
1346 758 1482 812 Nam
1517 759 1792 828 posterior
1843 741 1932 814 iifa

353 851 585 921 epistola
627 852 852 907 omnino
886 852 1126 922 genuina
1173 859 1278 915 est,
1319 860 1381 907 ut
1408 867 1509 906 suo
1555 853 1677 905 loco
1703 851 1936 921 apertis-

353 942 495 998 sime
512 943 1002 999 demonstrabitur.
1033 943 1287 999 Secunda
1318 960 1425 998 non
1458 944 1756 1008 concludit,
1788 944 1935 1012 quod

355 1041 609 1104 Oportet:
642 1034 892 1103 quamvis
917 1034 1066 1088 enim
1093 1032 1234 1089 ﬁcta:
1271 1034 1527 1090 dicantur
1564 1045 1768 1090 mutua:
1790 1050 1937 1104 qua:-

355 1124 480 1178 dam
518 1124 849 1180 Theodoreti
892 1133 950 1179 et
997 1126 1236 1181 Nestorii
1279 1126 1500 1191 litterae,
1556 1127 1705 1196 quod
1747 1133 1936 1181 tamen

355 1222 560 1269 tentare
591 1215 774 1271 forsan
798 1218 1065 1272 asseritur
1099 1234 1131 1272 a
1164 1217 1417 1283 Leontio,
1465 1233 1568 1274 nec
1595 1218 1663 1272 ad
1695 1235 1936 1289 prmsens

353 1308 634 1378 negotium
663 1317 990 1380 tempusque
1019 1311 1279 1380 pertinet,
1301 1325 1413 1364 non
1435 1319 1540 1376 est,
1560 1312 1776 1380 opinor,
1799 1326 1934 1366 con-

353 1417 616 1471 sequens,
670 1412 731 1458 ut
778 1404 917 1459 fictae
967 1404 1080 1458 sint
1136 1405 1324 1469 etiam,
1378 1420 1516 1474 quas
1554 1405 1938 1461 'l‘heodoretus

353 1492 578 1545 nomine
622 1493 816 1563 synodi
873 1494 1290 1564 Euphratensis,
1342 1510 1452 1549 non
1487 1494 1556 1549 ad
1597 1495 1934 1562 Nestorium,

355 1581 451 1636 sed
481 1583 545 1637 ad
580 1583 843 1638 Joannem
889 1584 1061 1639 totius
1099 1583 1339 1640 Orientis
1393 1587 1756 1656 patriarcham
1796 1587 1936 1642 scri-

357 1673 486 1743 psit.
534 1675 720 1729 Tertia
766 1676 1004 1746 denique
1056 1685 1247 1732 contra
1299 1678 1557 1733 Allatium
1607 1679 1768 1744 facit,
1825 1697 1934 1750 qua

358 1774 515 1836 parte
534 1769 789 1837 queritur
801 1767 1040 1840 Cyrillus
1055 1770 1399 1825 circumferri
1421 1772 1632 1827 litteras
1653 1787 1685 1826 a
1701 1774 1933 1844 magnis,
1969 1751 2009 1804 Β

359 1858 414 1912 id
451 1866 557 1922 est,
607 1875 814 1930 magna?
859 1862 1210 1916 auctoritatis
1243 1863 1378 1917 viris
1427 1863 1693 1934 scriptas,
1734 1866 1938 1934 quibus

357 1945 638 2002 diceretur
671 1949 1006 2017 palinodiam
1033 1951 1196 2020 375
1228 1961 1478 2009 cantasse
1522 1971 1534 2007 :
1577 1971 1759 2025 neque
1788 1957 1938 2011 enim

355 2038 475 2103 has,
532 2055 654 2108 quae
703 2040 1033 2096 Theodoreti
1069 2057 1267 2098 nomen
1293 2044 1609 2114 praeferunt,
1659 2048 1756 2102 sed
1780 2049 1935 2114 alias,

355 2137 478 2201 quae
511 2147 614 2186 suo
638 2132 860 2187 nomine
894 2133 1362 2202 inscribebantur,
1397 2136 1550 2193 fictas
1581 2140 1797 2194 asserit.
1833 2141 1939 2196 Re-

355 2234 487 2278 vera
526 2223 803 2292 siquidem
838 2223 894 2278 id
959 2225 1027 2280 de
1076 2225 1282 2297 Cyrillo
1336 2229 1459 2283 aliis
1508 2231 1688 2285 tribus
1737 2231 1939 2288 litteris

351 2316 594 2388 iactabat
631 2319 1034 2384 Theodoretus,
1079 2321 1165 2374 vir
1204 2321 1374 2375 totius
1411 2319 1652 2377 Orientis
1688 2323 1940 2377 nomina-

355 2409 626 2475 tissimus,
682 2411 885 2480 primis
943 2411 1012 2465 ad
1059 2411 1337 2466 Andream
1382 2411 1940 2484 Constantinopolita-

353 2516 490 2555 nnm
516 2502 882 2556 monachum:
920 2522 936 2553 ι
975 2501 1114 2556 Ecce
1149 2503 1243 2573 qui
1275 2502 1577 2559 Salvatoris
1599 2504 1809 2560 Christi
1838 2523 1940 2561 na-

357 2601 510 2647 turas
548 2593 714 2662 impia
753 2593 1170 2650 ratiocinatione
1219 2595 1618 2666 confuderant,
1673 2606 1731 2653 et
1772 2614 1936 2653 unam

355 2694 610 2739 naturam
641 2685 761 2739 ausi
809 2684 1027 2738 fuerant
1071 2685 1394 2754 praedicare,
1429 2706 1446 2738 ι
1483 2695 1539 2742 et
1573 2697 1790 2754 caetera,
1819 2707 1940 2760 qua:

356 2773 555 2831 iisdem
593 2775 708 2831 fere
740 2775 925 2830 verbis
962 2784 1127 2846 atque
1151 2778 1169 2797 ⁶
1199 2777 1324 2843 ista,
1365 2780 1739 2835 continentur.
1777 2781 1941 2837 Juvat

356 2875 655 2938 utrumque
687 2868 955 2938 scriptum
987 2869 1266 2934 conferre,
1297 2878 1353 2925 et
1399 2871 1562 2926 simul
1598 2873 1936 2940 meminisse,

353 2962 746 3018 auctoritatem
789 2962 930 3026 ﬁeri,
963 2963 1137 3032 priori
1172 2963 1396 3033 quidem
1423 2979 1452 3018 a
1481 2966 1807 3035 posteriore,
1844 2982 1942 3038 po-

356 3053 576 3108 steriori
625 3070 754 3109 vero
801 3071 833 3110 a
871 3054 1027 3110 Marii
1097 3055 1421 3113 Mercatoris
1483 3058 1820 3113 testimonio.
1881 3059 1938 3115 ld

355 3144 537 3214 ipsum
588 3146 822 3202 habetur
849 3147 903 3202 in
937 3147 1198 3202 secundis
1227 3147 1296 3203 ad
1331 3148 1639 3204 Himerium
1678 3149 1938 3205 Nicome-

353 3236 622 3301 diensem,
687 3245 742 3292 et
791 3239 969 3294 tertiis
1016 3239 1085 3294 ad
1135 3238 1412 3294 Andream
1472 3239 1936 3296 Samosatensem.

355 3328 552 3384 Nullus
581 3344 750 3398 porro
777 3329 992 3394 dubito,
1016 3332 1152 3400 quin
1171 3331 1411 3403 Cyrillus
1442 3331 1509 3386 ad
1541 3332 1683 3386 hanc
1706 3332 1942 3405 synoda-

355 3421 466 3476 lem
505 3423 796 3491 epistolam
833 3422 1156 3492 respexerit,
1198 3438 1309 3476 non
1349 3423 1480 3477 item
1501 3422 1569 3476 ad
1597 3431 1712 3478 tres
1741 3422 1941 3492 praedi-

354 3520 476 3568 ctas
521 3529 536 3566 :
580 3514 783 3583 quippe
825 3529 948 3568 cum
1001 3515 1229 3583 privata:
1284 3514 1391 3568 illae
1444 3513 1575 3578 sint,
1611 3514 1728 3569 haec
1771 3529 1938 3586 syno-

357 3603 505 3657 dica.

429 3713 494 3770 In
529 3724 784 3770 conventu
819 3716 980 3780 enim,
1011 3723 1118 3770 etc.
1178 3715 1237 3769 In
1287 3713 1497 3786 synodo
1547 3714 1720 3770 lectas
1768 3714 1939 3770 fuisse

358 3816 615 3876 acceptas
652 3823 720 3862 ex
755 3807 988 3880 Egypto
1030 3808 1267 3872 litteras,
1293 3808 1362 3862 de
1391 3807 1595 3878 quibus
1626 3823 1809 3863 sermo
1831 3816 1936 3873 est,

358 3906 573 3953 constat
621 3914 689 3954 ex
734 3900 910 3954 tribus
940 3899 1066 3954 aliis
1101 3899 1371 3970 epistolis,
1406 3915 1546 3970 quas
1569 3908 1731 3956 antea
1754 3899 1941 3970 appel-

357 3987 610 4045 lavimus.

424 4100 702 4157 Consonas
735 4105 972 4158 omnium
1017 4106 1324 4170 sententias,
1381 4114 1488 4162 etc.
1545 4107 1754 4171 Graace,
1805 4126 1941 4180 συμ-

359 4193 576 4262 φώνους
605 4193 851 4265 ἀλλήλοις
875 4195 971 4258 τὰς
988 4195 1203 4249 πάντων
1229 4196 1394 4264 ἔδειξε
1414 4197 1658 4267 γνώμας.
1683 4199 1936 4265 Allatius,

355 4293 706 4340 consonantes
751 4287 847 4340 sibi
877 4289 1112 4341 omnium
1139 4287 1457 4343 voluntates.
1494 4289 1818 4356 Cotelerius,
1850 4292 1937 4344 in-

355 4379 520 4432 vicem
554 4379 933 4433 consentientes
973 4381 1135 4451 effecit
1153 4384 1460 4436 sententias.
1488 4382 1694 4436 Neuter
1721 4383 1938 4438 videtur

359 4478 533 4523 totum
567 4483 788 4524 sensum
817 4470 1151 4539 expressisse
1179 4489 1193 4524 :
1217 4471 1488 4543 significat
1511 4473 1658 4528 enim
1685 4473 1937 4529 Theodo—

357 4571 529 4627 retus,
577 4560 766 4634 Cyrilli
814 4578 939 4618 cum
972 4561 1364 4630 Orientalibus,
1407 4565 1767 4621 Orientalium
1810 4583 1934 4622 cum

356 4652 606 4708 Nestorio
647 4655 1069 4710 consensionem
1096 4654 1232 4710 adeo
1265 4656 1592 4726 patefactam
1618 4673 1761 4723 esse,
1786 4659 1933 4728 quod

358 4744 601 4810 apertius
655 4745 825 4800 tradit
863 4746 931 4801 ad
977 4746 1251 4802 Andream
1287 4755 1586 4819 utrumque
1639 4750 1932 4817 scribens;

361 4835 412 4888 id
461 4844 565 4899 est,
608 4836 674 4889 ad
708 4839 1035 4893 monachum
1069 4839 1758 4912 Constantinopolitanum,
1783 4851 1839 4897 et
1867 4843 1936 4898 ad

354 4927 674 4995 episcopum
705 4928 1160 4986 Samosatensem.

427 5039 730 5095 Carnah’ter
760 5061 972 5100 carnem
997 5048 1214 5117 factum,
1249 5058 1353 5106 etc.
1388 5044 1686 5120 Capilulol
1717 5052 1930 5120 εΓεγέν-

358 5152 489 5204 νηκε
535 5134 643 5205 γὰρ
689 5137 965 5206 σαρκικῶς
1012 5140 1188 5209 σάρκα
1229 5144 1486 5210 γεγονότα
1533 5142 1620 5195 τὸν
1670 5144 1734 5197 ὲκ
1795 5143 1928 5197 Θεοῦ

360 5225 572 5293 Πατρός
607 5225 795 5292 Λόγον,
821 5235 928 5281 etc.

427 5317 496 5372 Et
526 5318 774 5372 unionem
799 5319 1082 5374 secundum
1103 5320 1427 5391 [typostasim
1450 5330 1556 5376 etc.
1583 5321 1841 5394 Capitulo_
1862 5323 1925 5376 Ξῖ

2034 485 2126 540 τὸν
2156 488 2219 539 ὲκ
2232 485 2370 538 Θεοῦ
2396 483 2610 554 Πατρός
2628 482 2821 550 Λόγον,
2847 489 2954 536 etc.

2110 577 2367 634 Unionem
2411 573 2733 638 naturalem,
2767 583 2873 628 etc.
2907 571 3160 642 Capitulo
3193 574 3264 628 δε
3311 574 3381 628 Εἴ
3393 591 3480 638 τις
3508 573 3621 629 ἀπὸ

2034 667 2128 722 τοῦ
2182 669 2300 732 ἐνὸς
2342 665 2579 738 Χριστοῦ
2631 665 2830 737 διαιρεῖ
2869 665 2966 729 τὰς
2999 666 3326 730 ὑποστάσεις
3358 669 3495 736 μετά
3517 669 3621 741 τὴν

2033 759 2228 813 ἕνωσιν
2253 759 2390 832 μόνῃ
2411 757 2699 812 συνάπτων
2732 757 2902 820 αὑτὰς
2933 757 3218 830 συναφείᾳ,
3253 761 3316 829 τῇ
3349 759 3489 812 κατὰ
3518 760 3621 830 τὴν

2035 851 2215 916 ἀξίαν,
2259 852 2428 922 ἤγουν
2487 849 2797 917 αὑθεντίαν,
2849 850 2882 922 ἥ
2911 849 3250 914 δυναστείαν,
3283 852 3378 904 καὶ
3404 853 3527 922 οὐχὶ
3553 852 3620 924 δὴ

2038 945 2240 1016 μᾶλλον
2267 943 2469 1014 συνόδῳ
2491 946 2556 1014 τῇ
2584 943 2704 997 καθ’
2723 943 2914 997 ἕνωσιν
2939 947 3162 1014 φυσικῇ,
3186 944 3430 1014 ἀνάθεμα
3451 945 3618 1001 ἔστω.

2105 1037 2524 1109 Primogenitum
2570 1053 2634 1090 ea:
2685 1037 2927 1101 mortuis,
2977 1045 3084 1090 etc.
3133 1035 3383 1106 Capitula
3413 1038 3518 1091 ηε
3551 1039 3625 1091 Εἴ

2033 1149 2119 1195 τις
2147 1131 2242 1200 οὑχ
2275 1130 2526 1201 ὁμολογεῖ
2553 1129 2642 1183 τὸν
2663 1129 2758 1182 τοῦ
2783 1129 2916 1182 Θεοῦ
2949 1128 3124 1196 Λόγον
3158 1128 3395 1182 παθόντα
3427 1130 3617 1200 σαρκὶ,

2036 1223 2131 1276 καὶ
2173 1221 2585 1291 ἐσταυρωμένον
2639 1220 2826 1294 σαρκὶ,
2874 1221 2971 1274 καὶ
3013 1219 3244 1274 θανάτου
3281 1219 3623 1289 γευσάμενον

2039 1315 2224 1385 σαρκὶ,
2260 1314 2522 1384 γεγονότα
2571 1313 2629 1367 δὲ
2662 1312 3006 1385 πρωτότοκον
3052 1314 3118 1366 ὲκ
3160 1312 3370 1382 νεκρῶν
3423 1313 3548 1366 καθ’
3593 1311 3624 1364 ὃ

2037 1405 2150 1476 ζωή
2177 1408 2291 1459 ἐστι
2322 1408 2418 1460 καὶ
2450 1405 2734 1470 ζωοποιός.

2110 1497 2300 1552 Vocum
2324 1498 2651 1562 divisionem,
2680 1506 2789 1551 etc.
2823 1494 3078 1565 Capitulo
3107 1495 3141 1550 4
3168 1513 3181 1548 :
3210 1496 3280 1550 Εῐ
3299 1513 3380 1558 τις
3403 1493 3625 1566 προσώ-

2039 1606 2160 1653 ποις
2215 1589 2406 1653 δυσὶν,
2463 1589 2629 1660 ἤγουν
2681 1587 3052 1652 ὑποστάσεσι,
3118 1587 3218 1650 τάς
3271 1603 3328 1639 τε
3387 1588 3446 1639 ὲν
3503 1588 3624 1648 τοῖς

2035 1680 2412 1748 εὐαγγελικοϊς
2465 1679 2560 1732 καὶ
2613 1677 2989 1740 ἀποστολικοῖς
3045 1678 3442 1749 συγγράμμασι
3497 1677 3622 1730 δια-

2039 1773 2194 1843 νέμει
2249 1771 2456 1842 φωνὰς,
2513 1770 2547 1840 ἢ
2605 1771 2700 1823 ἐπὶ
2737 1770 2959 1841 Χριστῷ
2991 1768 3146 1841 παρὰ
3182 1768 3289 1821 τῶν
3324 1767 3494 1836 ἁγίων
3529 1767 3623 1820 λε-

2039 1865 2298 1936 γομένας,
2345 1863 2378 1934 ἢ
2429 1864 2558 1934 παρ’
2613 1863 2779 1916 αὑτοῦ
2837 1861 2965 1932 περὶ
3001 1860 3218 1924 ἑαυτοῦ,
3257 1860 3352 1914 καὶ
3379 1859 3478 1922 τὰς
3520 1860 3624 1930 μὲν

2037 1958 2112 2022 ὡς
2135 1957 2409 2029 ἀνθρώπῳ
2442 1955 2594 2027 παρὰ
2616 1955 2709 2008 τὸν
2740 1955 2805 2008 ὲκ
2834 1953 2970 2007 Θεοῦ
2996 1953 3206 2022 Πατρός
3236 1953 3405 2021 Λόγον
3438 1952 3625 2014 tam);

2039 2051 2316 2129 νοουμένῳ
2343 2053 2670 2122 προσάπτει,
2695 2049 2794 2112 τὰς
2816 2047 2872 2100 δὲ
2897 2047 2972 2109 ὡς
3015 2045 3339 2116 θεοπρεπεῖς
3377 2044 3522 2116 μόνῳ
3543 2043 3626 2113 τῷ

2039 2143 2104 2195 ὲκ
2127 2141 2262 2194 Θεοῦ
2289 2139 2502 2213 Πατρός
2531 2140 2709 2210 Λόγῳ,
2735 2139 2983 2210 ἀνάθεμα
3019 2138 3180 2193 ἔστω.

2109 2233 2346 2304 Denique
2367 2231 2629 2297 Spiritum
2655 2240 2919 2296 sanctum,
2946 2239 3051 2285 etc.
3075 2229 3176 2285 Hic
3204 2237 3289 2284 est
3316 2229 3492 2294 locus,
3523 2228 3623 2298 qui

2040 2335 2151 2383 tam
2185 2327 2529 2382 contentiosa
2559 2325 2724 2396 376
2746 2331 2977 2379 vexatus
2996 2331 3082 2378 est
3109 2338 3140 2377 a
3169 2321 3537 2378 schismaticis
3565 2328 3624 2376 et

2037 2419 2339 2474 Catholicis
2370 2417 2438 2473 de
2471 2417 2824 2488 processione
2851 2415 3091 2485 Spiritus
3126 2413 3301 2468 sancti
3334 2412 3624 2482 disputan-

2042 2509 2209 2574 tibus,
2263 2511 2467 2579 quique
2520 2506 2719 2562 Allatlo
2763 2506 2916 2561 dedit
2960 2503 3306 2560 occasionem
3339 2501 3620 2557 scribendi

2043 2603 2303 2657 Vindicius
2351 2600 2536 2673 synodi
2589 2599 2886 2671 Ephesinaz,
2939 2612 3108 2668 opere
3157 2611 3267 2650 non
3306 2593 3618 2659 mediocri;

2040 2693 2158 2758 sed,
2199 2708 2317 2747 mea
2348 2691 2641 2756 sententia,
2685 2691 2824 2744 nihil
2855 2689 2960 2743 fuit
2979 2704 3178 2751 causae,
3210 2702 3310 2741 cur
3335 2693 3623 2754 tantopere

2041 2785 2171 2839 hinc
2201 2793 2256 2839 et
2286 2784 2412 2839 inde
2450 2782 2830 2838 schismaticos
2871 2781 3016 2836 inter
3054 2789 3111 2835 et
3138 2779 3394 2834 Allatium
3423 2776 3492 2831 de
3513 2776 3624 2830 hoc

2040 2875 2162 2932 loco
2186 2876 2522 2931 concertatio
2554 2884 2703 2930 tanta
2727 2875 2985 2930 ferveret.
3012 2873 3149 2928 Nam
3178 2871 3246 2926 de
3269 2869 3624 2940 processione

2043 2969 2280 3040 Spiritus
2303 2971 2478 3024 sancti
2529 2985 2709 3039 neque
2756 2967 2862 3023 fuit
2910 2965 3144 3021 sollicita
3181 2963 3444 3036 synodus,
3490 2977 3622 3016 cum

2041 3060 2280 3130 capitula
2314 3059 2502 3132 Cyrilli
2547 3060 2854 3130 probaret;
2907 3071 3087 3126 neque
3131 3054 3369 3126 Cyrillus
3423 3052 3626 3122 egebat

2040 3152 2337 3207 admodum
2383 3152 2734 3222 processione
2781 3150 3024 3220 Spiritus
3071 3165 3102 3202 a
3155 3147 3333 3210 Filio;
3382 3145 3478 3199 sed
3502 3145 3625 3199 sola

2040 3243 2631 3308 consubstantialitate,
2685 3250 2746 3296 ut
2793 3240 3068 3295 refelleret
3093 3236 3330 3293 Nestorii
3347 3249 3622 3299 errorem,

2039 3337 2295 3402 volentis,
2329 3336 2611 3392 Christum
2643 3351 2674 3389 a
2701 3334 2913 3405 Spiritu
2937 3339 3146 3396 sancto,
3173 3331 3323 3384 velut
3347 3328 3415 3382 ab
3439 3334 3626 3381 extra-

2039 3445 2143 3484 nea
2195 3436 2254 3485 et
2305 3429 2591 3500 superiore
2649 3426 2876 3490 virtute,
2909 3425 2994 3493 _ad
3045 3421 3311 3494 patranda
3354 3419 3626 3476 miracula

2038 3521 2307 3593 adiutum.

2040 3650 2287 3722 Epistola
2337 3633 2460 3714 179,
2509 3665 2699 3722 quam_
2728 3645 2972 3722 Cyrillus
3013 3645 3220 3714 scripsit
3269 3640 3469 3696 Joanni
3509 3638 3625 3694 An-

2661 3719 2895 3773 tiocheno
2932 3718 2995 3770 ³⁵.

2115 3853 2375 3926 Epistola,
2429 3861 2536 3908 etc.
2579 3853 2714 3907 Data
2751 3862 2835 3907 est
2864 3849 3088 3906 circiter
3121 3862 3324 3904 annum
3349 3844 3451 3900 459
3476 3861 3491 3910 ;
3517 3859 3622 3898 ne-

2039 3963 2147 4019 que
2163 3947 2308 4002 enim
2326 3947 2506 4016 potuit
2521 3954 2616 4000 aut
2634 3945 2847 4000 tardius
2863 3952 2956 3998 aut
2979 3942 3146 3998 citius
3169 3941 3355 3996 scribi.
3371 3939 3491 3993 Non
3511 3946 3623 3993 lar.

2041 4041 2186 4106 dius,
2208 4041 2334 4110 quia
2361 4039 2598 4094 Joannes
2626 4037 3005 4093 Antiochenus
3023 4049 3053 4090 e
3080 4035 3192 4089 vita
3213 4031 3450 4089 decessit
3472 4045 3623 4086 anno

2039 4133 2162 4187 440.
2205 4132 2324 4186 Non
2365 4131 2552 4195 citius,
2581 4131 2842 4199 quoniam
2873 4139 3076 4182 mutua:
3109 4127 3305 4181 litterae
3332 4125 3624 4180 desierunt

2039 4225 2206 4289 mitti,
2239 4240 2364 4280 cum
2404 4223 2643 4295 Cyrillus
2686 4222 2950 4277 adversus
2981 4219 3284 4274 Diodorum
3336 4226 3391 4271 et
3433 4217 3616 4271 Theo-

2039 4318 2234 4372 dorum
2278 4315 2452 4370 libros
2491 4313 2683 4378 edidit,
2726 4311 3108 4366 Theodoretus
3152 4307 3331 4363 editos
3379 4304 3617 4360 refellit:

1968 4441 2012 4497 Β
2040 4406 2259 4478 scripsit
2285 4422 2417 4460 vero
2437 4404 2672 4476 Cyrillus
2692 4411 2816 4474 post
2838 4403 3154 4459 combustos
3177 4397 3415 4454 Nestorii
3446 4397 3622 4451 libros

2034 4500 2192 4570 jussu
2245 4497 2594 4570 imperatoris
2626 4512 2769 4551 anno
2799 4496 2922 4551 455.
2951 4494 3132 4562 Quare
3167 4490 3414 4547 defensio
3438 4489 3622 4544 Theo-

2037 4591 2214 4645 doreti
2265 4590 2531 4644 adversus
2574 4588 2836 4661 Cyrillum
2871 4587 3148 4656 pertinere
3179 4583 3400 4637 videtur
3423 4579 3490 4634 ad
3517 4596 3620 4634 an-

2038 4699 2171 4737 num
2199 4682 2322 4746 456,
2351 4692 2445 4736 aut
2483 4681 2606 4736 457.
2634 4681 2791 4745 Vide,
2825 4694 2948 4749 qua:
2984 4677 3224 4732 diximus
3245 4675 3312 4729 ad
3349 4679 3518 4744 caput
3550 4670 3618 4726 l0

2037 4774 2299 4830 Liberati.

2109 4865 2365 4938 Exemplo
2393 4867 2864 4928 sanctissimorum,
2890 4873 2998 4918 etc.
3021 4858 3310 4916 Orientalis
3335 4856 3615 4921 diceccsis,

2037 4961 2131 5031 qui
2167 4961 2513 5015 conditiones
2545 4960 2696 5030 pacis
2734 4966 3082 5027 acceperant.

2107 5054 2257 5108 Hanc
2269 5055 2394 5110 mihi
2415 5064 2505 5107 tua
2521 5056 2801 5115 sanctitas,
2821 5060 2926 5106 etc.
2955 5050 3398 5120 Exprobraturus
3419 5045 3618 5101 Joanni

2036 5143 2342 5198 molliorem
2393 5160 2520 5213 erga
2572 5143 2976 5198 Theodorctnm
3024 5138 3445 5210 indulgentiam,
3482 5153 3619 5207 pru-

2036 5234 2232 5289 denter
2263 5234 2518 5290 invidiam
2548 5237 2686 5290 lzesm
2718 5235 3003 5289 charitatis
3032 5234 3309 5289 amolitur.

2109 5325 2166 5380 Si
2204 5343 2329 5380 vera
2377 5339 2501 5381 sunt
2543 5342 2660 5398 qme
2703 5327 2878 5392 didici,
2908 5336 3014 5381 etc.
3045 5327 3187 5382 Vera
3237 5323 3462 5380 fuerunt
3494 5339 3620 5379 om-

1719 5475 2028 5532 SCIlULZIl
2062 5474 2287 5532 NOTAE.

433 5585 623 5666 ’f_li:ec
650 5587 876 5666 epistola
900 5588 1271 5666 exstatetiam
1391 5589 1588 5666 Leonis
1614 5590 1795 5666 4-"an
1830 5591 2093 5666 Δνίηιίὶςὶῐε
2121 5594 2306 5665 synodi
2364 5594 2660 5664 Ephesium,
2694 5612 2748 5665 p.
2795 5595 2917 5650 HI.
2984 5595 3118 5650 Vide
3161 5609 3381 5664 quoque
3423 5607 3615 5666 supra,

358 5670 414 5726 p.
447 5656 566 5711 ΓΗ.
594 5656 672 5712 Ad
695 5658 858 5730 epist.
893 5659 1147 5724 172-178,
1191 5659 1327 5714 nihil
1349 5661 1560 5714 monuit
1613 5661 1933 5717 Garnerius.
