3926 6216
244 301 330 366 325
779 304 786 311 '
1375 295 1473 357 DE
1510 292 1768 356 LIBRIS
1805 293 2311 359 THEODORETI.

3370 301 3473 370 326

243 409 356 465 nino
398 423 413 471 ;
447 413 502 460 et
543 412 770 475 propter
819 403 1028 468 turbas,
1063 417 1202 473 quas
1226 403 1588 460 discursande
1618 404 1798 459 Theo-
1826 415 1869 468 Α
1897 404 2127 461 Joannis
2150 403 2376 462 inscribi
2410 425 2426 464 :
2462 405 2557 464 sed
2587 407 2732 464 docti
2760 422 2950 466 omnes
2991 409 3104 466 fere
3127 413 3480 474 consentiunt

243 500 444 556 doretus
467 497 614 550 ciere
654 512 763 550 non
786 495 1018 559 destitit,
1039 497 1228 567 jussus
1247 507 1330 552 est
1351 513 1496 552 anno
1519 499 1640 562 ΗΒ,
1670 497 1795 568 Cyri

243 590 421 646 ﬁnibus
449 605 508 642 se
539 589 849 653 continere,
878 589 1058 661 magni
1093 590 1178 643 sui
1217 591 1385 644 animi
1416 606 1670 646 mmrore.
1705 591 1798 645 Vi-

245 683 302 736 de
321 691 474 749 caput
501 680 535 733 8
572 680 727 734 Vitae.

243 791 460 864 Epistola
513 789 634 864 180,
681 808 843 864 quam
887 789 1342 864 Theodoretusrad
1377 790 1638 845 Damnum
1682 791 1797 848 An»

571 862 868 914 tiae-lienam
912 862 1180 929 scripsisse
1229 862 1438 915 dicitur.

305 955 342 1009 Ι.
383 954 587 1008 Inserta
641 962 726 1007 est
775 951 926 1007 Actis
976 969 1009 1006 ν
1057 953 1249 1024 synodi
1302 955 1345 985 ¹⁶
1376 953 1588 1008 actione
1618 954 1670 1019 5,
1702 955 1798 1009 sed

243 1055 477 1116 corrupta
530 1046 892 1115 inscriptione
924 1061 937 1098 :
971 1061 1071 1114 pro
1110 1045 1320 1100 Joanne
1360 1045 1505 1099 enim
1534 1061 1801 1115 reponen-

241 1138 333 1192 dus
368 1138 608 1191 Domnus
661 1138 724 1201 ν’,
767 1146 825 1190 ut
875 1152 1021 1191 nunc
1044 1153 1236 1192 omnes
1266 1137 1377 1191 fere
1403 1137 1549 1191 docti
1576 1147 1798 1204 norunt,

243 1237 292 1283 et
316 1230 477 1283 series
525 1229 790 1282 Actorum
823 1229 1177 1283 demonstrat.
1211 1229 1424 1299 Scripta
1456 1246 1586 1283 vero
1617 1231 1799 1284 statim

241 1329 387 1390 atque
432 1320 586 1374 venit
638 1320 692 1374 in
741 1320 1022 1374 Orientem
1077 1321 1305 1374 nuntius
1337 1321 1404 1375 de
1437 1321 1592 1375 obitu
1627 1323 1800 1377 sancti

239 1409 451 1479 Cyrilli:
500 1426 673 1479 quare
726 1411 967 1480 pertinet
1015 1411 1082 1465 ad
1130 1412 1257 1465 anni
1286 1412 1387 1466 «Ml
1413 1427 1657 1465 mensem
1703 1414 1799 1468 Ju-

241 1502 700 1570 lium;siquidem
747 1502 1047 1556 secundum
1096 1503 1409 1572 opinionem
1463 1501 1798 1570 Graecorum,

239 1608 348 1660 quae
397 1592 766 1661 probabilior,
801 1593 913 1647 vita
961 1593 1184 1648 functus
1211 1601 1295 1648 est
1326 1604 1545 1650 sanctus
1565 1595 1801 1667 Cyrillus

239 1683 317 1736 die
343 1681 374 1735 9
401 1682 572 1735 Junii.

299 1771 357 1825 ll.
385 1772 516 1825 Inde
541 1773 709 1826 etiam
748 1773 1046 1829 innotescit
1077 1782 1292 1846 tempus
1346 1792 1456 1846 quo
1500 1777 1686 1833 habita
1719 1788 1803 1834 est

240 1865 434 1927 concio,
487 1868 648 1933 cujus
685 1865 1049 1936 fragmentum
1092 1867 1259 1922 habet
1289 1869 1491 1924 Marius
1513 1869 1800 1937 Mercator,

239 1970 447 2025 quaeque
485 1956 682 2010 iisdem
732 1958 938 2026 quintae
983 1959 1175 2029 synodi
1200 1958 1352 2013 Actis
1375 1960 1676 2015 inseritur:
1717 1978 1804 2016 se-

240 2055 348 2099 cuta
394 2046 546 2099 enim
601 2056 686 2100 est
731 2047 1042 2117 epistolam,
1089 2056 1252 2118 atque
1295 2049 1368 2103 ita
1414 2050 1608 2104 referri
1639 2051 1804 2107 debet

239 2137 294 2190 ad
319 2146 530 2206 tempus
561 2139 757 2207 synodi
787 2139 1141 2195 Antiochente
1168 2141 1482 2207 ordinariae,
1526 2143 1592 2196 ad
1637 2159 1803 2214 quam

239 2228 275 2285 Τ
280 2229 606 2284 heodoretus
627 2231 781 2285 venit
802 2233 1050 2286 autumni
1083 2243 1348 2304 tempore.

295 2320 375 2374 lll.
427 2321 851 2392 Supposititiam
898 2325 1154 2394 opinatur
1195 2326 1490 2382 cardinalis
1518 2326 1680 2398 377
1704 2327 1804 2383 Ba-

240 2413 406 2466 ronius
442 2414 487 2444 "
537 2414 721 2469 tribus
752 2415 820 2470 de
864 2417 1062 2471 causis.
1092 2417 1296 2482 Primo,
1328 2419 1474 2490 quod
1499 2419 1693 2475 Joanni
1721 2421 1805 2474 in-

238 2503 412 2572 scripta
449 2505 566 2570 sit;
613 2520 739 2559 cum
797 2513 980 2561 tamen
1036 2507 1126 2561 ille
1159 2509 1528 2579 quadriennio
1573 2519 1686 2565 toto
1709 2511 1806 2566 de-

238 2590 434 2648 functus
486 2594 558 2650 sit
588 2604 717 2650 ante
743 2595 1027 2668 Cyrillum.
1070 2599 1298 2663 Deinde,
1339 2601 1485 2670 quod
1511 2602 1580 2655 sit
1611 2603 1805 2657 Nesto-

239 2687 358 2740 riani
401 2687 676 2753 hominis,
728 2701 790 2745 ut
838 2693 930 2760 qui
981 2709 1077 2747 eos
1119 2705 1332 2764 arguat,
1362 2695 1649 2764 quiDeum
1679 2712 1800 2751 esse

237 2793 431 2848 passum
469 2791 748 2836 asserunt.
793 2785 1058 2853 Denique,
1112 2786 1259 2856 quod
1300 2786 1561 2858 Cyrillum
1615 2787 1800 2852 tantis,

241 2875 433 2938 tamque
476 2871 782 2935 atrocibus,
807 2882 968 2942 atque
998 2875 1161 2928 etiam
1190 2875 1418 2946 abjectis
1454 2877 1803 2930 contumeliis

240 2959 428 3026 alliciat,
467 2962 613 3016 utin
671 2966 991 3034 episcopum
1039 2965 1387 3021 Theodoreto
1429 2968 1663 3022 similem
1714 2983 1802 3022 ca-

241 3051 348 3108 dere
365 3055 450 3108 vix
479 3071 646 3125 posse
671 3057 981 3110 vidcantur.

297 3146 373 3200 IV.
403 3147 551 3202 Ante
581 3147 877 3201 Baronium
922 3148 1150 3214 nemini,
1187 3150 1333 3219 quod
1365 3151 1802 3214 sciam,venerat

243 3235 287 3290 in
308 3249 538 3293 mentem
576 3239 692 3294 hate
714 3241 1112 3308 suppositionis
1149 3241 1340 3310 opinio
1369 3258 1383 3307 ;
1421 3251 1802 3296 verumtamen

242 3338 501 3399 postquam
561 3330 618 3383 in
669 3330 962 3385 Annalibus
1015 3333 1346 3386 sententiam
1404 3332 1564 3397 dixit,
1597 3332 1804 3401 placuit

243 3421 464 3490 pluribus
505 3432 727 3478 tantum
772 3424 989 3487 duCcm,
1014 3426 1133 3479 sine
1157 3425 1268 3479 ulla
1291 3426 1800 3495 fereinquisitione,

242 3517 413 3584 sequi;
459 3532 576 3570 nec
630 3517 840 3586 placuit
896 3526 1129 3581 tantum,
1188 3517 1281 3572 sed
1341 3517 1604 3572 addidere
1640 3532 1805 3573 voces

244 3607 620 3678 indignationis
663 3598 938 3664 iracundae
986 3610 1195 3678 plenas.
1249 3609 1404 3673 Nam,
1455 3618 1512 3663 ut
1559 3610 1695 3663 alios
1725 3620 1806 3664 ta-

243 3711 390 3763 ceam,
435 3700 798 3755 Christianus
842 3700 1050 3770 Lupus,
1113 3720 1130 3752 ι
1166 3699 1462 3754 infernales
1520 3700 1621 3771 (sic
1655 3700 1802 3754 enim

244 3787 476 3860 loquitur)
513 3791 754 3859 soloque
784 3791 1030 3846 daemone
1057 3791 1249 3863 dignas
1277 3791 1485 3845 litteras
1520 3809 1537 3842 ›
1571 3791 1709 3846 dixit
1735 3793 1800 3859 ¹⁹,

251 3895 384 3935 «non
433 3881 782 3935 Theodoreti
841 3897 980 3950 opus
1029 3897 1172 3946 esse,
1201 3890 1296 3936 aut
1322 3881 1804 3938 ulliusChristiani

244 3971 492 4042 episcOpi,
557 3971 657 4027 sed
707 3972 932 4042 pessimi
979 3987 1216 4038 scurrae,
1267 3973 1702 4044 prostibulique,
1749 3982 1805 4028 et

247 4062 526 4118 nebulonis.
559 4082 578 4115 ι

301 4151 358 4206 ν.
403 4153 674 4207 Inventus
727 4158 813 4206 est
856 4151 1021 4207 etiam
1056 4168 1255 4222 nuper,
1287 4151 1381 4223 qui
1409 4153 1467 4207 in
1485 4153 1804 4223 praafatione

247 4238 301 4292 ad
315 4243 624 4297 versionem
644 4241 906 4296 Gallicam
945 4243 1193 4298 Historia:
1223 4243 1588 4298 ecclesiastica:
1625 4244 1807 4299 Theo—

247 4329 398 4386 doreti
448 4335 514 4398 ²⁰,
549 4349 683 4388 cum
727 4334 895 4389 vellet
942 4335 1144 4390 addere
1173 4335 1381 4405 aliquid
1406 4335 1474 4390 de
1498 4350 1598 4390 suo
1621 4336 1688 4390 ad
1721 4352 1802 4391 ra-

1899 496 1956 550 in
1984 497 2037 551 id
2065 500 2107 530 ²¹
2157 500 2306 568 quod
2343 509 2591 570 apertum
2625 511 2730 565 est,
2764 517 2958 572 nempe
2998 503 3288 574 irrepsisse
3321 521 3472 562 meno

1898 588 2028 642 dum
2070 589 2126 644 in
2165 591 2600 662 inscriptionem,
2637 595 2973 664 Joannisque
3000 612 3200 652 nomen
3232 615 3333 669 pro
3365 600 3476 654 Due

1899 695 2030 735 mno
2061 697 2182 737 esse
2225 685 2463 754 positum
2492 686 2562 740 ab
2603 686 2862 756 imperito
2904 689 3150 743 librario.
3185 691 3354 745 Nemo
3397 700 3480 746 tae

1899 785 2025 826 men
2050 773 2292 842 prudens
2329 775 2550 840 dixerit,
2577 793 2695 832 eam
2729 777 2801 831 ob
2839 794 3058 833 causam
3091 780 3240 850 rejici
3277 781 3479 837 debere

1897 864 2208 934 epistolam.
2267 865 2404 933 Quis
2463 869 2610 921 enim
2671 870 3004 924 Theodoreti
3058 862 3319 942 epistolas
3373 874 3476 928 H7

1899 964 1956 1009 et
1986 955 2089 1011 159
2112 957 2480 1025 repudiandas
2503 967 2745 1022 censeat,
2797 961 2899 1014 etsi
2948 961 3235 1032 utriusque
3285 964 3483 1020 inscri-

1900 1046 2015 1116 ptio
2045 1047 2387 1102 mentiatur?
2426 1049 2560 1104 Nam
2586 1050 2633 1080 ’ί
2663 1065 2839 1119 neque
2881 1052 3033 1120 prior
3053 1054 3120 1106 ad
3146 1055 3480 1110 Florentium

1900 1139 2224 1208 episcopum
2272 1141 2400 1195 data
2448 1148 2551 1205 est,
2595 1157 2774 1211 neque
2820 1145 3092 1212 posterior
3115 1146 3180 1199 ad
3210 1147 3474 1217 Asparem

1901 1231 2225 1297 consulem,
2279 1247 2405 1285 cum
2461 1231 2559 1292 illa.
2603 1234 2674 1287 sit
2720 1233 2786 1286 ad
2829 1235 3037 1303 plures,
3109 1237 3211 1291 ista
3258 1255 3390 1294 vero
3414 1241 3481 1294 ad

1914 1321 2183 1375 Avienum
2211 1323 2490 1377 consulem
2522 1325 2590 1389 ",
2621 1332 2784 1392 prout
2816 1326 3018 1394 scripta
3041 1329 3369 1398 supponitur
3388 1340 3484 1385 aut

1902 1428 2050 1466 anno
2107 1414 2232 1478 M9,
2281 1424 2376 1468 aut
2417 1415 2539 1469 450.
2582 1415 2746 1470 Certe
2789 1417 2964 1486 Aspar
3003 1421 3346 1474 consulatum
3373 1439 3482 1477 non

1901 1503 2092 1572 gessit,
2117 1518 2227 1571 quo
2251 1512 2495 1572 tempore
2521 1504 2904 1560 Theodoretus
2928 1507 2996 1562 de
3047 1508 3247 1579 injuria
3293 1511 3400 1564 sibi
3451 1527 3482 1566 a

1903 1593 2163 1646 Dioscoro
2196 1594 2335 1648 facta
2369 1596 2632 1664 conqueri
2659 1597 2856 1664 potuit.

1974 1683 2108 1737 Vlll.
2157 1684 2462 1739 Fatendum
2509 1701 2728 1756 quoque
2776 1689 3066 1758 epistolam
3119 1691 3261 1746 hanc
3287 1693 3485 1746 Nesto-

1902 1775 2044 1830 riani
2073 1777 2312 1831 hominis
2336 1793 2474 1848 Opus
2499 1793 2618 1833 esse.
2645 1797 2660 1846 ;
2692 1797 2884 1835 verum
2911 1783 3039 1837 inde
3073 1783 3291 1838 Baronii
3345 1785 3485 1839 ratio

1902 1866 2219 1938 infringitur
2243 1887 2254 1922 :
2282 1884 2407 1923 nam
2441 1870 2648 1924 idcirco
2673 1872 2877 1926 inserta
2905 1883 2992 1928 est
3022 1874 3174 1930 Actis
3213 1893 3244 1929 v
3268 1877 3482 1948 synodi,

1901 1962 1965 2012 ut
2016 1959 2144 2014 inde
2187 1960 2569 2016 Theodoretus
2621 1965 3003 2021 consensionis
3047 1981 3171 2020 cum
3227 1967 3483 2023 Nestorio

1902 2053 2330 2108 convinceretur
2355 2072 2368 2107 :
2391 2063 2447 2108 ct
2462 2071 2594 2111 vero
2615 2058 2760 2126 quod
2779 2057 3015 2128 scriptor
3035 2074 3131 2116 eos
3155 2070 3361 2130 arguat.
3389 2063 3484 2132 qui

1901 2143 2073 2198 Deum
2100 2161 2320 2214 passum
2346 2163 2469 2202 esse
2523 2157 2798 2215 asserunt,
2837 2159 3028 2204 contra
3067 2151 3362 2207 Baronium
3402 2153 3485 2208 fa-

1901 2234 1996 2298 cit,
2036 2244 2098 2290 ut
2127 2237 2232 2291 hoc
2265 2237 2561 2293 abhorreat
2587 2254 2616 2292 a
2645 2240 3159 2313 Theodoreti378
3185 2245 3481 2309 sententia,

1903 2330 1966 2377 ut
2018 2325 2222 2395 ubique
2283 2328 2488 2397 passim
2538 2329 2596 2383 in
2644 2330 2818 2399 ipsius
2866 2332 3085 2402 scriptis
3126 2333 3242 2388 haec
3290 2334 3483 2390 eadem

1901 2416 2259 2483 reprehensio
2278 2425 2552 2473 occurrat.

1973 2505 2064 2559 IX.
2124 2508 2427 2564 Fatendum
2480 2511 2721 2581 denique
2778 2512 3042 2586 Cyrillum
3105 2515 3158 2570 in
3209 2532 3274 2572 ea
3326 2517 3483 2574 illudi

1902 2600 2255 2653 contumeliis
2288 2602 2573 2657 atrocibus
2623 2612 2679 2658 et
2729 2605 2996 2676 abjectis:
3040 2608 3133 2662 sed
3184 2624 3288 2664 nec
3338 2611 3484 2666 istud

1902 2685 2033 2742 facit
2078 2704 2177 2758 pro
2234 2688 2510 2746 Baronio:
2552 2708 2679 2746 nam
2703 2693 3082 2752 Theodoretus
3107 2699 3388 2753 collectam
3415 2717 3484 2755 ex

1903 2777 2067 2848 longo
2128 2778 2294 2833 bilem
2342 2782 2406 2844 ",
2461 2796 2942 2853 compressamque.
2996 2796 3166 2850 metu,
3203 2787 3483 2842 exundare

1906 2868 2146 2932 tandem,
2197 2885 2321 2924 cum
2354 2871 2528 2927 libere
2576 2874 2834 2943 primum,
2860 2875 2990 2929 licet
3013 2875 3342 2945 impotenter
3363 2893 3487 2946 per-

1907 2961 2116 3014 mittit:
2159 2962 2544 3027 familiaribus,
2587 2975 2650 3019 ut
2684 2965 2764 3031 fit,
2801 2967 3026 3031 litteris,
3056 2968 3199 3037 apud
3242 2969 3484 3038 singula-

1907 3068 2025 3107 rem
2059 3053 2316 3119 amicum,
2352 3056 2421 3111 de
2449 3056 2664 3111 infenso
2694 3059 3108 3128 communique,
3153 3068 3213 3113 ut
3260 3061 3482 3129 quidem

1901 3144 2154 3214 putabat,
2186 3145 2429 3210 inimico,
2455 3147 2522 3202 de
2548 3147 2772 3202 homine
2802 3149 2897 3216 qui
2942 3161 3159 3211 novam,
3214 3150 3486 3219 pejorem—

1902 3250 2010 3305 que
2043 3237 2242 3304 prima,
2270 3237 2601 3292 moliebatur
2627 3238 3100 3308 Constantinopoli
3126 3239 3344 3310 utrique
3390 3257 3483 3296 acu

1903 3328 2268 3391 cusationem,
2300 3343 2521 3382 sensum
2549 3332 2717 3384 animi
2751 3333 3054 3402 deponens,
3081 3336 3340 3399 exsultat,
3364 3351 3488 3406 gra-v

1904 3420 2218 3489 tulaturque
2245 3419 2426 3474 datam
2462 3421 2619 3476 hoste
2651 3431 2924 3492 prostrato
2951 3439 2982 3478 a
3031 3424 3142 3478 Deo
3174 3427 3480 3481 victoriam.

1903 3511 2022 3565 Non
2065 3527 2200 3581 ergo
2247 3512 2466 3572 mirum.
2498 3513 2593 3567 sed
2617 3515 2882 3569 credibile
2910 3516 3112 3584 potius,
3145 3527 3367 3586 propter
3391 3535 3486 3572 ex-

1903 3602 2230 3671 perientiam
2262 3612 2370 3656 tam
2415 3604 2687 3658 infelicem
2716 3621 2878 3674 quam
2909 3607 3305 3675 quotidianam,
3335 3609 3482 3679 quod

1905 3692 2072 3746 homo
2098 3693 2320 3748 aliunde
2349 3695 2544 3759 bonus,
2584 3697 2821 3752 humana
2854 3714 3045 3768 passus
3075 3701 3163 3765 sit,
3189 3702 3486 3772 impotens-

1905 3799 2011 3854 que
2047 3795 2106 3840 et
2149 3785 2244 3839 irae
2277 3795 2502 3856 propter
2540 3788 2855 3843 frustratam
2909 3792 3099 3860 gloriae
3145 3795 3160 3813 "
3207 3809 3382 3863 spem,
3428 3805 3487 3852 et

1905 3877 2089 3948 gaudii
2123 3886 2348 3946 propter
2374 3878 2749 3933 adversarium
2775 3881 3073 3947 sublatum,
3106 3883 3331 3956 indigna
3362 3887 3486 3962 epi-

1904 3983 2073 4037 scopo
2097 3969 2202 4022 sibi
2230 3969 2485 4024 excidere
2506 3985 2701 4040 passus
2723 3970 2815 4027 sit.

1975 4060 2043 4115 Χ.
2090 4060 2196 4115 Sed
2247 4075 2370 4130 quae
2426 4062 2645 4116 tandem
2697 4063 2942 4119 convicia
2970 4063 3351 4122 Theodoretus
3376 4067 3484 4140 Cy-

1904 4153 2029 4207 rillo
2052 4152 2143 4206 hic
2167 4151 2318 4216 fecit,
2345 4153 2549 4222 quibus
2569 4155 2838 4209 atrociora
2859 4157 2913 4209 in
2933 4157 3211 4222 eumdem,
3238 4161 3487 4230 aliosque

1905 4246 2285 4301 sanctissimos
2335 4245 2505 4309 viros,
2568 4262 2677 4301 non
2736 4245 2998 4302 eﬂ'uderit
3045 4249 3373 4306 indubitatis
3426 4253 3483 4306 in

1903 4336 2122 4392 libris?
2173 4335 2374 4390 Malum
2431 4335 2519 4390 hic
2575 4337 2837 4390 hominem
2888 4346 3050 4392 vocat
3098 4347 3154 4393 et
3211 4341 3484 4404 miserum,

246 4422 398 4479 tiones
427 4425 676 4490 Baronii,
701 4427 1033 4482 asseveravit
1053 4427 1340 4498 septennio
1364 4427 1629 4482 Joannem
1677 4437 1803 4482 ante
1837 4445 1882 4503 ι)
1917 4448 1934 4480 ‹
1964 4429 2122 4499 cujus
2166 4428 2480 4498 malignitas
2506 4428 2765 4484 Ecclesia:
2790 4429 2944 4483 velut
2979 4429 3148 4498 pestis
3174 4446 3205 4484 a
3233 4431 3345 4484 Deo
3377 4432 3481 4484 im-

245 4509 478 4582 Cyrillum
509 4515 628 4570 fato
659 4528 780 4570 esse
809 4515 1078 4581 functum,
1109 4517 1166 4571 in
1202 4532 1313 4587 quo
1349 4516 1800 4586 parachronismo

244 4617 336 4659 non
383 4605 580 4662 leviter
645 4608 948 4676 peccavit:
1003 4607 1242 4680 Cyrillus
1289 4609 1437 4663 enim
1496 4608 1800 4664 certissime

245 4707 368 4748 anno
386 4697 486 4752 ιιι
509 4695 812 4751 defunctus
839 4703 942 4759 est,
973 4695 1210 4752 Joannes
1229 4695 1353 4762 MO,
1380 4704 1474 4751 aut
1497 4695 1621 4751 441.

301 4786 378 4840 Vl.
415 4789 619 4842 Verum
651 4789 881 4844 dimisso
910 4789 1015 4844 hoc
1050 4797 1273 4843 auctore
1317 4804 1441 4843 cum
1496 4804 1597 4843 suo
1644 4803 1801 4857 para-

247 4875 560 4945 chronismo,
610 4879 842 4934 dimisso
884 4894 1101 4948 quoque
1140 4879 1293 4949 Lupo
1327 4895 1450 4933 cum
1482 4877 1798 4932 iracundio-

249 4969 380 5024 ribus
422 4973 675 5037 vocibus,
731 4971 1108 5027 examinemus
1157 4988 1278 5042 qua:
1312 4971 1603 5025 Annalium
1661 4969 1798 5023 scri-

249 5067 354 5127 ptor
391 5063 600 5132 objicit.

311 5152 409 5211 Vll.
449 5155 756 5212 Fatendum
791 5165 878 5212 est
917 5155 969 5211 in
999 5155 1236 5227 vulgatis
1271 5155 1554 5210 codicibus
1600 5169 1797 5207 nomen

1905 4530 2093 4591 putata
2123 4521 2213 4574 sit.
2254 4540 2272 4571 ι
2307 4521 2386 4574 Eo
2415 4521 2563 4575 enim
2593 4521 2776 4574 omnia
2821 4521 3093 4576 recidunt.

1975 4611 2067 4667 XI.
2099 4613 2166 4666 At
2191 4613 2247 4666 in
2287 4613 2514 4682 epistola
2543 4612 2609 4666 ad
2651 4611 2917 4667 Joannem
2975 4610 3376 4666 Antiochenum
3435 4612 3484 4644 "

1907 4701 2198 4772 prmposita
2221 4702 2633 4771 reprehensioni
2654 4701 3236 4756 anathematismorum
3255 4703 3485 4758 sanctis-

1909 4794 2105 4847 simum
2135 4793 2440 4846 divinitatis
2467 4791 2672 4846 Christi
2701 4792 3048 4846 defensorem
3092 4803 3250 4847 vocat
3297 4805 3480 4863 pasto-

1907 4902 2044 4946 rem,
2105 4904 2122 4934 ‹
2158 4884 2250 4953 qui
2279 4883 2562 4938 crudelius
2597 4883 2729 4937 feris
2751 4899 2880 4937 oves
2911 4900 3038 4937 suas
3064 4885 3357 4954 discerpat,
3386 4886 3480 4954 qui

1907 4975 2010 5027 sub
2056 4974 2274 5043 pietatis
2312 4973 2532 5026 nomine
2580 4973 2816 5027 haereses
2865 4982 2920 5027 et
2952 4975 3313 5042 blasphemias
3347 4991 3481 5044 pra:-

1907 5064 2074 5123 dicet,
2120 5065 2211 5132 qni
2259 5064 2478 5132 impiam
2523 5064 2829 5117 doctrinam
2865 5074 3108 5124 renovet,
3144 5066 3298 5133 cujus
3327 5064 3479 5133 capi-

1908 5155 2023 5210 tula
2048 5154 2360 5207 hcereticum
2382 5170 2600 5207 sensum
2626 5155 2966 5218 contineant,
3008 5175 3026 5205 ι
3056 5163 3160 5210 etc.

1561 5305 1624 5358 St
1648 5304 1878 5358 llULZIl
1926 5301 2147 5358 NOTIE.

312 5449 350 5478 “
377 5448 494 5503 Vid.
528 5450 720 5504 Mansii
758 5448 974 5503 Collect.
1022 5448 1208 5502 concil.
1255 5457 1293 5502 t.
1319 5447 1413 5513 ῐΧ,
1460 5463 1514 5516 p.
1546 5446 1651 5500 295
1700 5461 1815 5514 seq.

1895 5445 1937 5476 ¹⁷
1969 5443 2092 5498 Vid.
2126 5458 2312 5511 supra,
2345 5458 2400 5511 p.
2436 5444 2556 5497 174.

2646 5446 2688 5476 ιε
2718 5444 2840 5498 Vid.
2902 5445 3099 5500 Annal.
3136 5455 3176 5499 t.
3207 5447 3295 5508 v1,
3331 5460 3384 5512 ιι.
3411 5445 3482 5499 es

251 5529 349 5586 seq.
389 5520 462 5549 π’
489 5520 648 5572 Tom.
672 5521 689 5574 l
713 5519 913 5580 schol.,
939 5536 1056 5588 pag.
1093 5520 1210 5572 720.
1234 5589 1246 5598 _
1289 5521 1333 5549 ²⁰
1366 5519 1424 5598 In
1455 5513 1754 5598 Cousinum
1784 5513 2065 5598 benedicta
2124 5521 2279 5598 sunt;
2341 5515 2388 5598 f‘
2434 5514 2544 5594 Nec
2575 5513 2857 5595 doctorum
2892 5519 3218 5598 applausum
3259 5515 3480 5578 meruit,

250 5584 336 5658 pec
370 5587 502 5642 adeo
531 5600 716 5658 aperta
745 5589 854 5642 dici
881 5584 1061 5658 potest
1091 5589 1192 5642 ista
1234 5589 1570 5658 hypothesis,
1601 5601 1727 5658 qua:
1772 5603 1800 5636 v

1909 5587 2138 5658 aliquam
2195 5584 2357 5658 habet
2406 5584 2517 5658 veri
2556 5586 2814 5658 speciem.
2889 5586 2936 5658 ξ’
2971 5588 3092 5658 γὶιι.
3131 5603 3315 5658 supra.
3353 5600 3476 5651 pag.

250 5650 339 5707 345
371 5673 479 5727 seq.
558 5650 607 5689 ⁵³
634 5657 756 5712 Vid.
786 5674 820 5711 s

252 5720 292 5754 u
321 5725 428 5772 Vid-
452 5743 635 5772 sum-2-
670 5745 721 5772 ne
753 5728 820 5772 '56

339 5726 428 5782 lid.
449 5726 638 5800 Supra,
670 5745 723 5798 p.
753 5728 858 5784 563
877 5744 988 5801 seq.

558 5650 607 5689 ⁵³
634 5657 756 5712 Vid.
786 5650 972 5726 supra,
999 5675 1059 5728 _p.
1093 5659 1214 5713 552.
1274 5650 1335 5690 ’³’¹
1369 5659 1522 5714 Justo
1557 5650 1802 5727 iniquius
1825 5656 1940 5711 haec
1968 5650 2115 5709 dicta
2146 5662 2200 5708 et
2229 5654 2298 5709 ab
2327 5654 2548 5726 ingenio
2575 5650 2903 5710 Theodoreti
2930 5657 3091 5710 nimis
3117 5650 3294 5711 aliena
3328 5650 3478 5709 sunt.
