3926 6216
435 258 540 324 327

1560 263 1935 324 GARNERII
1979 261 2472 323 DISSERTATIO
2509 261 2594 324 II.

3579 265 3688 333 328

502 370 596 426 XII
643 368 714 426 Et
734 368 788 424 in
811 368 1040 440 epistola
1064 368 1130 424 ad
1154 368 1353 424 Rufum
1377 370 1921 426 Thessalonicensem
1941 371 2008 434 ",
2041 373 2083 427 A
2114 383 2393 438 nunquam
2417 367 2618 438 potuit,
2636 367 2984 432 sententiam,
3004 364 3140 422 Deus
3163 384 3346 439 passus
3366 376 3462 423 est.
3483 371 3689 436 Quinta

441 480 458 512 ι
485 460 908 516 ιιωτεεὶπειηιω
945 467 1135 524 vocat,
1181 460 1568 529 hominemque
1624 475 2008 530 perversorum

432 551 748 622 dogmatum
790 560 1092 615 auctorem,
1140 553 1236 622 qui
1281 551 1642 606 orthodoxam
1690 552 1854 606 (idem
1885 568 2008 606 cor-

432 652 676 712 rumpat,
698 643 857 713 cujus
881 643 1060 712 capita
1105 642 1160 696 in
1189 643 1492 712 perniciem
1523 643 1783 699 Ecclesia:
1813 659 2013 716 propo-

433 734 537 790 sita
569 734 697 788 sint.
730 751 748 783 ι
799 732 900 786 llic
922 748 1051 802 ergo
1081 733 1315 787 libenter
1362 732 1690 804 interrogem
1715 735 2012 804 rejectores

432 823 696 893 epistolw,
743 838 810 877 an
857 837 964 876 non
1017 821 1158 876 malo
1188 824 1418 886 homine,
1448 825 1738 894 miseroque
1763 827 1914 895 pejor
1939 825 2013 879 sit

431 917 835 971 haresiarcha?
870 932 938 970 an
982 931 1093 970 non
1120 917 1452 987 malignitate
1481 918 1863 974 detestabilior
1905 921 2009 973 im-

431 1011 620 1080 pietas,
652 1011 881 1069 Iueresis.
907 1008 1232 1080 blasphemia
1256 1012 1281 1063 Σ)

502 1102 640 1157 XIII.
695 1101 801 1156 Sed
847 1103 1052 1172 quibus
1095 1103 1343 1158 dicteriis
1367 1103 1674 1174 insequitur
1705 1103 2011 1173 Ephesinos

433 1189 636 1257 Patres,
693 1192 748 1247 id
802 1201 906 1256 est,
959 1193 1222 1248 Ecclesiae
1278 1194 1551 1259 doctores,
1605 1204 1660 1248 et
1708 1193 2011 1249 sanctitatis

431 1283 762 1354 magistros?
818 1303 835 1335 ι
872 1285 1051 1339 Mente
1103 1296 1291 1355 captos
1347 1286 1615 1350 nominat,
1678 1295 2011 1355 spontaneos

430 1389 606 1428 οπεος
657 1383 717 1428 et
767 1374 989 1429 invidia:
1037 1375 1324 1445 mancipia,
1361 1375 1732 1439 theomachos,
1767 1382 2012 1443 pastores

431 1466 526 1534 qui
560 1482 781 1536 gregem
812 1467 958 1536 lupis
987 1468 1224 1532 tradant,
1253 1468 1346 1538 qui
1377 1467 1574 1522 ovibus
1596 1467 1786 1522 noxias
1810 1467 2010 1522 herbas

432 1558 735 1628 porrigant,
763 1577 782 1610 ι
823 1568 933 1613 etc.

505 1648 644 1704 XIV.
694 1649 764 1704 At
819 1651 1056 1721 excipiet
1097 1651 1238 1707 forte
1286 1651 1558 1722 quispiam
1591 1670 1603 1705 :
1631 1651 1861 1721 Scripsit
1894 1652 2010 1707 haec

433 1739 812 1797 Theodoretus
836 1743 1030 1811 primis
1067 1746 1427 1814 temporibus,
1455 1761 1579 1800 cum
1613 1747 1855 1798 nondum
1881 1761 2009 1814 per-

433 1833 662 1887 vidisset
707 1835 1072 1903 capitulorum
1125 1851 1347 1892 sensum
1386 1837 1756 1892 catholicum:
1793 1836 2012 1905 scripsit

432 1933 558 1978 ante
614 1941 802 1993 pacem
829 1927 1219 1992 Ecclesiarum,
1262 1945 1386 1983 cum
1411 1929 1606 1984 infensi
1631 1937 1816 1983 essent
1840 1927 2011 1982 animi

432 2025 527 2066 aut
553 2023 704 2068 certe
753 2030 877 2069 cum
932 2017 1178 2072 nondum
1229 2019 1484 2073 rediisset
1536 2035 1660 2073 cum
1700 2019 1900 2090 Cyrillo
1954 2020 2008 2072 in

431 2103 680 2172 gratiam.
707 2104 904 2160 Fateor
926 2107 980 2161 id
1007 2123 1172 2174 sane;
1195 2125 1386 2163 verum
1410 2126 1479 2163 ne
1496 2124 1638 2163 anno
1664 2110 1888 2179 quidem
1907 2109 2011 2164 449

432 2193 772 2264 deposuerat
807 2213 961 2252 suam
985 2199 1053 2253 de
1082 2201 1340 2270 capitulis
1364 2201 1703 2271 opinionem,
1730 2217 1854 2255 cum
1879 2200 2013 2255 scri-

431 2284 568 2340 bens
616 2287 826 2342 Domno
867 2293 1056 2344 veneni
1106 2291 1264 2362 plena
1298 2292 1527 2346 diceret.
1573 2293 1862 2362 Nunquam
1901 2292 2010 2347 nisi

431 2377 650 2432 attritus
672 2379 849 2444 malis,
882 2380 1027 2448 quod
1053 2382 1217 2452 379
1243 2384 1473 2453 contigit
1505 2394 1628 2452 post
1662 2399 1864 2438 annum
1885 2385 2010 2450 447,

431 2469 485 2522 in
518 2485 708 2539 pacem
743 2471 1112 2526 Ecclesiarum
1167 2477 1476 2530 consentire
1521 2476 1672 2531 visus
1719 2485 1820 2540 est,
1872 2493 2014 2530 nun-

431 2577 596 2630 quam
644 2563 858 2618 sincere
898 2563 1102 2628 Cyrillo
1147 2568 1531 2622 reconciliatus
1572 2576 1675 2633 est,
1710 2569 1854 2638 quod
1880 2585 2015 2638 que-

432 2652 572 2706 ritur
601 2652 834 2724 Cyrillus
857 2655 1052 2710 Joanni
1076 2657 1345 2714 scribens.

503 2741 618 2796 XV.
664 2743 770 2798 Sed
827 2754 889 2799 ut
938 2746 1283 2803 manifestius
1333 2759 1534 2819 pateat,
1585 2766 1748 2820 quam
1797 2751 2013 2806 levibus

431 2837 766 2906 conjecturis
799 2839 1010 2894 nitatur
1035 2841 1224 2910 opinio
1246 2843 1650 2912 repudiantium
1700 2845 2010 2914 epistolam,

432 2943 614 2998 opera:
645 2930 882 2998 pretium
910 2939 992 2985 est
1019 2947 1136 2985 eam
1168 2934 1330 3002 paulo
1354 2936 1616 2989 attentius
1638 2935 2010 2990 considerare.

2113 466 2321 513 tantum
2371 460 2549 526 abest,
2593 468 2652 514 ut
2694 460 3087 529 suppositionis
3109 461 3480 530 conjecturam
3504 463 3688 533 juvet,

2111 557 2171 602 ut
2202 557 2427 619 propter
2460 551 2874 606 consonantiam
2909 567 3033 606 cum
3070 552 3396 608 indubitatis
3437 553 3692 610 historiae

2110 637 2473 701 documentis,
2525 649 2736 693 certum
2788 640 2858 694 sit
2891 640 3224 695 Theodoreti
3266 642 3510 696 auctoris
3532 643 3690 712 judi-

2111 730 2256 784 cium
2283 746 2296 794 ;
2329 729 2472 784 idem
2516 730 2662 785 enim
2693 731 2875 796 docet,
2906 731 3052 801 quod
3081 730 3316 802 Cyrillus
3347 732 3402 785 in
3438 733 3694 802 epistolis

2110 821 2176 875 ad
2211 822 2500 875 Maximum
2544 823 2859 887 diaconum,
2886 823 2952 878 ad
2983 825 3242 878 Acacium
3271 823 3586 877 Melitenum
3620 823 3694 878 de

2109 912 2363 978 Maximo,
2401 913 2467 966 ad
2493 914 2721 968 clericos
2761 923 2817 968 et
2846 913 3178 984 Lamponem
3213 913 3596 984 presbyterum
3619 913 3693 969 de

2110 1006 2356 1076 ejusdem
2388 1006 2603 1061 Maximi
2643 1008 2904 1076 querelis,
2932 1007 3000 1061 ad
3021 1007 3271 1062 Proclum
3301 1006 3695 1062 Constantino-

2110 1101 2434 1170 politanum,
2476 1101 2731 1170 quodque
2772 1101 3153 1156 Theodoretus
3188 1100 3242 1155 in
3291 1101 3538 1170 epistolis
3596 1101 3691 1167 ει,

2111 1189 2198 1254 85,
2234 1199 2340 1245 etc.

2182 1282 2342 1338 XVII.
2379 1282 2457 1337 Ad
2494 1283 2628 1349 hanc,
2665 1299 2785 1354 quae
2812 1299 2912 1354 pro
2936 1283 3297 1339 defendendis
3329 1284 3535 1354 quinta:
3557 1301 3690 1355 syn-

2109 1375 2201 1429 odi
2244 1375 2416 1438 Actis,
2447 1376 2649 1445 quibus
2691 1376 2923 1446 epistola
2949 1377 3232 1439 inseritur,
3255 1376 3522 1430 hactenus
3542 1377 3693 1430 dicta

2112 1474 2260 1529 sunt,
2283 1467 2498 1522 accedit
2525 1467 2783 1536 primum,
2813 1468 2960 1537 quod
2981 1467 3118 1521 nihil
3140 1467 3408 1538 dogmatis
3427 1467 3694 1538 objicitur

2109 1558 2333 1629 Cyrillo,
2361 1567 2556 1629 prmter
2581 1559 2634 1613 id
2664 1560 2812 1630 quod
2841 1560 3044 1629 ubique
3071 1560 3208 1614 solet
3244 1576 3273 1614 a
3303 1561 3690 1615 Theodoreto:

2121 1670 2138 1700 ι
2174 1651 2338 1713 Deus,
2372 1667 2590 1721 nempe,
2614 1667 2826 1720 passus,
2860 1660 3032 1705 morte
3064 1652 3411 1707 circumdans
3433 1663 3694 1710 naturam

2113 1743 2494 1797 immortalem.
2543 1761 2563 1793 ι
2616 1743 2846 1807 Deinde,
2903 1743 3072 1812 quod,
3108 1743 3152 1797 si
3185 1759 3292 1813 qua
3339 1744 3533 1800 fuisset
3557 1746 3691 1800 olim

2113 1830 2508 1902 suppositionis
2547 1830 2758 1900 species
2799 1830 2884 1883 vel
2935 1830 3152 1896 umbra,
3181 1831 3514 1884 schismatici
3539 1840 3693 1886 certe

2112 1922 2279 1976 trium
2309 1922 2545 1992 capitum
2579 1920 2918 1982 defensores,
2969 1935 3094 1975 cum
3135 1919 3408 1975 curiosius
3453 1921 3506 1974 in
3553 1919 3692 1974 Acta

2111 2015 2316 2084 quinta:
2344 2012 2536 2084 synodi
2563 2012 2924 2082 inquirerent,
2962 2028 3072 2082 quo
3124 2027 3317 2066 eorum
3371 2013 3692 2067 auctoritati

2112 2106 2468 2160 detraherent
2499 2121 2514 2170 ;
2544 2105 2612 2158 de
2642 2105 2778 2159 falso
2809 2104 3155 2174 excepissent
3193 2103 3460 2158 adversus
3483 2104 3697 2174 episto-

2111 2199 2240 2263 lam,
2275 2198 2420 2269 quod
2457 2207 2634 2252 tamen
2691 2197 2898 2252 nemini
2933 2212 3161 2266 prorsus
3193 2205 3485 2267 antequam
3524 2198 3698 2252 Baro-

2111 2290 2204 2344 nio
2228 2289 2380 2343 venit
2411 2289 2464 2342 in
2497 2297 2756 2343 mentem.

2182 2380 2368 2434 XVIII.
2400 2379 2532 2434 Inde
2554 2395 2685 2434 vero
2717 2378 3146 2434 constatvitium
3172 2379 3418 2450 inscripti
3450 2380 3695 2436 nominis

2113 2471 2391 2541 prioribus
2417 2471 2580 2541 380
2612 2471 2666 2524 in
2690 2471 2976 2526 codicibus
3010 2471 3220 2525 nullum
3264 2471 3454 2535 fuisse,
3496 2473 3594 2527 sed
3635 2473 3696 2526 in

2114 2563 2520 2618 recentioribus
2557 2571 2769 2617 tantum
2795 2581 2808 2615 :
2836 2561 3114 2632 quomodo
3159 2563 3307 2616 enim
3353 2563 3695 2619 schismatici

2117 2656 2455 2710 tacuissent?
2485 2655 2590 2711 Sed
2621 2656 2894 2725 quomodo
2939 2655 3008 2710 ab
3047 2655 3277 2710 eruditis
3329 2655 3695 2711 conciliorum

2113 2749 2356 2818 antiquis
2393 2748 2697 2803 editoribus
2741 2763 2850 2802 non
2894 2747 2996 2802 fuit
3028 2746 3476 2816 deprehensum?
3504 2747 3696 2802 Potuit

2113 2841 2262 2895 enim
2299 2841 2455 2895 facile
2503 2855 2571 2893 ex
2618 2839 2923 2909 fragmento
2972 2845 3363 2906 consequente,
3412 2838 3520 2893 nisi
3559 2853 3698 2893 con-

2114 2928 2350 2984 suetudo
2369 2927 2584 2998 legendi
2607 2928 2896 2982 avertisset
2927 2927 3172 2981 animum
3200 2944 3213 2978 :
3241 2936 3490 2996 apertum
3511 2927 3695 2997 siqui-

431 3017 656 3074 Constat
699 3022 944 3091 quinque
969 3024 1193 3078 omnino
1223 3026 1490 3094 partibus,
1515 3043 1745 3095 quarum
1766 3025 2012 3096 inprima
2039 3048 2081 3106 C
2116 3023 2240 3078 dem
2288 3032 2370 3077 est
2403 3031 2458 3077 et
2499 3020 2782 3091 epistolam
2819 3030 2873 3075 et
2912 3020 3196 3075 concionis
3213 3019 3603 3091 fragmentum,
3632 3031 3698 3076 ut

432 3114 650 3168 occulta
698 3113 1044 3184 benignaque
1088 3115 1185 3169 Dei
1216 3117 1560 3185 providentia
1593 3117 1865 3182 laudatur,
1890 3135 2011 3188 qua:

431 3204 728 3273 aliquando
787 3204 946 3260 bonis
999 3206 1244 3271 brevem,
1279 3207 1543 3277 improbis
1576 3209 1891 3264 diuturnam
1925 3209 2012 3264 in-

433 3295 620 3366 dulget
658 3298 825 3351 vitam
851 3317 863 3351 :
896 3300 1006 3354 illis
1035 3309 1094 3353 ut
1142 3300 1446 3356 liberentur
1467 3303 1578 3356 cito
1603 3304 1779 3367 malis,
1811 3304 1932 3358 istis
1953 3311 2013 3358 ut

431 3389 772 3457 pmnitentize
843 3391 1025 3444 locum
1081 3392 1385 3446 obtineant.
1437 3394 1688 3448 Secunda
1737 3405 1793 3450 et
1853 3396 2012 3450 tertia

430 3479 716 3534 continent
763 3481 1127 3537 imitationem
1181 3484 1464 3550 locorum,
1519 3485 1722 3554 quibus
1774 3487 2013 3556 aSpergit

429 3584 560 3625 suos
587 3570 862 3624 Lucianus
891 3570 955 3626 de
985 3573 1215 3626 mortuis
1236 3573 1504 3643 Dialogus,
1527 3583 1583 3628 et
1604 3589 1730 3628 eum
1752 3576 2008 3638 maxime,

431 3660 524 3728 qui
558 3660 839 3730 Tyrannus
868 3660 1211 3726 inscribitur,
1241 3663 1297 3716 in
1327 3680 1436 3733 quo
1460 3663 1844 3734 Megapenthcs
1869 3667 2013 3720 Rha-

429 3749 686 3805 damanto
711 3751 942 3818 sistitur,
968 3760 1042 3816 et,
1067 3753 1300 3824 Cynisco
1343 3755 1668 3824 philosopho
1698 3765 2008 3822 accusante,

429 3857 622 3911 pmnas
670 3843 789 3896 luit.
835 3842 1038 3909 Quarta
1089 3844 1414 3900 Christiana:
1447 3845 1668 3914 pictatis
1693 3847 2010 3901 testimonio

433 3932 592 4002 plena
617 3943 720 3998 est,
753 3950 1064 4004 quanquam
1088 3937 1404 3992 acrimonia:
1429 3938 1723 3992 admistum
1756 3938 2010 3993 nonnihil

432 4022 632 4077 habeat
662 4043 676 4077 :
712 4027 916 4079 mortui
941 4027 1086 4080 enim
1117 4027 1498 4083 Theodoretus
1545 4027 1693 4082 dolet
1734 4029 1904 4093 vices,
1954 4038 2011 4084 et

431 4114 616 4184 petita
635 4116 846 4169 Domno
870 4115 970 4184 ipsi
995 4132 1186 4185 preces
1217 4117 1479 4186 impendi,
1526 4117 2008 4189 Christianumque

429 4205 791 4275 obsequium,
857 4223 1172 4276 quanquam
1229 4209 1448 4277 utrique
1496 4209 1776 4279 negotium
1847 4210 2008 4264 morti

428 4297 712 4366 proximus
757 4307 986 4352 crearet.
1039 4297 1236 4362 Quinta
1292 4299 1553 4353 historica
1580 4309 1684 4363 est,
1715 4300 2005 4370 docetque,

2115 3123 2244 3171 sunt
2305 3115 2549 3186 ejusdem
2597 3113 2905 3184 argumenti
2969 3113 3325 3182 ejusdemque
3386 3111 3558 3178 modi,
3617 3113 3696 3170 ita

2114 3211 2278 3264 unius
2305 3207 2417 3262 fere
2439 3223 2559 3262 esse
2583 3207 2847 3276 temporis
2876 3225 2889 3259 :
2923 3205 3073 3275 atqui
3097 3205 3378 3260 concionis
3400 3205 3695 3277 inscriptio

2112 3298 2306 3354 Domni
2334 3313 2532 3352 nomen
2572 3297 2810 3367 praefert.

2183 3390 2326 3444 XIX.
2373 3391 2666 3459 Postquam
2720 3397 2928 3442 asserta
2972 3389 3281 3444 estvcritas
3305 3388 3571 3458 epistola,
3607 3402 3698 3442 rc-

2113 3489 2220 3535 stat
2266 3479 2472 3550 aliquid
2505 3478 2821 3541 emendare,
2865 3479 3009 3548 quod
3037 3481 3235 3549 partim
3265 3479 3584 3549 interpretis
3609 3478 3697 3533 in-

2114 3573 2286 3635 curia,
2310 3572 2509 3642 partim
2530 3571 2880 3626 librariorum
2919 3572 3054 3626 vitio
3095 3573 3325 3643 legitur,
3353 3571 3408 3625 in
3442 3570 3695 3626 editione

2113 3671 2228 3717 tum
2275 3663 2664 3726 Conciliorum,
2716 3671 2830 3716 tum
2873 3663 3112 3718 Baronii.
3166 3664 3220 3718 Id
3284 3679 3416 3717 vero
3449 3679 3564 3717 non
3607 3672 3697 3717 est

2112 3769 2428 3822 operosum,
2467 3755 2718 3824 quamvis
2748 3753 2971 3809 Graecus
3014 3763 3193 3810 textus
3224 3754 3470 3809 nondum
3501 3753 3693 3809 editus

2111 3847 2202 3908 sit,
2251 3847 2361 3900 imo
2407 3847 2677 3901 incertum
2728 3847 2799 3900 sit
2833 3862 2900 3900 an
2945 3847 3156 3916 uspiam
3199 3847 3382 3901 lateat.
3410 3846 3694 3901 Restituto

2113 3936 2278 4004 igitur
2330 3936 2382 3989 in
2437 3935 2795 4006 inscriptione
2852 3937 3045 3989 Domni
3088 3936 3331 4001 nomine,
3363 3934 3694 4006 corrigenda

2110 4025 2334 4080 fuerunt
2371 4026 2414 4056 ³⁷
2455 4042 2522 4080 ex
2561 4027 2874 4096 conjectura
2916 4026 3162 4095 quaedam
3190 4027 3258 4082 ad
3281 4027 3536 4098 syntaxin
3567 4042 3697 4081 ver-

2111 4117 2305 4171 borum
2354 4117 2708 4187 pertinentia,
2762 4118 3001 4187 primum
3030 4126 3086 4171 ut
3117 4120 3351 4188 capiant,
3385 4119 3613 4183 discani,
3642 4131 3696 4175 et

2111 4208 2252 4272 dent,
2302 4225 2402 4278 pro
2453 4219 2720 4280 caperent,
2753 4210 3032 4274 discerent,
3063 4217 3115 4262 et
3145 4209 3352 4263 darent.
3383 4209 3592 4265 Deinde
3621 4213 3697 4265 ad

2111 4300 2406 4371 exemplum
2456 4301 2685 4355 aliorum
2727 4319 2832 4356 non
2873 4302 3090 4365 dimisit,
3127 4316 3248 4370 pro,
3297 4317 3388 4354 nec
3421 4301 3490 4353 ad
3516 4316 3698 4355 exem-

426 4386 576 4458 quod
619 4397 676 4442 et
719 4388 941 4442 aliunde
993 4389 1184 4454 scitur,
1212 4390 1476 4461 Cyrillum
1499 4391 1662 4460 paulo
1694 4401 1820 4447 ante
1853 4409 2004 4447 mor-
2037 4382 2080 4436 D
2109 4389 2258 4460 plum
2308 4391 2540 4446 aliorum
2595 4393 2791 4446 dimisit
2817 4410 2836 4458 ;
2887 4392 3124 4462 denique
3155 4389 3361 4462 Cynisci
3395 4391 3440 4422 ’⁸
3465 4389 3697 4446 Luciani

426 4489 558 4544 tem,
583 4481 838 4550 querelas
889 4479 957 4535 de
1010 4481 1251 4537 Orientis
1305 4483 1580 4552 episcopis
1627 4484 1895 4541 detulisse
1934 4485 2001 4540 ad

423 4571 829 4641 imperatorem.

491 4664 631 4720 XVI.
663 4664 804 4730 Quid
840 4664 1004 4718 habet
1035 4665 1233 4733 prima,
1259 4665 1304 4718 si
1340 4664 1504 4718 modo
1531 4666 1877 4734 excipiantur
1919 4665 2004 4720 hac

422 4771 606 4820 voces,
653 4757 826 4811 mulus
884 4760 1060 4821 homo,
1114 4756 1397 4826 indignum
1431 4756 1737 4825 episcopo?
1766 4757 2002 4820 Habent,

421 4845 619 4909 fateor,
650 4849 891 4902 secunda
913 4859 969 4904 et
1000 4849 1182 4911 tertia,
1218 4847 1461 4917 joculare
1489 4847 1749 4915 quiddam
1800 4857 1855 4901 et
1901 4848 2006 4902 hu-

421 4937 573 5001 mile,
620 4940 716 4993 sed
761 4941 865 4994 hoc
894 4941 1059 4994 etiam
1083 4939 1361 4995 scribendi
1384 4955 1584 5010 genere
1606 4957 2001 5010 nonnunquam

421 5028 527 5082 viri
579 5044 773 5098 graves
827 5038 1078 5095 utuntur,
1126 5047 1248 5086 cum
1299 5047 1365 5086 ex
1417 5032 1703 5088 commdiis
1752 5040 1848 5086 aut
1879 5034 2001 5088 aliis

418 5120 690 5190 ejusmodi
721 5121 942 5189 scriptis
970 5121 1264 5176 desumunt
1300 5123 1508 5192 aliquid
1547 5139 1657 5192 quo
1697 5123 1864 5178 animi
1911 5123 1997 5178 sui

417 5226 576 5268 sensa
604 5211 748 5279 apud
775 5210 1048 5266 familares
1076 5222 1367 5282 exponant.
1408 5215 1610 5279 Quarta
1657 5215 1806 5269 aliud
1859 5216 1994 5269 nihil

416 5303 586 5358 habet
629 5303 964 5367 acrimonia,
992 5320 1155 5373 quam
1182 5306 1328 5373 quod
1355 5306 1676 5374 jamdudum
1705 5308 1998 5376 collegerat

416 5395 721 5465 indignatio
743 5394 1008 5450 adversus
1036 5395 1196 5450 hanc.
1219 5411 1384 5465 quam
1419 5395 1799 5451 Theodoretus
1851 5399 1994 5453 ferre

2110 4498 2231 4551 pro,
2271 4483 2442 4555 Cynni
2476 4482 2736 4538 Ciliciam.

2183 4575 2299 4629 XX.
2341 4575 2499 4640 Sunt,
2533 4575 2625 4644 qui
2672 4575 2788 4628 haec
2829 4573 2998 4628 verba
3037 4590 3050 4626 :
3099 4591 3117 4622 ‹
3147 4571 3346 4643 Majora
3398 4580 3453 4626 et
3498 4573 3692 4642 pejora

2112 4673 2450 4736 pertentans,
2491 4663 2784 4718 defunctus
2821 4670 2944 4728 est;
2998 4662 3292 4717 somniavit
3327 4661 3496 4725 enim,
3545 4661 3695 4715 sicut

2110 4761 2324 4823 dicunt,
2376 4767 2431 4814 et
2464 4757 2668 4828 regiam
2694 4757 2886 4811 urbem
2916 4757 3263 4828 perturbare,
3291 4763 3348 4810 et
3378 4762 3524 4808 tuam
3559 4768 3692 4807 san~

2109 4851 2354 4906 ctitatem
2411 4865 2690 4912 accusare,
2723 4867 2740 4899 ›
2805 4856 2937 4912 etc.,
2993 4847 3430 4916 interpretentur
3476 4845 3572 4909 ita,
3627 4856 3694 4900 ut

2109 4943 2236 4998 velit
2257 4940 2518 5012 Cyrillum
2543 4941 2704 5010 paulo
2727 4947 2851 4994 ante
2888 4946 3120 4993 mortem
3156 4938 3692 5007 Constantinopolim

2106 5029 2343 5093 venisse,
2378 5029 2568 5098 ibique
2600 5043 2724 5082 cum
2748 5027 2943 5081 Proclo
2977 5041 3218 5091 causam,
3249 5025 3530 5080 Athanasii
3557 5026 3694 5079 Per-

2106 5121 2405 5176 rhenorum
2429 5117 2672 5188 episcopi
2707 5116 3048 5186 cognovisse,
3077 5124 3241 5185 atque
3270 5116 3395 5170 inde
3419 5115 3484 5170 ad
3517 5116 3690 5170 Dom-

2104 5227 2259 5275 num,
2315 5227 2345 5264 a
2393 5225 2502 5279 quo
2548 5207 2880 5262 Athanasius
2911 5207 3298 5276 appellaverat,
3346 5207 3561 5261 litteras
3591 5206 3692 5261 de-

2104 5303 2271 5358 disse.
2318 5301 2438 5355 lluc
2485 5300 2633 5354 enim
2689 5300 2914 5352 trahunt
2962 5299 3124 5352 verba
3177 5298 3458 5352 Athanasii
3512 5299 3690 5353 relata

2104 5394 2403 5450 actione-Il
2451 5391 2670 5446 concilii
2719 5389 3234 5446 Chalcedonensis:
3285 5408 3302 5440 ‹
3335 5386 3487 5443 Ilanc
3534 5391 3690 5461 (cau-

1741 5533 2055 5591 SCIIULZII
2124 5530 2347 5587 NOTAE.

481 5624 526 5658 "
550 5623 673 5680 Vid.
707 5640 893 5694 supra,
924 5626 1212 5695 epistolam
1253 5625 1368 5680 I70.

421 5691 463 5722 ⁸⁸
491 5696 634 5751 Edit.
679 5691 832 5767 prior
859 5691 1094 5752 habebat
1126 5695 1329 5770 Cynici,
1358 5706 1417 5752 ut
1448 5699 1474 5768 ᾗ
1510 5699 1595 5765 I5,
1627 5697 1840 5770 Cynico.

1470 5627 1621 5701 "lix
1643 5628 1736 5701 his
1766 5630 2031 5701 corrigas,
2058 5631 2102 5686 si
2122 5631 2259 5686 tanti
2289 5631 2378 5697 sit,
2402 5639 2616 5700 partem
2645 5634 2827 5684 textus
2855 5622 3199 5687 Garneriani,
3237 5631 3277 5676 t.
3308 5622 3397 5686 IV,
3431 5636 3487 5692 p.
3521 5620 3683 5677 I362.
