  <div class='ocr_page' id='page_1' title='image "/cluster/home/n/w/nwhite01/storage/ocr_20150623/84 pt.5/mdp.39015010572884/172.png"; bbox 0 0 3926 6216; ppageno 0'>
   <div class='ocr_carea' id='block_1_1' title="bbox 226 345 315 409">
    <p class='ocr_par' dir='ltr' id='par_1_1' title="bbox 226 345 315 409">
     <span class='ocr_line' id='line_1_1' title="bbox 226 345 315 409; baseline 0 0"><span class='ocrx_word' id='word_1_1' title='bbox 226 345 315 409; x_wconf 75' lang='lat'><strong>320</strong></span> 
     </span>
    </p>
   </div>
   <div class='ocr_carea' id='block_1_2' title="bbox 1350 337 2282 403">
    <p class='ocr_par' dir='ltr' id='par_1_2' title="bbox 1350 337 2282 403">
     <span class='ocr_line' id='line_1_2' title="bbox 1350 337 2282 403; baseline -0.002 -3"><span class='ocrx_word' id='word_1_2' title='bbox 1350 337 1446 400; x_wconf 87' lang='lat' dir='ltr'>DE</span> <span class='ocrx_word' id='word_1_3' title='bbox 1483 338 1736 403; x_wconf 77' lang='lat' dir='ltr'><strong>LIBRIS</strong></span> <span class='ocrx_word' id='word_1_4' title='bbox 1777 337 2282 400; x_wconf 72' lang='lat' dir='ltr'><strong>TIIEODOIIETI.</strong></span> 
     </span>
    </p>
   </div>
   <div class='ocr_carea' id='block_1_3' title="bbox 3330 332 3464 397">
    <p class='ocr_par' dir='ltr' id='par_1_3' title="bbox 3330 332 3464 397">
     <span class='ocr_line' id='line_1_3' title="bbox 3330 332 3464 397; baseline -0.015 0"><span class='ocrx_word' id='word_1_5' title='bbox 3330 332 3437 397; x_wconf 83' lang='lat'><strong>330</strong></span> <span class='ocrx_word' id='word_1_6' title='bbox 3453 334 3464 345; x_wconf 82' lang='grc'>’</span> 
     </span>
    </p>
   </div>
   <div class='ocr_carea' id='block_1_4' title="bbox 228 448 3443 526">
    <p class='ocr_par' dir='ltr' id='par_1_4' title="bbox 228 448 3443 526">
     <span class='ocr_line' id='line_1_4' title="bbox 228 448 3443 526; baseline -0.003 -16"><span class='ocrx_word' id='word_1_7' title='bbox 228 456 345 526; x_wconf 76' lang='lat' dir='ltr'><strong>sam)</strong></span> <span class='ocrx_word' id='word_1_8' title='bbox 367 453 654 511; x_wconf 80' lang='lat' dir='ltr'><strong>audierunt</strong></span> <span class='ocrx_word' id='word_1_9' title='bbox 682 455 698 472; x_wconf 84' lang='lat'><strong><em>‘</em></strong></span> <span class='ocrx_word' id='word_1_10' title='bbox 728 453 903 509; x_wconf 62' lang='lat' dir='ltr'><strong>beatae</strong></span> <span class='ocrx_word' id='word_1_11' title='bbox 933 454 1210 510; x_wconf 68' lang='lat' dir='ltr'><strong>memoriae</strong></span> <span class='ocrx_word' id='word_1_12' title='bbox 1249 453 1485 526; x_wconf 86' lang='lat' dir='ltr'><strong>Cyrillus</strong></span> <span class='ocrx_word' id='word_1_13' title='bbox 1529 462 1586 508; x_wconf 92' lang='lat' dir='ltr'><strong>et</strong></span> <span class='ocrx_word' id='word_1_14' title='bbox 1630 454 1764 509; x_wconf 82' lang='lat' dir='ltr'><strong>Pro-</strong></span> <span class='ocrx_word' id='word_1_15' title='bbox 1794 459 1831 513; x_wconf 81' lang='grc' dir='ltr'><strong>Λ</strong></span> <span class='ocrx_word' id='word_1_16' title='bbox 1865 470 2051 508; x_wconf 79' lang='lat' dir='ltr'><strong>nasum</strong></span> <span class='ocrx_word' id='word_1_17' title='bbox 2094 463 2264 517; x_wconf 80' lang='lat' dir='ltr'><strong>tuum,</strong></span> <span class='ocrx_word' id='word_1_18' title='bbox 2314 460 2361 507; x_wconf 81' lang='lat' dir='ltr'><strong>et</strong></span> <span class='ocrx_word' id='word_1_19' title='bbox 2411 451 2618 521; x_wconf 77' lang='lat' dir='ltr'><strong>frenum</strong></span> <span class='ocrx_word' id='word_1_20' title='bbox 2652 451 2707 504; x_wconf 84' lang='lat' dir='ltr'><strong>in</strong></span> <span class='ocrx_word' id='word_1_21' title='bbox 2739 448 2878 503; x_wconf 81' lang='lat' dir='ltr'><strong>labia</strong></span> <span class='ocrx_word' id='word_1_22' title='bbox 2904 456 3017 513; x_wconf 72' lang='lat' dir='ltr'><strong>tua,</strong></span> <span class='ocrx_word' id='word_1_23' title='bbox 3042 454 3090 501; x_wconf 82' lang='lat' dir='ltr'><strong>et</strong></span> <span class='ocrx_word' id='word_1_24' title='bbox 3123 450 3361 501; x_wconf 76' lang='lat' dir='ltr'><strong>avertam</strong></span> <span class='ocrx_word' id='word_1_25' title='bbox 3389 453 3443 500; x_wconf 75' lang='lat' dir='ltr'><strong>te</strong></span> 
     </span>
    </p>
   </div>
   <div class='ocr_carea' id='block_1_5' title="bbox 227 537 3438 616">
    <p class='ocr_par' dir='ltr' id='par_1_5' title="bbox 227 537 3438 616">
     <span class='ocr_line' id='line_1_5' title="bbox 227 537 3438 616; baseline -0.003 -14"><span class='ocrx_word' id='word_1_26' title='bbox 227 548 346 610; x_wconf 81' lang='lat' dir='ltr'><strong>elus,</strong></span> <span class='ocrx_word' id='word_1_27' title='bbox 367 550 417 598; x_wconf 89' lang='lat' dir='ltr'><strong>et</strong></span> <span class='ocrx_word' id='word_1_28' title='bbox 443 550 620 597; x_wconf 83' lang='lat' dir='ltr'><strong>certas</strong></span> <span class='ocrx_word' id='word_1_29' title='bbox 649 541 855 597; x_wconf 90' lang='lat' dir='ltr'><strong>formas</strong></span> <span class='ocrx_word' id='word_1_30' title='bbox 871 542 1214 612; x_wconf 87' lang='lat' dir='ltr'><strong>scripserunt</strong></span> <span class='ocrx_word' id='word_1_31' title='bbox 1255 543 1483 606; x_wconf 87' lang='lat' dir='ltr'><strong>Domno,</strong></span> <span class='ocrx_word' id='word_1_32' title='bbox 1524 541 1617 611; x_wconf 86' lang='lat' dir='ltr'><strong>qui</strong></span> <span class='ocrx_word' id='word_1_33' title='bbox 1668 541 1771 595; x_wconf 88' lang='lat' dir='ltr'><strong>fuit</strong></span> <span class='ocrx_word' id='word_1_34' title='bbox 1868 545 1952 599; x_wconf 81' lang='lat' dir='ltr'><strong>nia</strong></span> <span class='ocrx_word' id='word_1_35' title='bbox 1977 562 2082 616; x_wconf 84' lang='lat' dir='ltr'><strong>qua</strong></span> <span class='ocrx_word' id='word_1_36' title='bbox 2113 546 2313 600; x_wconf 76' lang='lat' dir='ltr'><strong>venisti.</strong></span> <span class='ocrx_word' id='word_1_37' title='bbox 2346 545 2518 599; x_wconf 86' lang='lat' dir='ltr'><strong>Porro</strong></span> <span class='ocrx_word' id='word_1_38' title='bbox 2547 550 2727 596; x_wconf 88' lang='lat' dir='ltr'><strong>autem</strong></span> <span class='ocrx_word' id='word_1_39' title='bbox 2760 555 2871 595; x_wconf 92' lang='lat' dir='ltr'><strong>non</strong></span> <span class='ocrx_word' id='word_1_40' title='bbox 2900 539 3115 596; x_wconf 90' lang='lat' dir='ltr'><strong>erudite</strong></span> <span class='ocrx_word' id='word_1_41' title='bbox 3142 537 3438 594; x_wconf 83' lang='lat' dir='ltr'><strong>admodum</strong></span> 
     </span>
    </p>
   </div>
   <div class='ocr_carea' id='block_1_6' title="bbox 228 629 1766 700">
    <p class='ocr_par' dir='ltr' id='par_1_6' title="bbox 228 629 1766 700">
     <span class='ocr_line' id='line_1_6' title="bbox 228 629 1766 700; baseline -0.006 -11"><span class='ocrx_word' id='word_1_42' title='bbox 228 631 569 689; x_wconf 83' lang='lat' dir='ltr'><strong>Antiochenns</strong></span> <span class='ocrx_word' id='word_1_43' title='bbox 586 630 900 700; x_wconf 89' lang='lat' dir='ltr'><strong>episcopus,</strong></span> <span class='ocrx_word' id='word_1_44' title='bbox 924 630 1283 699; x_wconf 89' lang='lat' dir='ltr'><strong>promisitque</strong></span> <span class='ocrx_word' id='word_1_45' title='bbox 1301 645 1394 684; x_wconf 88' lang='lat' dir='ltr'><strong>eas</strong></span> <span class='ocrx_word' id='word_1_46' title='bbox 1411 630 1501 683; x_wconf 89' lang='lat' dir='ltr'><strong>ille</strong></span> <span class='ocrx_word' id='word_1_47' title='bbox 1518 629 1766 698; x_wconf 86' lang='lat' dir='ltr'><strong>implere:</strong></span> 
     </span>
    </p>
   </div>
   <div class='ocr_carea' id='block_1_7' title="bbox 228 716 1767 789">
    <p class='ocr_par' dir='ltr' id='par_1_7' title="bbox 228 716 1767 789">
     <span class='ocr_line' id='line_1_7' title="bbox 228 716 1767 789; baseline -0.004 -13"><span class='ocrx_word' id='word_1_48' title='bbox 228 722 309 776; x_wconf 87' lang='lat' dir='ltr'><strong>sed</strong></span> <span class='ocrx_word' id='word_1_49' title='bbox 330 735 441 774; x_wconf 89' lang='lat' dir='ltr'><strong>cum</strong></span> <span class='ocrx_word' id='word_1_50' title='bbox 464 718 815 788; x_wconf 80' lang='lat' dir='ltr'><strong>cognovisset</strong></span> <span class='ocrx_word' id='word_1_51' title='bbox 847 727 1081 773; x_wconf 88' lang='lat' dir='ltr'><strong>mortem</strong></span> <span class='ocrx_word' id='word_1_52' title='bbox 1115 718 1262 773; x_wconf 88' lang='lat' dir='ltr'><strong>beati</strong></span> <span class='ocrx_word' id='word_1_53' title='bbox 1281 718 1488 789; x_wconf 79' lang='lat' dir='ltr'><strong>Cyrilli,</strong></span> <span class='ocrx_word' id='word_1_54' title='bbox 1517 716 1767 781; x_wconf 86' lang='lat' dir='ltr'><strong>resilivit,</strong></span> 
     </span>
    </p>
   </div>
   <div class='ocr_carea' id='block_1_8' title="bbox 228 808 1767 881">
    <p class='ocr_par' dir='ltr' id='par_1_8' title="bbox 228 808 1767 881">
     <span class='ocr_line' id='line_1_8' title="bbox 228 808 1767 881; baseline -0.005 -13"><span class='ocrx_word' id='word_1_55' title='bbox 228 822 273 870; x_wconf 84' lang='lat' dir='ltr'><strong>et</strong></span> <span class='ocrx_word' id='word_1_56' title='bbox 292 812 348 866; x_wconf 85' lang='lat' dir='ltr'><strong>ad</strong></span> <span class='ocrx_word' id='word_1_57' title='bbox 392 810 663 881; x_wconf 85' lang='lat' dir='ltr'><strong>judicium</strong></span> <span class='ocrx_word' id='word_1_58' title='bbox 704 825 794 865; x_wconf 89' lang='lat' dir='ltr'><strong>me</strong></span> <span class='ocrx_word' id='word_1_59' title='bbox 832 809 1069 864; x_wconf 87' lang='lat' dir='ltr'><strong>vocavit.</strong></span> <span class='ocrx_word' id='word_1_60' title='bbox 1097 827 1117 861; x_wconf 69' lang='grc' dir='ltr'><strong><em>ι</em></strong></span> <span class='ocrx_word' id='word_1_61' title='bbox 1167 809 1401 863; x_wconf 83' lang='lat' dir='ltr'><strong>Nomine</strong></span> <span class='ocrx_word' id='word_1_62' title='bbox 1447 808 1767 871; x_wconf 88' lang='lat' dir='ltr'><strong>formarum,</strong></span> 
     </span>
    </p>
   </div>
   <div class='ocr_carea' id='block_1_9' title="bbox 228 899 1774 972">
    <p class='ocr_par' dir='ltr' id='par_1_9' title="bbox 228 899 1774 972">
     <span class='ocr_line' id='line_1_9' title="bbox 228 899 1774 972; baseline -0.002 -16"><span class='ocrx_word' id='word_1_63' title='bbox 228 905 417 965; x_wconf 80' lang='grc' dir='ltr'><strong>τύπων,</strong></span> <span class='ocrx_word' id='word_1_64' title='bbox 479 902 740 972; x_wconf 69' lang='lat' dir='ltr'><strong>intelligit</strong></span> <span class='ocrx_word' id='word_1_65' title='bbox 807 902 1020 956; x_wconf 75' lang='lat' dir='ltr'><strong>litteras</strong></span> <span class='ocrx_word' id='word_1_66' title='bbox 1065 900 1353 971; x_wconf 90' lang='lat' dir='ltr'><strong>utriusque</strong></span> <span class='ocrx_word' id='word_1_67' title='bbox 1406 900 1656 970; x_wconf 64' lang='lat' dir='ltr'><strong>praesulis</strong></span> <span class='ocrx_word' id='word_1_68' title='bbox 1702 899 1774 953; x_wconf 90' lang='lat' dir='ltr'><strong>ad</strong></span> 
     </span>
    </p>
   </div>
   <div class='ocr_carea' id='block_1_10' title="bbox 229 990 1776 1064">
    <p class='ocr_par' dir='ltr' id='par_1_10' title="bbox 229 990 1776 1064">
     <span class='ocr_line' id='line_1_10' title="bbox 229 990 1776 1064; baseline -0.003 -15"><span class='ocrx_word' id='word_1_69' title='bbox 229 996 490 1057; x_wconf 89' lang='lat' dir='ltr'><strong>Domuum,</strong></span> <span class='ocrx_word' id='word_1_70' title='bbox 534 1009 658 1064; x_wconf 72' lang='lat' dir='ltr'><strong>qua:</strong></span> <span class='ocrx_word' id='word_1_71' title='bbox 683 993 859 1048; x_wconf 60' lang='lat' dir='ltr'><strong>ambae</strong></span> <span class='ocrx_word' id='word_1_72' title='bbox 880 993 1200 1047; x_wconf 90' lang='lat' dir='ltr'><strong>inseruntur</strong></span> <span class='ocrx_word' id='word_1_73' title='bbox 1223 992 1376 1046; x_wconf 83' lang='lat' dir='ltr'><strong>Actis</strong></span> <span class='ocrx_word' id='word_1_74' title='bbox 1398 991 1592 1063; x_wconf 84' lang='lat' dir='ltr'><strong>synodi</strong></span> <span class='ocrx_word' id='word_1_75' title='bbox 1612 990 1776 1046; x_wconf 46' lang='lat' dir='ltr'><strong>Chals</strong></span> 
     </span>
    </p>
   </div>
   <div class='ocr_carea' id='block_1_11' title="bbox 231 1081 1776 1151">
    <p class='ocr_par' dir='ltr' id='par_1_11' title="bbox 231 1081 1776 1151">
     <span class='ocr_line' id='line_1_11' title="bbox 231 1081 1776 1151; baseline -0.003 -10"><span class='ocrx_word' id='word_1_76' title='bbox 231 1086 545 1149; x_wconf 84' lang='lat' dir='ltr'><strong>cedonensis,</strong></span> <span class='ocrx_word' id='word_1_77' title='bbox 587 1084 809 1139; x_wconf 83' lang='lat' dir='ltr'><strong>actione</strong></span> <span class='ocrx_word' id='word_1_78' title='bbox 854 1082 1037 1138; x_wconf 86' lang='lat' dir='ltr'><strong>citata.</strong></span> <span class='ocrx_word' id='word_1_79' title='bbox 1093 1083 1293 1137; x_wconf 75' lang='lat' dir='ltr'><strong>Verum</strong></span> <span class='ocrx_word' id='word_1_80' title='bbox 1321 1096 1443 1151; x_wconf 66' lang='lat' dir='ltr'><strong>quce</strong></span> <span class='ocrx_word' id='word_1_81' title='bbox 1470 1082 1543 1137; x_wconf 90' lang='lat' dir='ltr'><strong>sit</strong></span> <span class='ocrx_word' id='word_1_82' title='bbox 1564 1081 1776 1150; x_wconf 85' lang='lat' dir='ltr'><strong>species</strong></span> 
     </span>
    </p>
   </div>
   <div class='ocr_carea' id='block_1_12' title="bbox 232 1173 1775 1246">
    <p class='ocr_par' dir='ltr' id='par_1_12' title="bbox 232 1173 1775 1246">
     <span class='ocr_line' id='line_1_12' title="bbox 232 1173 1775 1246; baseline -0.005 -14"><span class='ocrx_word' id='word_1_83' title='bbox 232 1177 452 1232; x_wconf 75' lang='lat' dir='ltr'><strong>veritatis</strong></span> <span class='ocrx_word' id='word_1_84' title='bbox 512 1177 571 1230; x_wconf 89' lang='lat' dir='ltr'><strong>in</strong></span> <span class='ocrx_word' id='word_1_85' title='bbox 622 1175 725 1230; x_wconf 89' lang='lat' dir='ltr'><strong>hac</strong></span> <span class='ocrx_word' id='word_1_86' title='bbox 774 1176 1114 1246; x_wconf 83' lang='lat' dir='ltr'><strong>conjectura,</strong></span> <span class='ocrx_word' id='word_1_87' title='bbox 1162 1174 1348 1229; x_wconf 91' lang='lat' dir='ltr'><strong>nullus</strong></span> <span class='ocrx_word' id='word_1_88' title='bbox 1398 1173 1581 1228; x_wconf 91' lang='lat' dir='ltr'><strong>video.</strong></span> <span class='ocrx_word' id='word_1_89' title='bbox 1640 1173 1775 1226; x_wconf 86' lang='lat' dir='ltr'><strong>Nam</strong></span> 
     </span>
    </p>
   </div>
   <div class='ocr_carea' id='block_1_13' title="bbox 232 1262 1776 1335">
    <p class='ocr_par' dir='ltr' id='par_1_13' title="bbox 232 1262 1776 1335">
     <span class='ocr_line' id='line_1_13' title="bbox 232 1262 1776 1335; baseline -0.003 -13"><span class='ocrx_word' id='word_1_90' title='bbox 232 1270 373 1324; x_wconf 80' lang='lat' dir='ltr'><strong>verba</strong></span> <span class='ocrx_word' id='word_1_91' title='bbox 415 1266 701 1322; x_wconf 79' lang='lat' dir='ltr'><strong>Athanasii</strong></span> <span class='ocrx_word' id='word_1_92' title='bbox 730 1265 881 1321; x_wconf 86' lang='lat' dir='ltr'><strong>aliud</strong></span> <span class='ocrx_word' id='word_1_93' title='bbox 911 1265 1050 1320; x_wconf 87' lang='lat' dir='ltr'><strong>nihil</strong></span> <span class='ocrx_word' id='word_1_94' title='bbox 1071 1264 1401 1331; x_wconf 73' lang='lat' dir='ltr'><strong>significant,</strong></span> <span class='ocrx_word' id='word_1_95' title='bbox 1429 1278 1594 1335; x_wconf 90' lang='lat' dir='ltr'><strong>quam</strong></span> <span class='ocrx_word' id='word_1_96' title='bbox 1627 1262 1776 1333; x_wconf 90' lang='lat' dir='ltr'><strong>quod</strong></span> 
     </span>
    </p>
   </div>
   <div class='ocr_carea' id='block_1_14' title="bbox 233 1355 1779 1430">
    <p class='ocr_par' dir='ltr' id='par_1_14' title="bbox 233 1355 1779 1430">
     <span class='ocr_line' id='line_1_14' title="bbox 233 1355 1779 1430; baseline -0.005 -15"><span class='ocrx_word' id='word_1_97' title='bbox 233 1360 404 1430; x_wconf 77' lang='lat' dir='ltr'><strong>singuli</strong></span> <span class='ocrx_word' id='word_1_98' title='bbox 459 1358 746 1428; x_wconf 67' lang='lat' dir='ltr'><strong>praesules,</strong></span> <span class='ocrx_word' id='word_1_99' title='bbox 780 1372 922 1427; x_wconf 86' lang='lat' dir='ltr'><strong>quos</strong></span> <span class='ocrx_word' id='word_1_100' title='bbox 940 1358 995 1411; x_wconf 88' lang='lat' dir='ltr'><strong>in</strong></span> <span class='ocrx_word' id='word_1_101' title='bbox 1017 1358 1133 1411; x_wconf 90' lang='lat' dir='ltr'><strong>suis</strong></span> <span class='ocrx_word' id='word_1_102' title='bbox 1159 1355 1387 1411; x_wconf 86' lang='lat' dir='ltr'><strong>urbibus</strong></span> <span class='ocrx_word' id='word_1_103' title='bbox 1416 1355 1779 1411; x_wconf 84' lang='lat' dir='ltr'><strong>consistentes</strong></span> 
     </span>
    </p>
   </div>
   <div class='ocr_carea' id='block_1_15' title="bbox 234 1449 1778 1519">
    <p class='ocr_par' dir='ltr' id='par_1_15' title="bbox 234 1449 1778 1519">
     <span class='ocr_line' id='line_1_15' title="bbox 234 1449 1778 1519; baseline -0.002 -13"><span class='ocrx_word' id='word_1_104' title='bbox 234 1452 396 1515; x_wconf 75' lang='lat' dir='ltr'><strong>adivit,</strong></span> <span class='ocrx_word' id='word_1_105' title='bbox 420 1452 635 1504; x_wconf 88' lang='lat' dir='ltr'><strong>Domno</strong></span> <span class='ocrx_word' id='word_1_106' title='bbox 664 1449 1004 1519; x_wconf 85' lang='lat' dir='ltr'><strong>scripserint.</strong></span> <span class='ocrx_word' id='word_1_107' title='bbox 1031 1449 1260 1512; x_wconf 88' lang='lat' dir='ltr'><strong>Deinde,</strong></span> <span class='ocrx_word' id='word_1_108' title='bbox 1314 1463 1435 1518; x_wconf 71' lang='lat' dir='ltr'><strong>quze</strong></span> <span class='ocrx_word' id='word_1_109' title='bbox 1473 1462 1636 1504; x_wconf 90' lang='lat' dir='ltr'><strong>causa</strong></span> <span class='ocrx_word' id='word_1_110' title='bbox 1676 1461 1778 1517; x_wconf 89' lang='lat' dir='ltr'><strong>po-</strong></span> 
     </span>
    </p>
   </div>
   <div class='ocr_carea' id='block_1_16' title="bbox 234 1536 1778 1610">
    <p class='ocr_par' dir='ltr' id='par_1_16' title="bbox 234 1536 1778 1610">
     <span class='ocr_line' id='line_1_16' title="bbox 234 1536 1778 1610; baseline -0.003 -15"><span class='ocrx_word' id='word_1_111' title='bbox 234 1542 339 1602; x_wconf 87' lang='lat' dir='ltr'><strong>tuit.</strong></span> <span class='ocrx_word' id='word_1_112' title='bbox 366 1540 467 1595; x_wconf 87' lang='lat' dir='ltr'><strong>nisi</strong></span> <span class='ocrx_word' id='word_1_113' title='bbox 498 1539 799 1594; x_wconf 85' lang='lat' dir='ltr'><strong>admodum</strong></span> <span class='ocrx_word' id='word_1_114' title='bbox 828 1539 1027 1610; x_wconf 87' lang='lat' dir='ltr'><strong>gravis,</strong></span> <span class='ocrx_word' id='word_1_115' title='bbox 1057 1536 1319 1610; x_wconf 87' lang='lat' dir='ltr'><strong>Cyrillum</strong></span> <span class='ocrx_word' id='word_1_116' title='bbox 1348 1538 1778 1593; x_wconf 71' lang='lat' dir='ltr'><strong>Alexandrinum</strong></span> 
     </span>
    </p>
   </div>
   <div class='ocr_carea' id='block_1_17' title="bbox 235 1629 1781 1703">
    <p class='ocr_par' dir='ltr' id='par_1_17' title="bbox 235 1629 1781 1703">
     <span class='ocr_line' id='line_1_17' title="bbox 235 1629 1781 1703; baseline -0.001 -17"><span class='ocrx_word' id='word_1_117' title='bbox 235 1632 599 1703; x_wconf 86' lang='lat' dir='ltr'><strong>patriarcham,</strong></span> <span class='ocrx_word' id='word_1_118' title='bbox 637 1631 875 1685; x_wconf 87' lang='lat' dir='ltr'><strong>fractum</strong></span> <span class='ocrx_word' id='word_1_119' title='bbox 920 1629 1096 1694; x_wconf 89' lang='lat' dir='ltr'><strong>senio,</strong></span> <span class='ocrx_word' id='word_1_120' title='bbox 1147 1638 1337 1699; x_wconf 88' lang='lat' dir='ltr'><strong>utpote</strong></span> <span class='ocrx_word' id='word_1_121' title='bbox 1362 1629 1781 1700; x_wconf 87' lang='lat' dir='ltr'><strong>scptuageuario</strong></span> 
     </span>
    </p>
   </div>
   <div class='ocr_carea' id='block_1_18' title="bbox 236 1719 1779 1794">
    <p class='ocr_par' dir='ltr' id='par_1_18' title="bbox 236 1719 1779 1794">
     <span class='ocr_line' id='line_1_18' title="bbox 236 1719 1779 1794; baseline -0.005 -16"><span class='ocrx_word' id='word_1_122' title='bbox 236 1725 488 1794; x_wconf 80' lang='lat' dir='ltr'><strong>majorem,</strong></span> <span class='ocrx_word' id='word_1_123' title='bbox 515 1736 713 1793; x_wconf 80' lang='lat' dir='ltr'><strong>cogere</strong></span> <span class='ocrx_word' id='word_1_124' title='bbox 735 1721 803 1775; x_wconf 89' lang='lat' dir='ltr'><strong>ad</strong></span> <span class='ocrx_word' id='word_1_125' title='bbox 838 1728 1045 1775; x_wconf 89' lang='lat' dir='ltr'><strong>tantum</strong></span> <span class='ocrx_word' id='word_1_126' title='bbox 1090 1720 1217 1783; x_wconf 86' lang='lat' dir='ltr'><strong>iter,</strong></span> <span class='ocrx_word' id='word_1_127' title='bbox 1266 1719 1465 1773; x_wconf 88' lang='lat' dir='ltr'><strong>hiemis</strong></span> <span class='ocrx_word' id='word_1_128' title='bbox 1514 1727 1779 1789; x_wconf 87' lang='lat' dir='ltr'><strong>tempore,</strong></span> 
     </span>
    </p>
   </div>
   <div class='ocr_carea' id='block_1_19' title="bbox 238 1803 1853 1884">
    <p class='ocr_par' dir='ltr' id='par_1_19' title="bbox 238 1803 1853 1884">
     <span class='ocr_line' id='line_1_19' title="bbox 238 1803 1853 1884; baseline -0.004 -13"><span class='ocrx_word' id='word_1_129' title='bbox 238 1823 585 1884; x_wconf 86' lang='lat' dir='ltr'><strong>tempestuoso</strong></span> <span class='ocrx_word' id='word_1_130' title='bbox 662 1812 799 1867; x_wconf 89' lang='lat' dir='ltr'><strong>mari</strong></span> <span class='ocrx_word' id='word_1_131' title='bbox 870 1810 1322 1881; x_wconf 85' lang='lat' dir='ltr'><strong>suscipiendum?</strong></span> <span class='ocrx_word' id='word_1_132' title='bbox 1385 1809 1558 1863; x_wconf 88' lang='lat' dir='ltr'><strong>Tanta</strong></span> <span class='ocrx_word' id='word_1_133' title='bbox 1629 1817 1780 1865; x_wconf 84' lang='lat' dir='ltr'><strong>certe</strong></span> <span class='ocrx_word' id='word_1_134' title='bbox 1813 1803 1853 1856; x_wconf 83' lang='grc' dir='ltr'>Β</span> 
     </span>
    </p>
   </div>
   <div class='ocr_carea' id='block_1_20' title="bbox 237 1899 1779 1972">
    <p class='ocr_par' dir='ltr' id='par_1_20' title="bbox 237 1899 1779 1972">
     <span class='ocr_line' id='line_1_20' title="bbox 237 1899 1779 1972; baseline -0.005 -12"><span class='ocrx_word' id='word_1_135' title='bbox 237 1921 375 1961; x_wconf 85' lang='lat' dir='ltr'><strong>causa</strong></span> <span class='ocrx_word' id='word_1_136' title='bbox 429 1921 542 1960; x_wconf 87' lang='lat' dir='ltr'><strong>non</strong></span> <span class='ocrx_word' id='word_1_137' title='bbox 579 1904 836 1959; x_wconf 82' lang='lat' dir='ltr'><strong>latuisset</strong></span> <span class='ocrx_word' id='word_1_138' title='bbox 868 1903 1167 1971; x_wconf 85' lang='lat' dir='ltr'><strong>scriptores</strong></span> <span class='ocrx_word' id='word_1_139' title='bbox 1188 1901 1353 1972; x_wconf 87' lang='lat' dir='ltr'><strong>hujus</strong></span> <span class='ocrx_word' id='word_1_140' title='bbox 1382 1899 1666 1969; x_wconf 86' lang='lat' dir='ltr'><strong>temporis,</strong></span> <span class='ocrx_word' id='word_1_141' title='bbox 1693 1899 1779 1953; x_wconf 62' lang='lat' dir='ltr'><strong>dia-</strong></span> 
     </span>
    </p>
   </div>
   <div class='ocr_carea' id='block_1_21' title="bbox 239 1987 1782 2068">
    <p class='ocr_par' dir='ltr' id='par_1_21' title="bbox 239 1987 1782 2068">
     <span class='ocr_line' id='line_1_21' title="bbox 239 1987 1782 2068; baseline -0.006 -17"><span class='ocrx_word' id='word_1_142' title='bbox 239 1997 441 2068; x_wconf 81' lang='lat' dir='ltr'><strong>ligentcs</strong></span> <span class='ocrx_word' id='word_1_143' title='bbox 456 1995 793 2064; x_wconf 60' lang='lat' dir='ltr'><strong>ceteroquin</strong></span> <span class='ocrx_word' id='word_1_144' title='bbox 813 2007 996 2047; x_wconf 89' lang='lat' dir='ltr'><strong>rerum</strong></span> <span class='ocrx_word' id='word_1_145' title='bbox 1013 1990 1202 2062; x_wconf 87' lang='lat' dir='ltr'><strong>Cyrilli</strong></span> <span class='ocrx_word' id='word_1_146' title='bbox 1223 1998 1578 2047; x_wconf 84' lang='lat' dir='ltr'><strong>scrutatOres.</strong></span> <span class='ocrx_word' id='word_1_147' title='bbox 1605 1987 1782 2056; x_wconf 81' lang='lat' dir='ltr'><strong>Quid?</strong></span> 
     </span>
    </p>
   </div>
   <div class='ocr_carea' id='block_1_22' title="bbox 239 2081 1785 2161">
    <p class='ocr_par' dir='ltr' id='par_1_22' title="bbox 239 2081 1785 2161">
     <span class='ocr_line' id='line_1_22' title="bbox 239 2081 1785 2161; baseline -0.006 -17"><span class='ocrx_word' id='word_1_148' title='bbox 239 2090 361 2161; x_wconf 87' lang='lat' dir='ltr'><strong>quod</strong></span> <span class='ocrx_word' id='word_1_149' title='bbox 399 2087 721 2142; x_wconf 87' lang='lat' dir='ltr'><strong>incredibile</strong></span> <span class='ocrx_word' id='word_1_150' title='bbox 751 2092 858 2151; x_wconf 86' lang='lat' dir='ltr'><strong>est,</strong></span> <span class='ocrx_word' id='word_1_151' title='bbox 900 2083 1222 2140; x_wconf 77' lang='lat' dir='ltr'><strong>convenisse</strong></span> <span class='ocrx_word' id='word_1_152' title='bbox 1251 2081 1307 2136; x_wconf 91' lang='lat' dir='ltr'><strong>in</strong></span> <span class='ocrx_word' id='word_1_153' title='bbox 1330 2097 1494 2136; x_wconf 90' lang='lat' dir='ltr'><strong>unam</strong></span> <span class='ocrx_word' id='word_1_154' title='bbox 1515 2081 1785 2153; x_wconf 85' lang='lat' dir='ltr'><strong>synodum</strong></span> 
     </span>
    </p>
   </div>
   <div class='ocr_carea' id='block_1_23' title="bbox 240 2172 1789 2252">
    <p class='ocr_par' dir='ltr' id='par_1_23' title="bbox 240 2172 1789 2252">
     <span class='ocr_line' id='line_1_23' title="bbox 240 2172 1789 2252; baseline -0.006 -16"><span class='ocrx_word' id='word_1_155' title='bbox 240 2182 555 2252; x_wconf 78' lang='lat' dir='ltr'><strong>patriarchas</strong></span> <span class='ocrx_word' id='word_1_156' title='bbox 591 2179 751 2242; x_wconf 90' lang='lat' dir='ltr'><strong>duos,</strong></span> <span class='ocrx_word' id='word_1_157' title='bbox 805 2192 1009 2247; x_wconf 85' lang='lat' dir='ltr'><strong>eosque</strong></span> <span class='ocrx_word' id='word_1_158' title='bbox 1054 2176 1123 2231; x_wconf 89' lang='lat' dir='ltr'><strong>de</strong></span> <span class='ocrx_word' id='word_1_159' title='bbox 1158 2175 1397 2245; x_wconf 87' lang='lat' dir='ltr'><strong>primatu</strong></span> <span class='ocrx_word' id='word_1_160' title='bbox 1453 2172 1789 2229; x_wconf 88' lang='lat' dir='ltr'><strong>contenden-</strong></span> 
     </span>
    </p>
   </div>
   <div class='ocr_carea' id='block_1_24' title="bbox 243 2262 1785 2340">
    <p class='ocr_par' dir='ltr' id='par_1_24' title="bbox 243 2262 1785 2340">
     <span class='ocr_line' id='line_1_24' title="bbox 243 2262 1785 2340; baseline -0.004 -17"><span class='ocrx_word' id='word_1_161' title='bbox 243 2280 335 2336; x_wconf 84' lang='lat' dir='ltr'><strong>tes,</strong></span> <span class='ocrx_word' id='word_1_162' title='bbox 375 2270 482 2325; x_wconf 86' lang='lat' dir='ltr'><strong>nisi</strong></span> <span class='ocrx_word' id='word_1_163' title='bbox 529 2267 858 2340; x_wconf 88' lang='lat' dir='ltr'><strong>gravissima</strong></span> <span class='ocrx_word' id='word_1_164' title='bbox 914 2272 1134 2337; x_wconf 83' lang='lat' dir='ltr'><strong>urgeret</strong></span> <span class='ocrx_word' id='word_1_165' title='bbox 1175 2263 1258 2318; x_wconf 89' lang='lat' dir='ltr'><strong>vel</strong></span> <span class='ocrx_word' id='word_1_166' title='bbox 1317 2262 1644 2327; x_wconf 84' lang='lat' dir='ltr'><strong>auctoritas,</strong></span> <span class='ocrx_word' id='word_1_167' title='bbox 1700 2262 1785 2317; x_wconf 87' lang='lat' dir='ltr'><strong>vel</strong></span> 
     </span>
    </p>
   </div>
   <div class='ocr_carea' id='block_1_25' title="bbox 241 2353 1785 2431">
    <p class='ocr_par' dir='ltr' id='par_1_25' title="bbox 241 2353 1785 2431">
     <span class='ocr_line' id='line_1_25' title="bbox 241 2353 1785 2431; baseline -0.005 -17"><span class='ocrx_word' id='word_1_168' title='bbox 241 2377 398 2425; x_wconf 65' lang='lat' dir='ltr'><strong>tuum,</strong></span> <span class='ocrx_word' id='word_1_169' title='bbox 420 2376 549 2431; x_wconf 77' lang='lat' dir='ltr'><strong>qua:</strong></span> <span class='ocrx_word' id='word_1_170' title='bbox 573 2359 722 2414; x_wconf 89' lang='lat' dir='ltr'><strong>nulla</strong></span> <span class='ocrx_word' id='word_1_171' title='bbox 763 2364 944 2428; x_wconf 85' lang='lat' dir='ltr'><strong>potest</strong></span> <span class='ocrx_word' id='word_1_172' title='bbox 984 2354 1341 2427; x_wconf 87' lang='lat' dir='ltr'><strong>probabiliter</strong></span> <span class='ocrx_word' id='word_1_173' title='bbox 1375 2353 1535 2423; x_wconf 74' lang='lat'><strong>381</strong></span> <span class='ocrx_word' id='word_1_174' title='bbox 1578 2353 1785 2407; x_wconf 76' lang='lat' dir='ltr'><strong>afferri.</strong></span> 
     </span>
    </p>
   </div>
   <div class='ocr_carea' id='block_1_26' title="bbox 242 2444 1791 2522">
    <p class='ocr_par' dir='ltr' id='par_1_26' title="bbox 242 2444 1791 2522">
     <span class='ocr_line' id='line_1_26' title="bbox 242 2444 1791 2522; baseline -0.007 -13"><span class='ocrx_word' id='word_1_175' title='bbox 242 2454 456 2518; x_wconf 70' lang='lat' dir='ltr'><strong>Accedit,</strong></span> <span class='ocrx_word' id='word_1_176' title='bbox 516 2451 665 2522; x_wconf 90' lang='lat' dir='ltr'><strong>quod</strong></span> <span class='ocrx_word' id='word_1_177' title='bbox 714 2451 1002 2519; x_wconf 86' lang='lat' dir='ltr'><strong>utriusque</strong></span> <span class='ocrx_word' id='word_1_178' title='bbox 1041 2446 1368 2518; x_wconf 72' lang='lat' dir='ltr'><strong>patriarchae</strong></span> <span class='ocrx_word' id='word_1_179' title='bbox 1391 2444 1659 2499; x_wconf 72' lang='lat' dir='ltr'><strong>distinctce</strong></span> <span class='ocrx_word' id='word_1_180' title='bbox 1679 2444 1791 2499; x_wconf 91' lang='lat' dir='ltr'><strong>sint</strong></span> 
     </span>
    </p>
   </div>
   <div class='ocr_carea' id='block_1_27' title="bbox 242 2535 1790 2609">
    <p class='ocr_par' dir='ltr' id='par_1_27' title="bbox 242 2535 1790 2609">
     <span class='ocr_line' id='line_1_27' title="bbox 242 2535 1790 2609; baseline -0.007 -11"><span class='ocrx_word' id='word_1_181' title='bbox 242 2545 295 2598; x_wconf 81' lang='lat' dir='ltr'><strong>ad</strong></span> <span class='ocrx_word' id='word_1_182' title='bbox 317 2544 584 2598; x_wconf 83' lang='lat' dir='ltr'><strong>Domuum</strong></span> <span class='ocrx_word' id='word_1_183' title='bbox 609 2542 828 2605; x_wconf 65' lang='lat' dir='ltr'><strong>litterae,</strong></span> <span class='ocrx_word' id='word_1_184' title='bbox 863 2553 1042 2609; x_wconf 87' lang='lat' dir='ltr'><strong>neque</strong></span> <span class='ocrx_word' id='word_1_185' title='bbox 1073 2537 1241 2592; x_wconf 88' lang='lat' dir='ltr'><strong>ullius</strong></span> <span class='ocrx_word' id='word_1_186' title='bbox 1268 2535 1576 2591; x_wconf 87' lang='lat' dir='ltr'><strong>communis</strong></span> <span class='ocrx_word' id='word_1_187' title='bbox 1598 2535 1790 2606; x_wconf 85' lang='lat' dir='ltr'><strong>synodi</strong></span> 
     </span>
    </p>
   </div>
   <div class='ocr_carea' id='block_1_28' title="bbox 245 2628 1794 2701">
    <p class='ocr_par' dir='ltr' id='par_1_28' title="bbox 245 2628 1794 2701">
     <span class='ocr_line' id='line_1_28' title="bbox 245 2628 1794 2701; baseline -0.008 -11"><span class='ocrx_word' id='word_1_188' title='bbox 245 2636 550 2690; x_wconf 86' lang='lat' dir='ltr'><strong>mentionem</strong></span> <span class='ocrx_word' id='word_1_189' title='bbox 574 2632 814 2687; x_wconf 87' lang='lat' dir='ltr'><strong>faciant:</strong></span> <span class='ocrx_word' id='word_1_190' title='bbox 836 2645 1010 2700; x_wconf 89' lang='lat' dir='ltr'><strong>eoque</strong></span> <span class='ocrx_word' id='word_1_191' title='bbox 1034 2638 1193 2701; x_wconf 82' lang='lat' dir='ltr'><strong>pacto</strong></span> <span class='ocrx_word' id='word_1_192' title='bbox 1215 2644 1326 2683; x_wconf 90' lang='lat' dir='ltr'><strong>non</strong></span> <span class='ocrx_word' id='word_1_193' title='bbox 1349 2628 1582 2683; x_wconf 90' lang='lat' dir='ltr'><strong>obscure</strong></span> <span class='ocrx_word' id='word_1_194' title='bbox 1610 2633 1794 2680; x_wconf 85' lang='lat' dir='ltr'><strong>osten-</strong></span> 
     </span>
    </p>
   </div>
   <div class='ocr_carea' id='block_1_29' title="bbox 244 2719 1794 2792">
    <p class='ocr_par' dir='ltr' id='par_1_29' title="bbox 244 2719 1794 2792">
     <span class='ocr_line' id='line_1_29' title="bbox 244 2719 1794 2792; baseline -0.008 -10"><span class='ocrx_word' id='word_1_195' title='bbox 244 2728 372 2792; x_wconf 83' lang='lat' dir='ltr'><strong>dant,</strong></span> <span class='ocrx_word' id='word_1_196' title='bbox 414 2743 475 2782; x_wconf 86' lang='lat' dir='ltr'><strong>se</strong></span> <span class='ocrx_word' id='word_1_197' title='bbox 530 2723 774 2780; x_wconf 85' lang='lat' dir='ltr'><strong>diversis</strong></span> <span class='ocrx_word' id='word_1_198' title='bbox 824 2736 855 2777; x_wconf 90' lang='lat' dir='ltr'><strong>e</strong></span> <span class='ocrx_word' id='word_1_199' title='bbox 899 2722 1035 2777; x_wconf 90' lang='lat' dir='ltr'><strong>locis</strong></span> <span class='ocrx_word' id='word_1_200' title='bbox 1065 2720 1259 2775; x_wconf 90' lang='lat' dir='ltr'><strong>missas</strong></span> <span class='ocrx_word' id='word_1_201' title='bbox 1280 2735 1421 2774; x_wconf 90' lang='lat' dir='ltr'><strong>esse.</strong></span> <span class='ocrx_word' id='word_1_202' title='bbox 1449 2719 1637 2788; x_wconf 88' lang='lat' dir='ltr'><strong>Neque</strong></span> <span class='ocrx_word' id='word_1_203' title='bbox 1662 2731 1794 2771; x_wconf 86' lang='lat' dir='ltr'><strong>vero</strong></span> 
     </span>
    </p>
   </div>
   <div class='ocr_carea' id='block_1_30' title="bbox 245 2809 1796 2890">
    <p class='ocr_par' dir='ltr' id='par_1_30' title="bbox 245 2809 1796 2890">
     <span class='ocr_line' id='line_1_30' title="bbox 245 2809 1796 2890; baseline -0.008 -15"><span class='ocrx_word' id='word_1_204' title='bbox 245 2834 546 2890; x_wconf 82' lang='lat' dir='ltr'><strong>quemquam</strong></span> <span class='ocrx_word' id='word_1_205' title='bbox 582 2831 803 2871; x_wconf 77' lang='lat' dir='ltr'><strong>movere</strong></span> <span class='ocrx_word' id='word_1_206' title='bbox 831 2814 1013 2879; x_wconf 85' lang='lat' dir='ltr'><strong>debet,</strong></span> <span class='ocrx_word' id='word_1_207' title='bbox 1043 2812 1189 2882; x_wconf 88' lang='lat' dir='ltr'><strong>quod</strong></span> <span class='ocrx_word' id='word_1_208' title='bbox 1236 2811 1483 2883; x_wconf 90' lang='lat' dir='ltr'><strong>ejusdem</strong></span> <span class='ocrx_word' id='word_1_209' title='bbox 1530 2811 1643 2865; x_wconf 87' lang='lat' dir='ltr'><strong>fere</strong></span> <span class='ocrx_word' id='word_1_210' title='bbox 1686 2809 1796 2864; x_wconf 89' lang='lat' dir='ltr'><strong>sint</strong></span> 
     </span>
    </p>
   </div>
   <div class='ocr_carea' id='block_1_31' title="bbox 243 2899 1795 2977">
    <p class='ocr_par' dir='ltr' id='par_1_31' title="bbox 243 2899 1795 2977">
     <span class='ocr_line' id='line_1_31' title="bbox 243 2899 1795 2977; baseline -0.006 -11"><span class='ocrx_word' id='word_1_211' title='bbox 243 2911 448 2966; x_wconf 67' lang='lat' dir='ltr'><strong>formae:</strong></span> <span class='ocrx_word' id='word_1_212' title='bbox 500 2907 895 2977; x_wconf 86' lang='lat' dir='ltr'><strong>unusquisque</strong></span> <span class='ocrx_word' id='word_1_213' title='bbox 949 2905 1097 2959; x_wconf 90' lang='lat' dir='ltr'><strong>enim</strong></span> <span class='ocrx_word' id='word_1_214' title='bbox 1141 2903 1320 2957; x_wconf 85' lang='lat' dir='ltr'><strong>tenuit</strong></span> <span class='ocrx_word' id='word_1_215' title='bbox 1352 2918 1478 2958; x_wconf 91' lang='lat' dir='ltr'><strong>eum</strong></span> <span class='ocrx_word' id='word_1_216' title='bbox 1514 2899 1795 2957; x_wconf 87' lang='lat' dir='ltr'><strong>scribendi</strong></span> 
     </span>
    </p>
   </div>
   <div class='ocr_carea' id='block_1_32' title="bbox 246 2993 1796 3071">
    <p class='ocr_par' dir='ltr' id='par_1_32' title="bbox 246 2993 1796 3071">
     <span class='ocr_line' id='line_1_32' title="bbox 246 2993 1796 3071; baseline -0.006 -14"><span class='ocrx_word' id='word_1_217' title='bbox 246 3003 458 3067; x_wconf 87' lang='lat' dir='ltr'><strong>modum,</strong></span> <span class='ocrx_word' id='word_1_218' title='bbox 512 3015 686 3071; x_wconf 87' lang='lat' dir='ltr'><strong>quem</strong></span> <span class='ocrx_word' id='word_1_219' title='bbox 737 2996 1067 3052; x_wconf 80' lang='lat' dir='ltr'><strong>Athanasius</strong></span> <span class='ocrx_word' id='word_1_220' title='bbox 1092 2994 1207 3050; x_wconf 86' lang='lat' dir='ltr'><strong>suis</strong></span> <span class='ocrx_word' id='word_1_221' title='bbox 1239 3002 1354 3047; x_wconf 92' lang='lat' dir='ltr'><strong>tum</strong></span> <span class='ocrx_word' id='word_1_222' title='bbox 1385 2993 1644 3064; x_wconf 84' lang='lat' dir='ltr'><strong>querelis,</strong></span> <span class='ocrx_word' id='word_1_223' title='bbox 1676 3001 1796 3047; x_wconf 90' lang='lat' dir='ltr'><strong>tum</strong></span> 
     </span>
    </p>
   </div>
   <div class='ocr_carea' id='block_1_33' title="bbox 247 3083 1795 3162">
    <p class='ocr_par' dir='ltr' id='par_1_33' title="bbox 247 3083 1795 3162">
     <span class='ocr_line' id='line_1_33' title="bbox 247 3083 1795 3162; baseline -0.006 -16"><span class='ocrx_word' id='word_1_224' title='bbox 247 3093 475 3162; x_wconf 86' lang='lat' dir='ltr'><strong>precibus</strong></span> <span class='ocrx_word' id='word_1_225' title='bbox 516 3091 596 3146; x_wconf 83' lang='lat' dir='ltr'><strong>ab</strong></span> <span class='ocrx_word' id='word_1_226' title='bbox 652 3098 884 3158; x_wconf 86' lang='lat' dir='ltr'><strong>utroque</strong></span> <span class='ocrx_word' id='word_1_227' title='bbox 916 3086 1167 3141; x_wconf 80' lang='lat' dir='ltr'><strong>extorsit.</strong></span> <span class='ocrx_word' id='word_1_228' title='bbox 1192 3084 1441 3154; x_wconf 88' lang='lat' dir='ltr'><strong>Denique</strong></span> <span class='ocrx_word' id='word_1_229' title='bbox 1467 3083 1702 3155; x_wconf 89' lang='lat' dir='ltr'><strong>Cyrillus</strong></span> <span class='ocrx_word' id='word_1_230' title='bbox 1727 3083 1795 3137; x_wconf 89' lang='lat' dir='ltr'><strong>de</strong></span> 
     </span>
    </p>
   </div>
   <div class='ocr_carea' id='block_1_34' title="bbox 245 3176 1798 3252">
    <p class='ocr_par' dir='ltr' id='par_1_34' title="bbox 245 3176 1798 3252">
     <span class='ocr_line' id='line_1_34' title="bbox 245 3176 1798 3252; baseline -0.008 -12"><span class='ocrx_word' id='word_1_231' title='bbox 245 3180 825 3252; x_wconf 86' lang='lat' dir='ltr'><strong>Constantinopolitana</strong></span> <span class='ocrx_word' id='word_1_232' title='bbox 869 3176 1075 3249; x_wconf 82' lang='lat' dir='ltr'><strong>synodo</strong></span> <span class='ocrx_word' id='word_1_233' title='bbox 1100 3176 1363 3246; x_wconf 88' lang='lat' dir='ltr'><strong>loquitur,</strong></span> <span class='ocrx_word' id='word_1_234' title='bbox 1390 3182 1646 3245; x_wconf 88' lang='lat' dir='ltr'><strong>tanquam</strong></span> <span class='ocrx_word' id='word_1_235' title='bbox 1676 3189 1798 3230; x_wconf 89' lang='lat' dir='ltr'><strong>eam</strong></span> 
     </span>
    </p>
   </div>
   <div class='ocr_carea' id='block_1_35' title="bbox 246 3267 1801 3336">
    <p class='ocr_par' dir='ltr' id='par_1_35' title="bbox 246 3267 1801 3336">
     <span class='ocr_line' id='line_1_35' title="bbox 246 3267 1801 3336; baseline -0.006 -7"><span class='ocrx_word' id='word_1_236' title='bbox 246 3291 302 3330; x_wconf 80' lang='lat' dir='ltr'><strong>ex</strong></span> <span class='ocrx_word' id='word_1_237' title='bbox 324 3277 425 3332; x_wconf 88' lang='lat' dir='ltr'><strong>sola</strong></span> <span class='ocrx_word' id='word_1_238' title='bbox 467 3272 765 3330; x_wconf 80' lang='lat' dir='ltr'><strong>Athanasii</strong></span> <span class='ocrx_word' id='word_1_239' title='bbox 810 3269 1075 3325; x_wconf 88' lang='lat' dir='ltr'><strong>relatione</strong></span> <span class='ocrx_word' id='word_1_240' title='bbox 1131 3276 1356 3331; x_wconf 89' lang='lat' dir='ltr'><strong>nosset;</strong></span> <span class='ocrx_word' id='word_1_241' title='bbox 1403 3282 1514 3321; x_wconf 89' lang='lat' dir='ltr'><strong>non</strong></span> <span class='ocrx_word' id='word_1_242' title='bbox 1555 3267 1801 3336; x_wconf 90' lang='lat' dir='ltr'><strong>loquitur</strong></span> 
     </span>
    </p>
   </div>
   <div class='ocr_carea' id='block_1_36' title="bbox 248 3357 1803 3435">
    <p class='ocr_par' dir='ltr' id='par_1_36' title="bbox 248 3357 1803 3435">
     <span class='ocr_line' id='line_1_36' title="bbox 248 3357 1803 3435; baseline -0.008 -12"><span class='ocrx_word' id='word_1_243' title='bbox 248 3367 443 3423; x_wconf 86' lang='lat' dir='ltr'><strong>Proclus</strong></span> <span class='ocrx_word' id='word_1_244' title='bbox 488 3366 569 3421; x_wconf 80' lang='lat' dir='ltr'><strong>de</strong></span> <span class='ocrx_word' id='word_1_245' title='bbox 614 3362 803 3435; x_wconf 82' lang='lat' dir='ltr'><strong>Cyrilli</strong></span> <span class='ocrx_word' id='word_1_246' title='bbox 849 3360 1048 3416; x_wconf 89' lang='lat' dir='ltr'><strong>litteris</strong></span> <span class='ocrx_word' id='word_1_247' title='bbox 1094 3358 1245 3414; x_wconf 90' lang='lat' dir='ltr'><strong>velut</strong></span> <span class='ocrx_word' id='word_1_248' title='bbox 1289 3358 1674 3413; x_wconf 90' lang='lat' dir='ltr'><strong>communibus</strong></span> <span class='ocrx_word' id='word_1_249' title='bbox 1699 3357 1803 3425; x_wconf 82' lang='lat' dir='ltr'><strong>(di-</strong></span> 
     </span>
    </p>
   </div>
   <div class='ocr_carea' id='block_1_37' title="bbox 247 3450 1803 3525">
    <p class='ocr_par' dir='ltr' id='par_1_37' title="bbox 247 3450 1803 3525">
     <span class='ocr_line' id='line_1_37' title="bbox 247 3450 1803 3525; baseline -0.006 -13"><span class='ocrx_word' id='word_1_250' title='bbox 247 3474 388 3514; x_wconf 71' lang='lat' dir='ltr'><strong>rerste</strong></span> <span class='ocrx_word' id='word_1_251' title='bbox 406 3459 558 3514; x_wconf 89' lang='lat' dir='ltr'><strong>enim</strong></span> <span class='ocrx_word' id='word_1_252' title='bbox 583 3455 761 3525; x_wconf 89' lang='lat' dir='ltr'><strong>sunt),</strong></span> <span class='ocrx_word' id='word_1_253' title='bbox 781 3453 877 3509; x_wconf 86' lang='lat' dir='ltr'><strong>sed</strong></span> <span class='ocrx_word' id='word_1_254' title='bbox 902 3453 1052 3507; x_wconf 89' lang='lat' dir='ltr'><strong>velut</strong></span> <span class='ocrx_word' id='word_1_255' title='bbox 1074 3465 1184 3506; x_wconf 89' lang='lat' dir='ltr'><strong>una</strong></span> <span class='ocrx_word' id='word_1_256' title='bbox 1212 3450 1524 3508; x_wconf 79' lang='lat' dir='ltr'><strong>deferendis</strong></span> <span class='ocrx_word' id='word_1_257' title='bbox 1547 3450 1612 3503; x_wconf 85' lang='lat' dir='ltr'><strong>ad</strong></span> <span class='ocrx_word' id='word_1_258' title='bbox 1642 3450 1803 3504; x_wconf 89' lang='lat' dir='ltr'><strong>Dom-</strong></span> 
     </span>
    </p>
   </div>
   <div class='ocr_carea' id='block_1_38' title="bbox 248 3541 1801 3616">
    <p class='ocr_par' dir='ltr' id='par_1_38' title="bbox 248 3541 1801 3616">
     <span class='ocr_line' id='line_1_38' title="bbox 248 3541 1801 3616; baseline -0.006 -11"><span class='ocrx_word' id='word_1_259' title='bbox 248 3567 354 3606; x_wconf 87' lang='lat' dir='ltr'><strong>uum</strong></span> <span class='ocrx_word' id='word_1_260' title='bbox 376 3552 443 3607; x_wconf 85' lang='lat' dir='ltr'><strong>ab</strong></span> <span class='ocrx_word' id='word_1_261' title='bbox 477 3548 818 3612; x_wconf 80' lang='lat' dir='ltr'><strong>Athanasio,</strong></span> <span class='ocrx_word' id='word_1_262' title='bbox 862 3545 956 3616; x_wconf 88' lang='lat' dir='ltr'><strong>qui</strong></span> <span class='ocrx_word' id='word_1_263' title='bbox 1006 3544 1275 3599; x_wconf 88' lang='lat' dir='ltr'><strong>immenso</strong></span> <span class='ocrx_word' id='word_1_264' title='bbox 1327 3542 1565 3611; x_wconf 87' lang='lat' dir='ltr'><strong>quodam</strong></span> <span class='ocrx_word' id='word_1_265' title='bbox 1604 3541 1801 3596; x_wconf 85' lang='lat' dir='ltr'><strong>itinere</strong></span> 
     </span>
    </p>
   </div>
   <div class='ocr_carea' id='block_1_39' title="bbox 244 3633 1803 3713">
    <p class='ocr_par' dir='ltr' id='par_1_39' title="bbox 244 3633 1803 3713">
     <span class='ocr_line' id='line_1_39' title="bbox 244 3633 1803 3713; baseline -0.006 -16"><span class='ocrx_word' id='word_1_266' title='bbox 244 3656 270 3697; x_wconf 85' lang='lat' dir='ltr'><strong>e</strong></span> <span class='ocrx_word' id='word_1_267' title='bbox 300 3658 385 3696; x_wconf 89' lang='lat' dir='ltr'><strong>sua</strong></span> <span class='ocrx_word' id='word_1_268' title='bbox 422 3639 717 3713; x_wconf 77' lang='lat' dir='ltr'><strong>provincia</strong></span> <span class='ocrx_word' id='word_1_269' title='bbox 744 3634 1269 3704; x_wconf 87' lang='lat' dir='ltr'><strong>Constantinopolim</strong></span> <span class='ocrx_word' id='word_1_270' title='bbox 1302 3634 1370 3687; x_wconf 89' lang='lat' dir='ltr'><strong>ad</strong></span> <span class='ocrx_word' id='word_1_271' title='bbox 1417 3633 1718 3703; x_wconf 87' lang='lat' dir='ltr'><strong>principem</strong></span> <span class='ocrx_word' id='word_1_272' title='bbox 1747 3641 1803 3688; x_wconf 88' lang='lat' dir='ltr'><strong>et</strong></span> 
     </span>
    </p>
   </div>
   <div class='ocr_carea' id='block_1_40' title="bbox 247 3719 1803 3796">
    <p class='ocr_par' dir='ltr' id='par_1_40' title="bbox 247 3719 1803 3796">
     <span class='ocr_line' id='line_1_40' title="bbox 247 3719 1803 3796; baseline -0.011 -10"><span class='ocrx_word' id='word_1_273' title='bbox 247 3729 489 3796; x_wconf 81' lang='lat' dir='ltr'><strong>Prcclnm,</strong></span> <span class='ocrx_word' id='word_1_274' title='bbox 528 3727 674 3783; x_wconf 83' lang='lat' dir='ltr'><strong>inde</strong></span> <span class='ocrx_word' id='word_1_275' title='bbox 695 3722 1079 3779; x_wconf 75' lang='lat' dir='ltr'><strong>Alexandriam</strong></span> <span class='ocrx_word' id='word_1_276' title='bbox 1105 3719 1173 3774; x_wconf 91' lang='lat' dir='ltr'><strong>ad</strong></span> <span class='ocrx_word' id='word_1_277' title='bbox 1203 3719 1488 3791; x_wconf 89' lang='lat' dir='ltr'><strong>Cyrillum,</strong></span> <span class='ocrx_word' id='word_1_278' title='bbox 1512 3731 1706 3771; x_wconf 87' lang='lat' dir='ltr'><strong>rursus</strong></span> <span class='ocrx_word' id='word_1_279' title='bbox 1735 3732 1803 3771; x_wconf 78' lang='lat' dir='ltr'><strong>ex</strong></span> 
     </span>
    </p>
   </div>
   <div class='ocr_carea' id='block_1_41' title="bbox 246 3809 1803 3892">
    <p class='ocr_par' dir='ltr' id='par_1_41' title="bbox 246 3809 1803 3892">
     <span class='ocr_line' id='line_1_41' title="bbox 246 3809 1803 3892; baseline -0.011 -13"><span class='ocrx_word' id='word_1_280' title='bbox 246 3821 446 3892; x_wconf 63' lang='lat' dir='ltr'><strong>Egypto</strong></span> <span class='ocrx_word' id='word_1_281' title='bbox 481 3813 1049 3884; x_wconf 81' lang='lat' dir='ltr'><strong>Constantinopolim,</strong></span> <span class='ocrx_word' id='word_1_282' title='bbox 1106 3811 1324 3866; x_wconf 88' lang='lat' dir='ltr'><strong>tandem</strong></span> <span class='ocrx_word' id='word_1_283' title='bbox 1369 3824 1437 3864; x_wconf 81' lang='lat' dir='ltr'><strong>ex</strong></span> <span class='ocrx_word' id='word_1_284' title='bbox 1482 3809 1619 3864; x_wconf 90' lang='lat' dir='ltr'><strong>urbe</strong></span> <span class='ocrx_word' id='word_1_285' title='bbox 1656 3809 1803 3878; x_wconf 89' lang='lat' dir='ltr'><strong>regia</strong></span> 
     </span>
    </p>
   </div>
   <div class='ocr_carea' id='block_1_42' title="bbox 251 3900 1802 3978">
    <p class='ocr_par' dir='ltr' id='par_1_42' title="bbox 251 3900 1802 3978">
     <span class='ocr_line' id='line_1_42' title="bbox 251 3900 1802 3978; baseline -0.008 -12"><span class='ocrx_word' id='word_1_286' title='bbox 251 3913 592 3977; x_wconf 78' lang='lat' dir='ltr'><strong>Antiochiam,</strong></span> <span class='ocrx_word' id='word_1_287' title='bbox 653 3923 781 3964; x_wconf 90' lang='lat' dir='ltr'><strong>cum</strong></span> <span class='ocrx_word' id='word_1_288' title='bbox 833 3903 1101 3978; x_wconf 89' lang='lat' dir='ltr'><strong>principis</strong></span> <span class='ocrx_word' id='word_1_289' title='bbox 1121 3911 1177 3958; x_wconf 92' lang='lat' dir='ltr'><strong>et</strong></span> <span class='ocrx_word' id='word_1_290' title='bbox 1200 3901 1635 3974; x_wconf 89' lang='lat' dir='ltr'><strong>patriarcharum</strong></span> <span class='ocrx_word' id='word_1_291' title='bbox 1663 3900 1802 3955; x_wconf 84' lang='lat' dir='ltr'><strong>scri-</strong></span> 
     </span>
    </p>
   </div>
   <div class='ocr_carea' id='block_1_43' title="bbox 251 4003 531 4072">
    <p class='ocr_par' dir='ltr' id='par_1_43' title="bbox 251 4003 531 4072">
     <span class='ocr_line' id='line_1_43' title="bbox 251 4003 531 4072; baseline 0 -16"><span class='ocrx_word' id='word_1_292' title='bbox 251 4003 337 4072; x_wconf 88' lang='lat' dir='ltr'><strong>ptis</strong></span> <span class='ocrx_word' id='word_1_293' title='bbox 367 4004 531 4058; x_wconf 86' lang='lat' dir='ltr'><strong>venit.</strong></span> 
     </span>
    </p>
   </div>
   <div class='ocr_carea' id='block_1_44' title="bbox 307 4086 1803 4161">
    <p class='ocr_par' dir='ltr' id='par_1_44' title="bbox 307 4086 1803 4161">
     <span class='ocr_line' id='line_1_44' title="bbox 307 4086 1803 4161; baseline -0.005 -15"><span class='ocrx_word' id='word_1_294' title='bbox 307 4091 433 4149; x_wconf 71' lang='lat' dir='ltr'><strong>XXI.</strong></span> <span class='ocrx_word' id='word_1_295' title='bbox 490 4091 661 4161; x_wconf 84' lang='lat' dir='ltr'><strong>Quod</strong></span> <span class='ocrx_word' id='word_1_296' title='bbox 708 4097 892 4145; x_wconf 89' lang='lat' dir='ltr'><strong>autem</strong></span> <span class='ocrx_word' id='word_1_297' title='bbox 926 4088 1059 4152; x_wconf 82' lang='lat' dir='ltr'><strong>dixi,</strong></span> <span class='ocrx_word' id='word_1_298' title='bbox 1104 4086 1345 4141; x_wconf 90' lang='lat' dir='ltr'><strong>secunda</strong></span> <span class='ocrx_word' id='word_1_299' title='bbox 1374 4093 1430 4141; x_wconf 90' lang='lat' dir='ltr'><strong>et</strong></span> <span class='ocrx_word' id='word_1_300' title='bbox 1462 4086 1620 4140; x_wconf 86' lang='lat' dir='ltr'><strong>tertia</strong></span> <span class='ocrx_word' id='word_1_301' title='bbox 1650 4092 1803 4153; x_wconf 89' lang='lat' dir='ltr'><strong>parte</strong></span> 
     </span>
    </p>
   </div>
   <div class='ocr_carea' id='block_1_45' title="bbox 250 4175 1802 4247">
    <p class='ocr_par' dir='ltr' id='par_1_45' title="bbox 250 4175 1802 4247">
     <span class='ocr_line' id='line_1_45' title="bbox 250 4175 1802 4247; baseline -0.006 -11"><span class='ocrx_word' id='word_1_302' title='bbox 250 4183 493 4238; x_wconf 86' lang='lat' dir='ltr'><strong>imitatum</strong></span> <span class='ocrx_word' id='word_1_303' title='bbox 523 4198 659 4239; x_wconf 86' lang='lat' dir='ltr'><strong>esse</strong></span> <span class='ocrx_word' id='word_1_304' title='bbox 706 4179 1115 4235; x_wconf 89' lang='lat' dir='ltr'><strong>Theodoretum</strong></span> <span class='ocrx_word' id='word_1_305' title='bbox 1165 4175 1393 4230; x_wconf 89' lang='lat' dir='ltr'><strong>Luciani</strong></span> <span class='ocrx_word' id='word_1_306' title='bbox 1422 4177 1599 4247; x_wconf 88' lang='lat' dir='ltr'><strong>jocos,</strong></span> <span class='ocrx_word' id='word_1_307' title='bbox 1636 4187 1802 4228; x_wconf 87' lang='lat' dir='ltr'><strong>nemo</strong></span> 
     </span>
    </p>
   </div>
   <div class='ocr_carea' id='block_1_46' title="bbox 250 4258 1802 4341">
    <p class='ocr_par' dir='ltr' id='par_1_46' title="bbox 250 4258 1802 4341">
     <span class='ocr_line' id='line_1_46' title="bbox 250 4258 1802 4341; baseline -0.007 -13"><span class='ocrx_word' id='word_1_308' title='bbox 250 4258 719 4337; x_wconf 79' lang='lat' dir='ltr'><strong>uouassentietur,</strong></span> <span class='ocrx_word' id='word_1_309' title='bbox 776 4270 872 4341; x_wconf 88' lang='lat' dir='ltr'><strong>qui</strong></span> <span class='ocrx_word' id='word_1_310' title='bbox 923 4268 1198 4339; x_wconf 78' lang='lat' dir='ltr'><strong>dialogum</strong></span> <span class='ocrx_word' id='word_1_311' title='bbox 1237 4268 1544 4339; x_wconf 81' lang='lat' dir='ltr'><strong>Tyrannum</strong></span> <span class='ocrx_word' id='word_1_312' title='bbox 1590 4265 1802 4335; x_wconf 88' lang='lat' dir='ltr'><strong>legerit,</strong></span> 
     </span>
    </p>
   </div>
   <div class='ocr_carea' id='block_1_47' title="bbox 250 4355 1806 4422">
    <p class='ocr_par' dir='ltr' id='par_1_47' title="bbox 250 4355 1806 4422">
     <span class='ocr_line' id='line_1_47' title="bbox 250 4355 1806 4422; baseline -0.006 -3"><span class='ocrx_word' id='word_1_313' title='bbox 250 4375 295 4419; x_wconf 89' lang='lat' dir='ltr'><strong>et</strong></span> <span class='ocrx_word' id='word_1_314' title='bbox 323 4367 614 4422; x_wconf 88' lang='lat' dir='ltr'><strong>contulerit</strong></span> <span class='ocrx_word' id='word_1_315' title='bbox 646 4380 773 4418; x_wconf 89' lang='lat' dir='ltr'><strong>cum</strong></span> <span class='ocrx_word' id='word_1_316' title='bbox 804 4363 891 4416; x_wconf 91' lang='lat' dir='ltr'><strong>his</strong></span> <span class='ocrx_word' id='word_1_317' title='bbox 915 4361 1100 4416; x_wconf 84' lang='lat' dir='ltr'><strong>verbis</strong></span> <span class='ocrx_word' id='word_1_318' title='bbox 1130 4377 1143 4414; x_wconf 90' lang='lat'><strong>:</strong></span> <span class='ocrx_word' id='word_1_319' title='bbox 1193 4379 1210 4411; x_wconf 72' lang='grc' dir='ltr'>ι</span> <span class='ocrx_word' id='word_1_320' title='bbox 1238 4359 1344 4414; x_wconf 86' lang='lat' dir='ltr'><strong>Iste</strong></span> <span class='ocrx_word' id='word_1_321' title='bbox 1376 4372 1510 4413; x_wconf 91' lang='lat' dir='ltr'><strong>vero</strong></span> <span class='ocrx_word' id='word_1_322' title='bbox 1552 4364 1609 4411; x_wconf 88' lang='lat' dir='ltr'><strong>et</strong></span> <span class='ocrx_word' id='word_1_323' title='bbox 1657 4355 1806 4410; x_wconf 87' lang='lat' dir='ltr'><strong>aliud</strong></span> 
     </span>
    </p>
   </div>
   <div class='ocr_carea' id='block_1_48' title="bbox 1871 629 3439 704">
    <p class='ocr_par' dir='ltr' id='par_1_48' title="bbox 1871 629 3439 704">
     <span class='ocr_line' id='line_1_48' title="bbox 1871 629 3439 704; baseline -0.003 -17"><span class='ocrx_word' id='word_1_324' title='bbox 1871 633 2145 704; x_wconf 85' lang='lat' dir='ltr'><strong>interpres</strong></span> <span class='ocrx_word' id='word_1_325' title='bbox 2185 635 2432 704; x_wconf 72' lang='lat' dir='ltr'><strong>epistolae</strong></span> <span class='ocrx_word' id='word_1_326' title='bbox 2464 633 2551 688; x_wconf 88' lang='lat' dir='ltr'><strong>vel</strong></span> <span class='ocrx_word' id='word_1_327' title='bbox 2584 631 2813 686; x_wconf 89' lang='lat' dir='ltr'><strong>retinuit</strong></span> <span class='ocrx_word' id='word_1_328' title='bbox 2837 645 3039 685; x_wconf 90' lang='lat' dir='ltr'><strong>nomen</strong></span> <span class='ocrx_word' id='word_1_329' title='bbox 3065 629 3313 685; x_wconf 69' lang='lat' dir='ltr'><strong>Graecum</strong></span> <span class='ocrx_word' id='word_1_330' title='bbox 3347 645 3439 696; x_wconf 84' lang='grc' dir='ltr'><strong>φι-</strong></span> 
     </span>
    </p>
   </div>
   <div class='ocr_carea' id='block_1_49' title="bbox 1875 718 3441 795">
    <p class='ocr_par' dir='ltr' id='par_1_49' title="bbox 1875 718 3441 795">
     <span class='ocr_line' id='line_1_49' title="bbox 1875 718 3441 795; baseline -0.003 -18"><span class='ocrx_word' id='word_1_331' title='bbox 1875 723 2011 795; x_wconf 77' lang='grc' dir='ltr'>μοῦ,</span> <span class='ocrx_word' id='word_1_332' title='bbox 2059 726 2144 778; x_wconf 86' lang='lat' dir='ltr'><strong>vel</strong></span> <span class='ocrx_word' id='word_1_333' title='bbox 2194 725 2385 779; x_wconf 84' lang='lat' dir='ltr'><strong>Latine</strong></span> <span class='ocrx_word' id='word_1_334' title='bbox 2432 723 2653 793; x_wconf 89' lang='lat' dir='ltr'><strong>scripsit</strong></span> <span class='ocrx_word' id='word_1_335' title='bbox 2706 723 2978 793; x_wconf 79' lang='lat' dir='ltr'><strong>phimum,</strong></span> <span class='ocrx_word' id='word_1_336' title='bbox 3029 719 3178 789; x_wconf 90' lang='lat' dir='ltr'><strong>quod</strong></span> <span class='ocrx_word' id='word_1_337' title='bbox 3232 718 3441 774; x_wconf 89' lang='lat' dir='ltr'><strong>librarii</strong></span> 
     </span>
    </p>
   </div>
   <div class='ocr_carea' id='block_1_50' title="bbox 1872 814 2569 886">
    <p class='ocr_par' dir='ltr' id='par_1_50' title="bbox 1872 814 2569 886">
     <span class='ocr_line' id='line_1_50' title="bbox 1872 814 2569 886; baseline -0.003 -16"><span class='ocrx_word' id='word_1_338' title='bbox 1872 825 2256 886; x_wconf 87' lang='lat' dir='ltr'><strong>perverterunt</strong></span> <span class='ocrx_word' id='word_1_339' title='bbox 2282 816 2337 870; x_wconf 89' lang='lat' dir='ltr'><strong>in</strong></span> <span class='ocrx_word' id='word_1_340' title='bbox 2363 814 2569 882; x_wconf 79' lang='lat' dir='ltr'><strong>ﬁmum.</strong></span> 
     </span>
    </p>
   </div>
   <div class='ocr_carea' id='block_1_51' title="bbox 2047 907 3266 977">
    <p class='ocr_par' dir='ltr' id='par_1_51' title="bbox 2047 907 3266 977">
     <span class='ocr_line' id='line_1_51' title="bbox 2047 907 3266 977; baseline -0.002 -15"><span class='ocrx_word' id='word_1_341' title='bbox 2047 908 2291 977; x_wconf 79' lang='lat' dir='ltr'><strong>Epistula</strong></span> <span class='ocrx_word' id='word_1_342' title='bbox 2330 908 2451 972; x_wconf 82' lang='grc'><strong>181,</strong></span> <span class='ocrx_word' id='word_1_343' title='bbox 2496 908 2567 961; x_wconf 88' lang='lat' dir='ltr'><strong>ad</strong></span> <span class='ocrx_word' id='word_1_344' title='bbox 2608 907 2906 961; x_wconf 81' lang='lat' dir='ltr'><strong>Abundium</strong></span> <span class='ocrx_word' id='word_1_345' title='bbox 2949 907 3266 976; x_wconf 79' lang='lat' dir='ltr'><strong>episcopum.</strong></span> 
     </span>
    </p>
   </div>
   <div class='ocr_carea' id='block_1_52' title="bbox 1945 996 3442 1067">
    <p class='ocr_par' dir='ltr' id='par_1_52' title="bbox 1945 996 3442 1067">
     <span class='ocr_line' id='line_1_52' title="bbox 1945 996 3442 1067; baseline -0.003 -14"><span class='ocrx_word' id='word_1_346' title='bbox 1945 999 1987 1053; x_wconf 92' lang='lat' dir='ltr'><strong>I.</strong></span> <span class='ocrx_word' id='word_1_347' title='bbox 2017 998 2321 1063; x_wconf 86' lang='lat' dir='ltr'><strong>Abundius,</strong></span> <span class='ocrx_word' id='word_1_348' title='bbox 2354 1006 2416 1052; x_wconf 91' lang='lat' dir='ltr'><strong>ut</strong></span> <span class='ocrx_word' id='word_1_349' title='bbox 2441 1005 2526 1051; x_wconf 90' lang='lat' dir='ltr'><strong>est</strong></span> <span class='ocrx_word' id='word_1_350' title='bbox 2546 999 2599 1052; x_wconf 90' lang='lat' dir='ltr'><strong>in</strong></span> <span class='ocrx_word' id='word_1_351' title='bbox 2617 998 2736 1067; x_wconf 87' lang='lat' dir='ltr'><strong>ejus</strong></span> <span class='ocrx_word' id='word_1_352' title='bbox 2752 998 2873 1053; x_wconf 85' lang='lat' dir='ltr'><strong>Vita</strong></span> <span class='ocrx_word' id='word_1_353' title='bbox 2888 998 3030 1067; x_wconf 89' lang='lat' dir='ltr'><strong>apud</strong></span> <span class='ocrx_word' id='word_1_354' title='bbox 3049 996 3442 1063; x_wconf 81' lang='lat' dir='ltr'><strong>Mombritium,</strong></span> 
     </span>
    </p>
   </div>
   <div class='ocr_carea' id='block_1_53' title="bbox 1876 1086 3445 1157">
    <p class='ocr_par' dir='ltr' id='par_1_53' title="bbox 1876 1086 3445 1157">
     <span class='ocr_line' id='line_1_53' title="bbox 1876 1086 3445 1157; baseline -0.002 -14"><span class='ocrx_word' id='word_1_355' title='bbox 1876 1086 2265 1143; x_wconf 85' lang='lat' dir='ltr'><strong>Thessalonica</strong></span> <span class='ocrx_word' id='word_1_356' title='bbox 2311 1086 2469 1141; x_wconf 77' lang='lat' dir='ltr'><strong>duxit</strong></span> <span class='ocrx_word' id='word_1_357' title='bbox 2495 1086 2761 1157; x_wconf 77' lang='lat' dir='ltr'><strong>originem</strong></span> <span class='ocrx_word' id='word_1_358' title='bbox 2789 1103 2802 1140; x_wconf 91' lang='lat'><strong>:</strong></span> <span class='ocrx_word' id='word_1_359' title='bbox 2832 1086 2960 1142; x_wconf 88' lang='lat' dir='ltr'><strong>inde</strong></span> <span class='ocrx_word' id='word_1_360' title='bbox 2993 1087 3047 1140; x_wconf 90' lang='lat' dir='ltr'><strong>in</strong></span> <span class='ocrx_word' id='word_1_361' title='bbox 3083 1087 3289 1141; x_wconf 89' lang='lat' dir='ltr'><strong>Italiam</strong></span> <span class='ocrx_word' id='word_1_362' title='bbox 3313 1102 3445 1157; x_wconf 84' lang='lat' dir='ltr'><strong>pro—</strong></span> 
     </span>
    </p>
   </div>
   <div class='ocr_carea' id='block_1_54' title="bbox 1876 1179 3447 1250">
    <p class='ocr_par' dir='ltr' id='par_1_54' title="bbox 1876 1179 3447 1250">
     <span class='ocr_line' id='line_1_54' title="bbox 1876 1179 3447 1250; baseline 0 -15"><span class='ocrx_word' id='word_1_363' title='bbox 1876 1180 2054 1236; x_wconf 88' lang='lat' dir='ltr'><strong>fectus</strong></span> <span class='ocrx_word' id='word_1_364' title='bbox 2100 1179 2328 1235; x_wconf 63' lang='lat' dir='ltr'><strong>adhaesit</strong></span> <span class='ocrx_word' id='word_1_365' title='bbox 2377 1179 2634 1234; x_wconf 87' lang='lat' dir='ltr'><strong>Amantio</strong></span> <span class='ocrx_word' id='word_1_366' title='bbox 2682 1179 2937 1235; x_wconf 89' lang='lat' dir='ltr'><strong>Comensi</strong></span> <span class='ocrx_word' id='word_1_367' title='bbox 2961 1181 3241 1250; x_wconf 89' lang='lat' dir='ltr'><strong>episcopo,</strong></span> <span class='ocrx_word' id='word_1_368' title='bbox 3277 1195 3308 1234; x_wconf 91' lang='lat' dir='ltr'><strong>a</strong></span> <span class='ocrx_word' id='word_1_369' title='bbox 3336 1195 3447 1249; x_wconf 83' lang='lat' dir='ltr'><strong>quo</strong></span> 
     </span>
    </p>
   </div>
   <div class='ocr_carea' id='block_1_55' title="bbox 1876 1271 3445 1344">
    <p class='ocr_par' dir='ltr' id='par_1_55' title="bbox 1876 1271 3445 1344">
     <span class='ocr_line' id='line_1_55' title="bbox 1876 1271 3445 1344; baseline -0.001 -17"><span class='ocrx_word' id='word_1_370' title='bbox 1876 1280 2101 1344; x_wconf 86' lang='lat' dir='ltr'><strong>propter</strong></span> <span class='ocrx_word' id='word_1_371' title='bbox 2127 1271 2355 1326; x_wconf 80' lang='lat' dir='ltr'><strong>eximias</strong></span> <span class='ocrx_word' id='word_1_372' title='bbox 2381 1271 2615 1326; x_wconf 87' lang='lat' dir='ltr'><strong>virtutes</strong></span> <span class='ocrx_word' id='word_1_373' title='bbox 2644 1271 2932 1326; x_wconf 89' lang='lat' dir='ltr'><strong>ordinatus</strong></span> <span class='ocrx_word' id='word_1_374' title='bbox 2959 1280 3063 1330; x_wconf 87' lang='lat' dir='ltr'><strong>est.</strong></span> <span class='ocrx_word' id='word_1_375' title='bbox 3090 1271 3445 1341; x_wconf 69' lang='lat' dir='ltr'><strong>praepositus-</strong></span> 
     </span>
    </p>
   </div>
   <div class='ocr_carea' id='block_1_56' title="bbox 1877 1359 3453 1435">
    <p class='ocr_par' dir='ltr' id='par_1_56' title="bbox 1877 1359 3453 1435">
     <span class='ocr_line' id='line_1_56' title="bbox 1877 1359 3453 1435; baseline -0.002 -15"><span class='ocrx_word' id='word_1_376' title='bbox 1877 1379 1984 1435; x_wconf 89' lang='lat' dir='ltr'><strong>que</strong></span> <span class='ocrx_word' id='word_1_377' title='bbox 2017 1363 2272 1420; x_wconf 88' lang='lat' dir='ltr'><strong>Comensi</strong></span> <span class='ocrx_word' id='word_1_378' title='bbox 2313 1359 2591 1428; x_wconf 69' lang='lat' dir='ltr'><strong>Ecclesiae,</strong></span> <span class='ocrx_word' id='word_1_379' title='bbox 2626 1378 2792 1434; x_wconf 80' lang='lat' dir='ltr'><strong>quam</strong></span> <span class='ocrx_word' id='word_1_380' title='bbox 2825 1361 3002 1417; x_wconf 90' lang='lat' dir='ltr'><strong>noluit</strong></span> <span class='ocrx_word' id='word_1_381' title='bbox 3022 1360 3306 1417; x_wconf 83' lang='lat' dir='ltr'><strong>Amantius</strong></span> <span class='ocrx_word' id='word_1_382' title='bbox 3334 1378 3453 1417; x_wconf 88' lang='lat' dir='ltr'><strong>mo-</strong></span> 
     </span>
    </p>
   </div>
   <div class='ocr_carea' id='block_1_57' title="bbox 1877 1455 2621 1525">
    <p class='ocr_par' dir='ltr' id='par_1_57' title="bbox 1877 1455 2621 1525">
     <span class='ocr_line' id='line_1_57' title="bbox 1877 1455 2621 1525; baseline -0.001 -15"><span class='ocrx_word' id='word_1_383' title='bbox 1877 1457 2027 1512; x_wconf 91' lang='lat' dir='ltr'><strong>riens</strong></span> <span class='ocrx_word' id='word_1_384' title='bbox 2044 1456 2266 1511; x_wconf 89' lang='lat' dir='ltr'><strong>viduam</strong></span> <span class='ocrx_word' id='word_1_385' title='bbox 2290 1455 2621 1525; x_wconf 85' lang='lat' dir='ltr'><strong>relinquere.</strong></span> 
     </span>
    </p>
   </div>
   <div class='ocr_carea' id='block_1_58' title="bbox 1949 1530 3453 1614">
    <p class='ocr_par' dir='ltr' id='par_1_58' title="bbox 1949 1530 3453 1614">
     <span class='ocr_line' id='line_1_58' title="bbox 1949 1530 3453 1614; baseline -0.002 -14"><span class='ocrx_word' id='word_1_386' title='bbox 1949 1546 2017 1601; x_wconf 81' lang='grc' dir='ltr'><strong>ιι.</strong></span> <span class='ocrx_word' id='word_1_387' title='bbox 2062 1546 2144 1600; x_wconf 88' lang='lat' dir='ltr'><strong>Ad</strong></span> <span class='ocrx_word' id='word_1_388' title='bbox 2185 1545 2336 1599; x_wconf 92' lang='lat' dir='ltr'><strong>illum</strong></span> <span class='ocrx_word' id='word_1_389' title='bbox 2370 1530 2844 1614; x_wconf 76' lang='lat' dir='ltr'><strong>Constantinopoli</strong></span> <span class='ocrx_word' id='word_1_390' title='bbox 2867 1544 3130 1614; x_wconf 87' lang='lat' dir='ltr'><strong>positum,</strong></span> <span class='ocrx_word' id='word_1_391' title='bbox 3154 1557 3279 1598; x_wconf 88' lang='lat' dir='ltr'><strong>cum</strong></span> <span class='ocrx_word' id='word_1_392' title='bbox 3307 1542 3453 1614; x_wconf 75' lang='lat' dir='ltr'><strong>loga-</strong></span> 
     </span>
    </p>
   </div>
   <div class='ocr_carea' id='block_1_59' title="bbox 1880 1634 3451 1706">
    <p class='ocr_par' dir='ltr' id='par_1_59' title="bbox 1880 1634 3451 1706">
     <span class='ocr_line' id='line_1_59' title="bbox 1880 1634 3451 1706; baseline -0.004 -12"><span class='ocrx_word' id='word_1_393' title='bbox 1880 1640 2029 1694; x_wconf 89' lang='lat' dir='ltr'><strong>tione</strong></span> <span class='ocrx_word' id='word_1_394' title='bbox 2051 1637 2224 1693; x_wconf 88' lang='lat' dir='ltr'><strong>sancti</strong></span> <span class='ocrx_word' id='word_1_395' title='bbox 2246 1635 2448 1691; x_wconf 87' lang='lat' dir='ltr'><strong>Leonis</strong></span> <span class='ocrx_word' id='word_1_396' title='bbox 2466 1635 2811 1706; x_wconf 86' lang='lat' dir='ltr'><strong>fungeretur,</strong></span> <span class='ocrx_word' id='word_1_397' title='bbox 2835 1634 3124 1704; x_wconf 86' lang='lat' dir='ltr'><strong>epistolam</strong></span> <span class='ocrx_word' id='word_1_398' title='bbox 3145 1634 3287 1689; x_wconf 88' lang='lat' dir='ltr'><strong>hanc</strong></span> <span class='ocrx_word' id='word_1_399' title='bbox 3307 1648 3451 1688; x_wconf 89' lang='lat' dir='ltr'><strong>anno</strong></span> 
     </span>
    </p>
   </div>
   <div class='ocr_carea' id='block_1_60' title="bbox 1881 1725 3452 1795">
    <p class='ocr_par' dir='ltr' id='par_1_60' title="bbox 1881 1725 3452 1795">
     <span class='ocr_line' id='line_1_60' title="bbox 1881 1725 3452 1795; baseline -0.004 -10"><span class='ocrx_word' id='word_1_400' title='bbox 1881 1730 2005 1795; x_wconf 68' lang='lat'><strong>450,</strong></span> <span class='ocrx_word' id='word_1_401' title='bbox 2063 1728 2222 1783; x_wconf 91' lang='lat' dir='ltr'><strong>initio</strong></span> <span class='ocrx_word' id='word_1_402' title='bbox 2273 1727 2523 1781; x_wconf 88' lang='lat' dir='ltr'><strong>autumni</strong></span> <span class='ocrx_word' id='word_1_403' title='bbox 2579 1725 2731 1782; x_wconf 88' lang='lat' dir='ltr'><strong>misit</strong></span> <span class='ocrx_word' id='word_1_404' title='bbox 2781 1725 3161 1781; x_wconf 84' lang='lat' dir='ltr'><strong>Theodoretus</strong></span> <span class='ocrx_word' id='word_1_405' title='bbox 3202 1740 3452 1780; x_wconf 82' lang='lat' dir='ltr'><strong>emoua-</strong></span> 
     </span>
    </p>
   </div>
   <div class='ocr_carea' id='block_1_61' title="bbox 1882 1817 3455 1890">
    <p class='ocr_par' dir='ltr' id='par_1_61' title="bbox 1882 1817 3455 1890">
     <span class='ocr_line' id='line_1_61' title="bbox 1882 1817 3455 1890; baseline -0.003 -14"><span class='ocrx_word' id='word_1_406' title='bbox 1882 1821 2050 1876; x_wconf 85' lang='lat' dir='ltr'><strong>sterio</strong></span> <span class='ocrx_word' id='word_1_407' title='bbox 2097 1834 2269 1890; x_wconf 88' lang='lat' dir='ltr'><strong>prope</strong></span> <span class='ocrx_word' id='word_1_408' title='bbox 2306 1818 2623 1888; x_wconf 86' lang='lat' dir='ltr'><strong>Apameam,</strong></span> <span class='ocrx_word' id='word_1_409' title='bbox 2653 1818 2710 1873; x_wconf 90' lang='lat' dir='ltr'><strong>in</strong></span> <span class='ocrx_word' id='word_1_410' title='bbox 2743 1817 2891 1888; x_wconf 89' lang='lat' dir='ltr'><strong>quod</strong></span> <span class='ocrx_word' id='word_1_411' title='bbox 2920 1825 3221 1873; x_wconf 88' lang='lat' dir='ltr'><strong>secesserat</strong></span> <span class='ocrx_word' id='word_1_412' title='bbox 3248 1817 3455 1888; x_wconf 90' lang='lat' dir='ltr'><strong>ejectus</strong></span> 
     </span>
    </p>
   </div>
   <div class='ocr_carea' id='block_1_62' title="bbox 1882 1914 2030 1970">
    <p class='ocr_par' dir='ltr' id='par_1_62' title="bbox 1882 1914 2030 1970">
     <span class='ocr_line' id='line_1_62' title="bbox 1882 1914 2030 1970; baseline -0.014 0"><span class='ocrx_word' id='word_1_413' title='bbox 1882 1914 2030 1970; x_wconf 76' lang='lat' dir='ltr'><strong>Sede.</strong></span> 
     </span>
    </p>
   </div>
   <div class='ocr_carea' id='block_1_63' title="bbox 1950 1998 3455 2074">
    <p class='ocr_par' dir='ltr' id='par_1_63' title="bbox 1950 1998 3455 2074">
     <span class='ocr_line' id='line_1_63' title="bbox 1950 1998 3455 2074; baseline -0.007 -11"><span class='ocrx_word' id='word_1_414' title='bbox 1950 2008 2041 2063; x_wconf 93' lang='lat' dir='ltr'><strong>III.</strong></span> <span class='ocrx_word' id='word_1_415' title='bbox 2097 2006 2274 2062; x_wconf 85' lang='lat' dir='ltr'><strong>Causa</strong></span> <span class='ocrx_word' id='word_1_416' title='bbox 2324 2004 2606 2061; x_wconf 66' lang='lat' dir='ltr'><strong>mittendae</strong></span> <span class='ocrx_word' id='word_1_417' title='bbox 2650 2000 2945 2074; x_wconf 76' lang='lat' dir='ltr'><strong>legationis</strong></span> <span class='ocrx_word' id='word_1_418' title='bbox 2989 1999 3093 2055; x_wconf 87' lang='lat' dir='ltr'><strong>ista</strong></span> <span class='ocrx_word' id='word_1_419' title='bbox 3150 1998 3253 2055; x_wconf 91' lang='lat' dir='ltr'><strong>fuit</strong></span> <span class='ocrx_word' id='word_1_420' title='bbox 3284 2017 3298 2053; x_wconf 88' lang='lat'><strong>:</strong></span> <span class='ocrx_word' id='word_1_421' title='bbox 3329 2014 3455 2053; x_wconf 85' lang='lat' dir='ltr'><strong>cum</strong></span> 
     </span>
    </p>
   </div>
   <div class='ocr_carea' id='block_1_64' title="bbox 1883 2088 3457 2168">
    <p class='ocr_par' dir='ltr' id='par_1_64' title="bbox 1883 2088 3457 2168">
     <span class='ocr_line' id='line_1_64' title="bbox 1883 2088 3457 2168; baseline -0.009 -15"><span class='ocrx_word' id='word_1_422' title='bbox 1883 2106 2106 2153; x_wconf 88' lang='lat' dir='ltr'><strong>sanctus</strong></span> <span class='ocrx_word' id='word_1_423' title='bbox 2144 2097 2256 2152; x_wconf 90' lang='lat' dir='ltr'><strong>Leo</strong></span> <span class='ocrx_word' id='word_1_424' title='bbox 2306 2097 2601 2168; x_wconf 87' lang='lat' dir='ltr'><strong>impetrare</strong></span> <span class='ocrx_word' id='word_1_425' title='bbox 2646 2109 2758 2148; x_wconf 91' lang='lat' dir='ltr'><strong>non</strong></span> <span class='ocrx_word' id='word_1_426' title='bbox 2797 2092 3121 2163; x_wconf 88' lang='lat' dir='ltr'><strong>potuisseta</strong></span> <span class='ocrx_word' id='word_1_427' title='bbox 3145 2088 3457 2145; x_wconf 80' lang='lat' dir='ltr'><strong>Theodosio</strong></span> 
     </span>
    </p>
   </div>
   <div class='ocr_carea' id='block_1_65' title="bbox 1885 2181 3457 2259">
    <p class='ocr_par' dir='ltr' id='par_1_65' title="bbox 1885 2181 3457 2259">
     <span class='ocr_line' id='line_1_65' title="bbox 1885 2181 3457 2259; baseline -0.004 -16"><span class='ocrx_word' id='word_1_428' title='bbox 1885 2189 2236 2259; x_wconf 89' lang='lat' dir='ltr'><strong>imperatore,</strong></span> <span class='ocrx_word' id='word_1_429' title='bbox 2286 2197 2348 2243; x_wconf 89' lang='lat' dir='ltr'><strong>ut</strong></span> <span class='ocrx_word' id='word_1_430' title='bbox 2398 2188 2454 2242; x_wconf 90' lang='lat' dir='ltr'><strong>in</strong></span> <span class='ocrx_word' id='word_1_431' title='bbox 2505 2187 2660 2241; x_wconf 90' lang='lat' dir='ltr'><strong>Italia</strong></span> <span class='ocrx_word' id='word_1_432' title='bbox 2701 2192 2991 2255; x_wconf 78' lang='lat' dir='ltr'><strong>cogeretur</strong></span> <span class='ocrx_word' id='word_1_433' title='bbox 3036 2181 3295 2254; x_wconf 84' lang='lat' dir='ltr'><strong>synodus,</strong></span> <span class='ocrx_word' id='word_1_434' title='bbox 3336 2198 3457 2253; x_wconf 79' lang='lat' dir='ltr'><strong>quae</strong></span> 
     </span>
    </p>
   </div>
   <div class='ocr_carea' id='block_1_66' title="bbox 1886 2274 3458 2348">
    <p class='ocr_par' dir='ltr' id='par_1_66' title="bbox 1886 2274 3458 2348">
     <span class='ocr_line' id='line_1_66' title="bbox 1886 2274 3458 2348; baseline -0.004 -14"><span class='ocrx_word' id='word_1_435' title='bbox 1886 2279 2220 2334; x_wconf 79' lang='lat' dir='ltr'><strong>latrocinalis</strong></span> <span class='ocrx_word' id='word_1_436' title='bbox 2249 2277 2533 2348; x_wconf 68' lang='lat' dir='ltr'><strong>Ephesium</strong></span> <span class='ocrx_word' id='word_1_437' title='bbox 2561 2275 2695 2331; x_wconf 84' lang='lat' dir='ltr'><strong>Acta</strong></span> <span class='ocrx_word' id='word_1_438' title='bbox 2724 2274 3063 2339; x_wconf 88' lang='lat' dir='ltr'><strong>emendaret,</strong></span> <span class='ocrx_word' id='word_1_439' title='bbox 3093 2275 3149 2330; x_wconf 90' lang='lat' dir='ltr'><strong>in</strong></span> <span class='ocrx_word' id='word_1_440' title='bbox 3177 2274 3458 2330; x_wconf 87' lang='lat' dir='ltr'><strong>Orientem</strong></span> 
     </span>
    </p>
   </div>
   <div class='ocr_carea' id='block_1_67' title="bbox 1889 2364 3458 2436">
    <p class='ocr_par' dir='ltr' id='par_1_67' title="bbox 1889 2364 3458 2436">
     <span class='ocr_line' id='line_1_67' title="bbox 1889 2364 3458 2436; baseline -0.004 -11"><span class='ocrx_word' id='word_1_441' title='bbox 1889 2385 2010 2426; x_wconf 88' lang='lat' dir='ltr'><strong>cum</strong></span> <span class='ocrx_word' id='word_1_442' title='bbox 2064 2370 2263 2425; x_wconf 87' lang='lat' dir='ltr'><strong>litteris</strong></span> <span class='ocrx_word' id='word_1_443' title='bbox 2318 2369 2388 2424; x_wconf 91' lang='lat' dir='ltr'><strong>ad</strong></span> <span class='ocrx_word' id='word_1_444' title='bbox 2444 2367 2818 2423; x_wconf 85' lang='lat' dir='ltr'><strong>Theodosium</strong></span> <span class='ocrx_word' id='word_1_445' title='bbox 2868 2366 3068 2421; x_wconf 75' lang='lat' dir='ltr'><strong>direxit</strong></span> <span class='ocrx_word' id='word_1_446' title='bbox 3124 2366 3270 2421; x_wconf 89' lang='lat' dir='ltr'><strong>viros</strong></span> <span class='ocrx_word' id='word_1_447' title='bbox 3296 2364 3458 2436; x_wconf 73' lang='lat'><strong>382</strong></span> 
     </span>
    </p>
   </div>
   <div class='ocr_carea' id='block_1_68' title="bbox 1891 2457 3456 2532">
    <p class='ocr_par' dir='ltr' id='par_1_68' title="bbox 1891 2457 3456 2532">
     <span class='ocr_line' id='line_1_68' title="bbox 1891 2457 3456 2532; baseline -0.004 -16"><span class='ocrx_word' id='word_1_448' title='bbox 1891 2462 2176 2532; x_wconf 89' lang='lat' dir='ltr'><strong>utriusque</strong></span> <span class='ocrx_word' id='word_1_449' title='bbox 2196 2463 2397 2532; x_wconf 68' lang='lat' dir='ltr'><strong>linguae</strong></span> <span class='ocrx_word' id='word_1_450' title='bbox 2428 2459 2639 2530; x_wconf 89' lang='lat' dir='ltr'><strong>peritos</strong></span> <span class='ocrx_word' id='word_1_451' title='bbox 2669 2468 2834 2528; x_wconf 89' lang='lat' dir='ltr'><strong>atque</strong></span> <span class='ocrx_word' id='word_1_452' title='bbox 2866 2457 3168 2512; x_wconf 86' lang='lat' dir='ltr'><strong>industrios</strong></span> <span class='ocrx_word' id='word_1_453' title='bbox 3196 2465 3456 2527; x_wconf 86' lang='lat' dir='ltr'><strong>quatuor,</strong></span> 
     </span>
    </p>
   </div>
   <div class='ocr_carea' id='block_1_69' title="bbox 1891 2546 3463 2622">
    <p class='ocr_par' dir='ltr' id='par_1_69' title="bbox 1891 2546 3463 2622">
     <span class='ocr_line' id='line_1_69' title="bbox 1891 2546 3463 2622; baseline -0.004 -15"><span class='ocrx_word' id='word_1_454' title='bbox 1891 2552 2179 2622; x_wconf 87' lang='lat' dir='ltr'><strong>episcopos</strong></span> <span class='ocrx_word' id='word_1_455' title='bbox 2218 2567 2417 2622; x_wconf 90' lang='lat' dir='ltr'><strong>nempe</strong></span> <span class='ocrx_word' id='word_1_456' title='bbox 2461 2549 2620 2614; x_wconf 90' lang='lat' dir='ltr'><strong>duos,</strong></span> <span class='ocrx_word' id='word_1_457' title='bbox 2677 2547 2996 2604; x_wconf 89' lang='lat' dir='ltr'><strong>Abuudium</strong></span> <span class='ocrx_word' id='word_1_458' title='bbox 3044 2546 3370 2604; x_wconf 88' lang='lat' dir='ltr'><strong>Comensem</strong></span> <span class='ocrx_word' id='word_1_459' title='bbox 3406 2557 3463 2601; x_wconf 80' lang='lat' dir='ltr'><strong>rt</strong></span> 
     </span>
    </p>
   </div>
   <div class='ocr_carea' id='block_1_70' title="bbox 1892 2639 3463 2712">
    <p class='ocr_par' dir='ltr' id='par_1_70' title="bbox 1892 2639 3463 2712">
     <span class='ocr_line' id='line_1_70' title="bbox 1892 2639 3463 2712; baseline -0.003 -14"><span class='ocrx_word' id='word_1_460' title='bbox 1892 2644 2169 2698; x_wconf 82' lang='lat' dir='ltr'><strong>Asterium</strong></span> <span class='ocrx_word' id='word_1_461' title='bbox 2193 2643 2556 2707; x_wconf 80' lang='lat' dir='ltr'><strong>Venusiuum,</strong></span> <span class='ocrx_word' id='word_1_462' title='bbox 2599 2641 2954 2712; x_wconf 88' lang='lat' dir='ltr'><strong>presbyteros</strong></span> <span class='ocrx_word' id='word_1_463' title='bbox 2975 2639 3140 2694; x_wconf 89' lang='lat' dir='ltr'><strong>etiam</strong></span> <span class='ocrx_word' id='word_1_464' title='bbox 3163 2639 3324 2704; x_wconf 89' lang='lat' dir='ltr'><strong>duos,</strong></span> <span class='ocrx_word' id='word_1_465' title='bbox 3357 2639 3463 2694; x_wconf 84' lang='lat' dir='ltr'><strong>Ba-</strong></span> 
     </span>
    </p>
   </div>
   <div class='ocr_carea' id='block_1_71' title="bbox 1894 2729 3463 2797">
    <p class='ocr_par' dir='ltr' id='par_1_71' title="bbox 1894 2729 3463 2797">
     <span class='ocr_line' id='line_1_71' title="bbox 1894 2729 3463 2797; baseline -0.003 -9"><span class='ocrx_word' id='word_1_466' title='bbox 1894 2735 2078 2789; x_wconf 88' lang='lat' dir='ltr'><strong>silium</strong></span> <span class='ocrx_word' id='word_1_467' title='bbox 2101 2744 2155 2790; x_wconf 89' lang='lat' dir='ltr'><strong>et</strong></span> <span class='ocrx_word' id='word_1_468' title='bbox 2181 2734 2520 2790; x_wconf 87' lang='lat' dir='ltr'><strong>Senatorem.</strong></span> <span class='ocrx_word' id='word_1_469' title='bbox 2546 2733 2751 2788; x_wconf 81' lang='lat' dir='ltr'><strong>Direxit</strong></span> <span class='ocrx_word' id='word_1_470' title='bbox 2769 2746 2925 2797; x_wconf 88' lang='lat' dir='ltr'><strong>vero,</strong></span> <span class='ocrx_word' id='word_1_471' title='bbox 2946 2739 3007 2785; x_wconf 88' lang='lat' dir='ltr'><strong>ut</strong></span> <span class='ocrx_word' id='word_1_472' title='bbox 3029 2730 3263 2785; x_wconf 89' lang='lat' dir='ltr'><strong>Anatolii</strong></span> <span class='ocrx_word' id='word_1_473' title='bbox 3303 2729 3463 2785; x_wconf 83' lang='lat' dir='ltr'><strong>fidem</strong></span> 
     </span>
    </p>
   </div>
   <div class='ocr_carea' id='block_1_72' title="bbox 1895 2821 3465 2897">
    <p class='ocr_par' dir='ltr' id='par_1_72' title="bbox 1895 2821 3465 2897">
     <span class='ocr_line' id='line_1_72' title="bbox 1895 2821 3465 2897; baseline -0.004 -16"><span class='ocrx_word' id='word_1_474' title='bbox 1895 2827 2230 2897; x_wconf 85' lang='lat' dir='ltr'><strong>probarent;</strong></span> <span class='ocrx_word' id='word_1_475' title='bbox 2262 2836 2382 2881; x_wconf 84' lang='lat' dir='ltr'><strong>erat</strong></span> <span class='ocrx_word' id='word_1_476' title='bbox 2401 2825 2546 2880; x_wconf 89' lang='lat' dir='ltr'><strong>enim</strong></span> <span class='ocrx_word' id='word_1_477' title='bbox 2571 2823 2770 2879; x_wconf 86' lang='lat' dir='ltr'><strong>merito</strong></span> <span class='ocrx_word' id='word_1_478' title='bbox 2797 2829 3071 2893; x_wconf 87' lang='lat' dir='ltr'><strong>suspecta,</strong></span> <span class='ocrx_word' id='word_1_479' title='bbox 3101 2821 3369 2891; x_wconf 90' lang='lat' dir='ltr'><strong>siquidem</strong></span> <span class='ocrx_word' id='word_1_480' title='bbox 3398 2838 3465 2876; x_wconf 72' lang='lat' dir='ltr'><strong>ex</strong></span> 
     </span>
    </p>
   </div>
   <div class='ocr_carea' id='block_1_73' title="bbox 1896 2909 3469 2986">
    <p class='ocr_par' dir='ltr' id='par_1_73' title="bbox 1896 2909 3469 2986">
     <span class='ocr_line' id='line_1_73' title="bbox 1896 2909 3469 2986; baseline -0.003 -15"><span class='ocrx_word' id='word_1_481' title='bbox 1896 2915 2254 2986; x_wconf 80' lang='lat' dir='ltr'><strong>spoerisiario</strong></span> <span class='ocrx_word' id='word_1_482' title='bbox 2293 2914 2538 2970; x_wconf 90' lang='lat' dir='ltr'><strong>Dioscori</strong></span> <span class='ocrx_word' id='word_1_483' title='bbox 2568 2910 3187 2982; x_wconf 84' lang='lat' dir='ltr'><strong>Constantinopolitanae</strong></span> <span class='ocrx_word' id='word_1_484' title='bbox 3210 2909 3469 2967; x_wconf 78' lang='lat' dir='ltr'><strong>Ecclesia:</strong></span> 
     </span>
    </p>
   </div>
   <div class='ocr_carea' id='block_1_74' title="bbox 1896 3004 2602 3060">
    <p class='ocr_par' dir='ltr' id='par_1_74' title="bbox 1896 3004 2602 3060">
     <span class='ocr_line' id='line_1_74' title="bbox 1896 3004 2602 3060; baseline -0.003 0"><span class='ocrx_word' id='word_1_485' title='bbox 1896 3005 2126 3060; x_wconf 84' lang='lat' dir='ltr'><strong>antistes</strong></span> <span class='ocrx_word' id='word_1_486' title='bbox 2154 3012 2370 3059; x_wconf 87' lang='lat' dir='ltr'><strong>creatus</strong></span> <span class='ocrx_word' id='word_1_487' title='bbox 2407 3004 2602 3059; x_wconf 87' lang='lat' dir='ltr'><strong>fuerat.</strong></span> 
     </span>
    </p>
   </div>
   <div class='ocr_carea' id='block_1_75' title="bbox 1971 3090 3470 3165">
    <p class='ocr_par' dir='ltr' id='par_1_75' title="bbox 1971 3090 3470 3165">
     <span class='ocr_line' id='line_1_75' title="bbox 1971 3090 3470 3165; baseline -0.002 -15"><span class='ocrx_word' id='word_1_488' title='bbox 1971 3097 2059 3153; x_wconf 82' lang='lat' dir='ltr'><strong>IV.</strong></span> <span class='ocrx_word' id='word_1_489' title='bbox 2092 3095 2279 3165; x_wconf 83' lang='lat' dir='ltr'><strong>Legati</strong></span> <span class='ocrx_word' id='word_1_490' title='bbox 2316 3096 2486 3150; x_wconf 82' lang='lat' dir='ltr'><strong>Roma</strong></span> <span class='ocrx_word' id='word_1_491' title='bbox 2520 3094 2674 3149; x_wconf 88' lang='lat' dir='ltr'><strong>missi</strong></span> <span class='ocrx_word' id='word_1_492' title='bbox 2729 3093 2819 3149; x_wconf 91' lang='lat' dir='ltr'><strong>die</strong></span> <span class='ocrx_word' id='word_1_493' title='bbox 2864 3093 2931 3148; x_wconf 74' lang='grc'>16</span> <span class='ocrx_word' id='word_1_494' title='bbox 2968 3090 3098 3148; x_wconf 81' lang='lat' dir='ltr'><strong>Julii</strong></span> <span class='ocrx_word' id='word_1_495' title='bbox 3138 3093 3470 3163; x_wconf 88' lang='lat' dir='ltr'><strong>appulerunt</strong></span> 
     </span>
    </p>
   </div>
   <div class='ocr_carea' id='block_1_76' title="bbox 1898 3180 3471 3252">
    <p class='ocr_par' dir='ltr' id='par_1_76' title="bbox 1898 3180 3471 3252">
     <span class='ocr_line' id='line_1_76' title="bbox 1898 3180 3471 3252; baseline -0.002 -14"><span class='ocrx_word' id='word_1_496' title='bbox 1898 3182 2425 3252; x_wconf 90' lang='lat' dir='ltr'><strong>Constantinopolim</strong></span> <span class='ocrx_word' id='word_1_497' title='bbox 2442 3182 2686 3237; x_wconf 90' lang='lat' dir='ltr'><strong>nondum</strong></span> <span class='ocrx_word' id='word_1_498' title='bbox 2704 3180 2963 3236; x_wconf 81' lang='lat' dir='ltr'><strong>defuncto</strong></span> <span class='ocrx_word' id='word_1_499' title='bbox 2982 3180 3291 3236; x_wconf 89' lang='lat' dir='ltr'><strong>Theodosio</strong></span> <span class='ocrx_word' id='word_1_500' title='bbox 3306 3201 3317 3236; x_wconf 88' lang='lat'><strong>:</strong></span> <span class='ocrx_word' id='word_1_501' title='bbox 3332 3182 3471 3237; x_wconf 87' lang='lat' dir='ltr'><strong>obiit</strong></span> 
     </span>
    </p>
   </div>
   <div class='ocr_carea' id='block_1_77' title="bbox 1899 3272 3471 3343">
    <p class='ocr_par' dir='ltr' id='par_1_77' title="bbox 1899 3272 3471 3343">
     <span class='ocr_line' id='line_1_77' title="bbox 1899 3272 3471 3343; baseline 0 -15"><span class='ocrx_word' id='word_1_502' title='bbox 1899 3273 2047 3328; x_wconf 91' lang='lat' dir='ltr'><strong>enim</strong></span> <span class='ocrx_word' id='word_1_503' title='bbox 2077 3272 2164 3327; x_wconf 89' lang='lat' dir='ltr'><strong>die</strong></span> <span class='ocrx_word' id='word_1_504' title='bbox 2209 3273 2279 3327; x_wconf 76' lang='lat'><strong>29</strong></span> <span class='ocrx_word' id='word_1_505' title='bbox 2338 3273 2583 3343; x_wconf 89' lang='lat' dir='ltr'><strong>ejusdem</strong></span> <span class='ocrx_word' id='word_1_506' title='bbox 2633 3272 2837 3327; x_wconf 89' lang='lat' dir='ltr'><strong>mensis</strong></span> <span class='ocrx_word' id='word_1_507' title='bbox 2870 3272 3164 3342; x_wconf 87' lang='lat' dir='ltr'><strong>:uactique</strong></span> <span class='ocrx_word' id='word_1_508' title='bbox 3213 3272 3471 3329; x_wconf 81' lang='lat' dir='ltr'><strong>Marciani</strong></span> 
     </span>
    </p>
   </div>
   <div class='ocr_carea' id='block_1_78' title="bbox 1903 3362 3468 3436">
    <p class='ocr_par' dir='ltr' id='par_1_78' title="bbox 1903 3362 3468 3436">
     <span class='ocr_line' id='line_1_78' title="bbox 1903 3362 3468 3436; baseline 0.001 -18"><span class='ocrx_word' id='word_1_509' title='bbox 1903 3364 2253 3436; x_wconf 88' lang='lat' dir='ltr'><strong>imperatoris</strong></span> <span class='ocrx_word' id='word_1_510' title='bbox 2280 3372 2336 3419; x_wconf 90' lang='lat' dir='ltr'><strong>et</strong></span> <span class='ocrx_word' id='word_1_511' title='bbox 2361 3364 2664 3420; x_wconf 61' lang='lat' dir='ltr'><strong>Pulcherim</strong></span> <span class='ocrx_word' id='word_1_512' title='bbox 2694 3364 2951 3435; x_wconf 68' lang='lat' dir='ltr'><strong>Augusta:</strong></span> <span class='ocrx_word' id='word_1_513' title='bbox 2995 3362 3182 3419; x_wconf 83' lang='lat' dir='ltr'><strong>faciles</strong></span> <span class='ocrx_word' id='word_1_514' title='bbox 3236 3365 3468 3426; x_wconf 87' lang='lat' dir='ltr'><strong>animos,</strong></span> 
     </span>
    </p>
   </div>
   <div class='ocr_carea' id='block_1_79' title="bbox 1901 3456 3472 3529">
    <p class='ocr_par' dir='ltr' id='par_1_79' title="bbox 1901 3456 3472 3529">
     <span class='ocr_line' id='line_1_79' title="bbox 1901 3456 3472 3529; baseline -0.003 -16"><span class='ocrx_word' id='word_1_515' title='bbox 1901 3473 2009 3513; x_wconf 90' lang='lat' dir='ltr'><strong>non</strong></span> <span class='ocrx_word' id='word_1_516' title='bbox 2037 3472 2232 3529; x_wconf 88' lang='lat' dir='ltr'><strong>magno</strong></span> <span class='ocrx_word' id='word_1_517' title='bbox 2255 3457 2477 3529; x_wconf 87' lang='lat' dir='ltr'><strong>negotio</strong></span> <span class='ocrx_word' id='word_1_518' title='bbox 2507 3458 2870 3512; x_wconf 87' lang='lat' dir='ltr'><strong>obtinuerunt</strong></span> <span class='ocrx_word' id='word_1_519' title='bbox 2916 3463 2977 3510; x_wconf 90' lang='lat' dir='ltr'><strong>ut</strong></span> <span class='ocrx_word' id='word_1_520' title='bbox 3021 3456 3306 3511; x_wconf 88' lang='lat' dir='ltr'><strong>Anatolius</strong></span> <span class='ocrx_word' id='word_1_521' title='bbox 3352 3458 3472 3527; x_wconf 87' lang='lat' dir='ltr'><strong>epi-</strong></span> 
     </span>
    </p>
   </div>
   <div class='ocr_carea' id='block_1_80' title="bbox 1902 3547 3474 3618">
    <p class='ocr_par' dir='ltr' id='par_1_80' title="bbox 1902 3547 3474 3618">
     <span class='ocr_line' id='line_1_80' title="bbox 1902 3547 3474 3618; baseline -0.001 -14"><span class='ocrx_word' id='word_1_522' title='bbox 1902 3549 2097 3605; x_wconf 87' lang='lat' dir='ltr'><strong>stolam</strong></span> <span class='ocrx_word' id='word_1_523' title='bbox 2144 3549 2347 3605; x_wconf 85' lang='lat' dir='ltr'><strong>Leonis</strong></span> <span class='ocrx_word' id='word_1_524' title='bbox 2400 3548 2470 3604; x_wconf 89' lang='lat' dir='ltr'><strong>ad</strong></span> <span class='ocrx_word' id='word_1_525' title='bbox 2507 3548 2825 3604; x_wconf 87' lang='lat' dir='ltr'><strong>Flavianum</strong></span> <span class='ocrx_word' id='word_1_526' title='bbox 2873 3547 3166 3618; x_wconf 88' lang='lat' dir='ltr'><strong>reciperet,</strong></span> <span class='ocrx_word' id='word_1_527' title='bbox 3202 3555 3258 3602; x_wconf 90' lang='lat' dir='ltr'><strong>et</strong></span> <span class='ocrx_word' id='word_1_528' title='bbox 3285 3556 3474 3603; x_wconf 86' lang='lat' dir='ltr'><strong>coacta</strong></span> 
     </span>
    </p>
   </div>
   <div class='ocr_carea' id='block_1_81' title="bbox 1902 3639 3479 3714">
    <p class='ocr_par' dir='ltr' id='par_1_81' title="bbox 1902 3639 3479 3714">
     <span class='ocr_line' id='line_1_81' title="bbox 1902 3639 3479 3714; baseline -0.001 -18"><span class='ocrx_word' id='word_1_529' title='bbox 1902 3641 2110 3713; x_wconf 81' lang='lat' dir='ltr'><strong>synodo</strong></span> <span class='ocrx_word' id='word_1_530' title='bbox 2151 3640 2481 3714; x_wconf 80' lang='grc' dir='ltr'><strong>ὲνδημούσῃ,</strong></span> <span class='ocrx_word' id='word_1_531' title='bbox 2520 3640 2589 3696; x_wconf 91' lang='lat' dir='ltr'><strong>ab</strong></span> <span class='ocrx_word' id='word_1_532' title='bbox 2617 3641 2740 3696; x_wconf 86' lang='lat' dir='ltr'><strong>aliis</strong></span> <span class='ocrx_word' id='word_1_533' title='bbox 2786 3649 2899 3695; x_wconf 87' lang='lat' dir='ltr'><strong>tum</strong></span> <span class='ocrx_word' id='word_1_534' title='bbox 2949 3639 3222 3710; x_wconf 83' lang='lat' dir='ltr'><strong>episcopis</strong></span> <span class='ocrx_word' id='word_1_535' title='bbox 3276 3639 3333 3694; x_wconf 89' lang='lat' dir='ltr'><strong>in</strong></span> <span class='ocrx_word' id='word_1_536' title='bbox 3382 3655 3479 3695; x_wconf 82' lang='lat' dir='ltr'><strong>co-</strong></span> 
     </span>
    </p>
   </div>
   <div class='ocr_carea' id='block_1_82' title="bbox 1902 3726 3476 3797">
    <p class='ocr_par' dir='ltr' id='par_1_82' title="bbox 1902 3726 3476 3797">
     <span class='ocr_line' id='line_1_82' title="bbox 1902 3726 3476 3797; baseline -0.003 -10"><span class='ocrx_word' id='word_1_537' title='bbox 1902 3731 2099 3787; x_wconf 89' lang='lat' dir='ltr'><strong>mitatu</strong></span> <span class='ocrx_word' id='word_1_538' title='bbox 2144 3730 2558 3795; x_wconf 67' lang='lat' dir='ltr'><strong>easistentibus,</strong></span> <span class='ocrx_word' id='word_1_539' title='bbox 2602 3738 2718 3784; x_wconf 89' lang='lat' dir='ltr'><strong>tum</strong></span> <span class='ocrx_word' id='word_1_540' title='bbox 2785 3726 3235 3783; x_wconf 89' lang='lat' dir='ltr'><strong>archimandritis</strong></span> <span class='ocrx_word' id='word_1_541' title='bbox 3259 3735 3318 3782; x_wconf 92' lang='lat' dir='ltr'><strong>et</strong></span> <span class='ocrx_word' id='word_1_542' title='bbox 3352 3743 3476 3797; x_wconf 85' lang='lat' dir='ltr'><strong>pre-</strong></span> 
     </span>
    </p>
   </div>
   <div class='ocr_carea' id='block_1_83' title="bbox 1904 3818 3165 3893">
    <p class='ocr_par' dir='ltr' id='par_1_83' title="bbox 1904 3818 3165 3893">
     <span class='ocr_line' id='line_1_83' title="bbox 1904 3818 3165 3893; baseline -0.004 -17"><span class='ocrx_word' id='word_1_543' title='bbox 1904 3818 2140 3893; x_wconf 82' lang='lat' dir='ltr'><strong>sbyteris</strong></span> <span class='ocrx_word' id='word_1_544' title='bbox 2162 3821 2318 3876; x_wconf 90' lang='lat' dir='ltr'><strong>urbis</strong></span> <span class='ocrx_word' id='word_1_545' title='bbox 2341 3821 2506 3890; x_wconf 71' lang='lat' dir='ltr'><strong>regia:</strong></span> <span class='ocrx_word' id='word_1_546' title='bbox 2528 3818 2901 3889; x_wconf 89' lang='lat' dir='ltr'><strong>recipiendam</strong></span> <span class='ocrx_word' id='word_1_547' title='bbox 2928 3826 3165 3873; x_wconf 89' lang='lat' dir='ltr'><strong>curaret.</strong></span> 
     </span>
    </p>
   </div>
   <div class='ocr_carea' id='block_1_84' title="bbox 1974 3905 3477 3979">
    <p class='ocr_par' dir='ltr' id='par_1_84' title="bbox 1974 3905 3477 3979">
     <span class='ocr_line' id='line_1_84' title="bbox 1974 3905 3477 3979; baseline -0.004 -14"><span class='ocrx_word' id='word_1_548' title='bbox 1974 3909 2037 3966; x_wconf 70' lang='grc' dir='ltr'><strong>ν.</strong></span> <span class='ocrx_word' id='word_1_549' title='bbox 2077 3909 2220 3976; x_wconf 87' lang='lat' dir='ltr'><strong>Quin</strong></span> <span class='ocrx_word' id='word_1_550' title='bbox 2248 3908 2476 3979; x_wconf 84' lang='lat' dir='ltr'><strong>epistola</strong></span> <span class='ocrx_word' id='word_1_551' title='bbox 2515 3908 2632 3962; x_wconf 68' lang='lat' dir='ltr'><strong>haec</strong></span> <span class='ocrx_word' id='word_1_552' title='bbox 2655 3907 2889 3978; x_wconf 86' lang='lat' dir='ltr'><strong>genuina</strong></span> <span class='ocrx_word' id='word_1_553' title='bbox 2918 3907 3010 3971; x_wconf 89' lang='lat' dir='ltr'><strong>sit,</strong></span> <span class='ocrx_word' id='word_1_554' title='bbox 3042 3920 3204 3960; x_wconf 85' lang='lat' dir='ltr'><strong>nemo</strong></span> <span class='ocrx_word' id='word_1_555' title='bbox 3234 3905 3477 3977; x_wconf 82' lang='lat' dir='ltr'><strong>pruden-</strong></span> 
     </span>
    </p>
   </div>
   <div class='ocr_carea' id='block_1_85' title="bbox 1909 3997 3480 4067">
    <p class='ocr_par' dir='ltr' id='par_1_85' title="bbox 1909 3997 3480 4067">
     <span class='ocr_line' id='line_1_85' title="bbox 1909 3997 3480 4067; baseline -0.003 -12"><span class='ocrx_word' id='word_1_556' title='bbox 1909 4009 1992 4056; x_wconf 92' lang='lat' dir='ltr'><strong>ter</strong></span> <span class='ocrx_word' id='word_1_557' title='bbox 2035 4001 2294 4056; x_wconf 87' lang='lat' dir='ltr'><strong>dubitet:</strong></span> <span class='ocrx_word' id='word_1_558' title='bbox 2337 4006 2605 4055; x_wconf 88' lang='lat' dir='ltr'><strong>consonat</strong></span> <span class='ocrx_word' id='word_1_559' title='bbox 2641 3997 2788 4052; x_wconf 88' lang='lat' dir='ltr'><strong>enim</strong></span> <span class='ocrx_word' id='word_1_560' title='bbox 2834 4012 2959 4052; x_wconf 91' lang='lat' dir='ltr'><strong>cum</strong></span> <span class='ocrx_word' id='word_1_561' title='bbox 3007 3997 3235 4053; x_wconf 90' lang='lat' dir='ltr'><strong>historia</strong></span> <span class='ocrx_word' id='word_1_562' title='bbox 3272 4007 3480 4067; x_wconf 85' lang='lat' dir='ltr'><strong>tempo-</strong></span> 
     </span>
    </p>
   </div>
   <div class='ocr_carea' id='block_1_86' title="bbox 1906 4087 3477 4158">
    <p class='ocr_par' dir='ltr' id='par_1_86' title="bbox 1906 4087 3477 4158">
     <span class='ocr_line' id='line_1_86' title="bbox 1906 4087 3477 4158; baseline -0.004 -11"><span class='ocrx_word' id='word_1_563' title='bbox 1906 4108 2050 4157; x_wconf 91' lang='lat' dir='ltr'><strong>rum,</strong></span> <span class='ocrx_word' id='word_1_564' title='bbox 2101 4091 2305 4146; x_wconf 90' lang='lat' dir='ltr'><strong>litteris</strong></span> <span class='ocrx_word' id='word_1_565' title='bbox 2354 4089 2529 4146; x_wconf 88' lang='lat' dir='ltr'><strong>sancti</strong></span> <span class='ocrx_word' id='word_1_566' title='bbox 2570 4088 2790 4153; x_wconf 90' lang='lat' dir='ltr'><strong>Leonis,</strong></span> <span class='ocrx_word' id='word_1_567' title='bbox 2815 4096 2872 4143; x_wconf 92' lang='lat' dir='ltr'><strong>et</strong></span> <span class='ocrx_word' id='word_1_568' title='bbox 2897 4088 3127 4158; x_wconf 89' lang='lat' dir='ltr'><strong>epistola</strong></span> <span class='ocrx_word' id='word_1_569' title='bbox 3164 4087 3262 4142; x_wconf 80' lang='grc'><strong>107</strong></span> <span class='ocrx_word' id='word_1_570' title='bbox 3294 4088 3477 4143; x_wconf 78' lang='lat' dir='ltr'><strong>Theo-</strong></span> 
     </span>
    </p>
   </div>
   <div class='ocr_carea' id='block_1_87' title="bbox 1907 4180 3475 4254">
    <p class='ocr_par' dir='ltr' id='par_1_87' title="bbox 1907 4180 3475 4254">
     <span class='ocr_line' id='line_1_87' title="bbox 1907 4180 3475 4254; baseline -0.003 -15"><span class='ocrx_word' id='word_1_571' title='bbox 1907 4183 2105 4248; x_wconf 88' lang='lat' dir='ltr'><strong>doreti,</strong></span> <span class='ocrx_word' id='word_1_572' title='bbox 2158 4185 2173 4204; x_wconf 84' lang='lat'><strong><em>‘</em></strong></span> <span class='ocrx_word' id='word_1_573' title='bbox 2224 4198 2389 4254; x_wconf 89' lang='lat' dir='ltr'><strong>quam</strong></span> <span class='ocrx_word' id='word_1_574' title='bbox 2448 4181 2536 4237; x_wconf 90' lang='lat' dir='ltr'><strong>vel</strong></span> <span class='ocrx_word' id='word_1_575' title='bbox 2582 4180 2648 4235; x_wconf 92' lang='lat' dir='ltr'><strong>ad</strong></span> <span class='ocrx_word' id='word_1_576' title='bbox 2696 4180 3002 4236; x_wconf 79' lang='lat' dir='ltr'><strong>Romanum</strong></span> <span class='ocrx_word' id='word_1_577' title='bbox 3032 4180 3263 4247; x_wconf 89' lang='lat' dir='ltr'><strong>clerum,</strong></span> <span class='ocrx_word' id='word_1_578' title='bbox 3292 4182 3378 4235; x_wconf 87' lang='lat' dir='ltr'><strong>vel</strong></span> <span class='ocrx_word' id='word_1_579' title='bbox 3407 4182 3475 4235; x_wconf 88' lang='lat' dir='ltr'><strong>ad</strong></span> 
     </span>
    </p>
   </div>
   <div class='ocr_carea' id='block_1_88' title="bbox 1906 4272 3482 4344">
    <p class='ocr_par' dir='ltr' id='par_1_88' title="bbox 1906 4272 3482 4344">
     <span class='ocr_line' id='line_1_88' title="bbox 1906 4272 3482 4344; baseline -0.001 -15"><span class='ocrx_word' id='word_1_580' title='bbox 1906 4273 2310 4329; x_wconf 90' lang='lat' dir='ltr'><strong>Oecidcntalem</strong></span> <span class='ocrx_word' id='word_1_581' title='bbox 2342 4274 2525 4344; x_wconf 90' lang='lat' dir='ltr'><strong>potius</strong></span> <span class='ocrx_word' id='word_1_582' title='bbox 2554 4272 2821 4344; x_wconf 86' lang='lat' dir='ltr'><strong>synodum</strong></span> <span class='ocrx_word' id='word_1_583' title='bbox 2840 4272 3097 4342; x_wconf 90' lang='lat' dir='ltr'><strong>scriptam</strong></span> <span class='ocrx_word' id='word_1_584' title='bbox 3113 4272 3282 4328; x_wconf 87' lang='lat' dir='ltr'><strong>fuisse</strong></span> <span class='ocrx_word' id='word_1_585' title='bbox 3298 4281 3482 4327; x_wconf 84' lang='lat' dir='ltr'><strong>osten-</strong></span> 
     </span>
    </p>
   </div>
   <div class='ocr_carea' id='block_1_89' title="bbox 1910 4365 2357 4421">
    <p class='ocr_par' dir='ltr' id='par_1_89' title="bbox 1910 4365 2357 4421">
     <span class='ocr_line' id='line_1_89' title="bbox 1910 4365 2357 4421; baseline -0.004 -1"><span class='ocrx_word' id='word_1_586' title='bbox 1910 4365 2102 4420; x_wconf 87' lang='lat' dir='ltr'><strong>demus</strong></span> <span class='ocrx_word' id='word_1_587' title='bbox 2130 4365 2184 4419; x_wconf 92' lang='lat' dir='ltr'><strong>in</strong></span> <span class='ocrx_word' id='word_1_588' title='bbox 2216 4367 2357 4421; x_wconf 90' lang='lat' dir='ltr'><strong>loco.</strong></span> 
     </span>
    </p>
   </div>
   <div class='ocr_carea' id='block_1_90' title="bbox 251 4447 3476 4520">
    <p class='ocr_par' dir='ltr' id='par_1_90' title="bbox 251 4447 3476 4520">
     <span class='ocr_line' id='line_1_90' title="bbox 251 4447 3476 4520; baseline -0.002 -12"><span class='ocrx_word' id='word_1_589' title='bbox 251 4455 395 4512; x_wconf 83' lang='lat' dir='ltr'><strong>habet</strong></span> <span class='ocrx_word' id='word_1_590' title='bbox 439 4456 734 4512; x_wconf 88' lang='lat' dir='ltr'><strong>silentium</strong></span> <span class='ocrx_word' id='word_1_591' title='bbox 769 4471 781 4507; x_wconf 88' lang='lat'>:</span> <span class='ocrx_word' id='word_1_592' title='bbox 820 4451 1028 4507; x_wconf 89' lang='lat' dir='ltr'><strong>nudata</strong></span> <span class='ocrx_word' id='word_1_593' title='bbox 1059 4450 1206 4506; x_wconf 89' lang='lat' dir='ltr'><strong>enim</strong></span> <span class='ocrx_word' id='word_1_594' title='bbox 1233 4449 1382 4503; x_wconf 90' lang='lat' dir='ltr'><strong>illius</strong></span> <span class='ocrx_word' id='word_1_595' title='bbox 1412 4448 1553 4503; x_wconf 90' lang='lat' dir='ltr'><strong>facta</strong></span> <span class='ocrx_word' id='word_1_596' title='bbox 1586 4447 1806 4517; x_wconf 87' lang='lat' dir='ltr'><strong>alligant</strong></span> <span class='ocrx_word' id='word_1_597' title='bbox 1838 4466 1881 4520; x_wconf 74' lang='grc' dir='ltr'>ο</span> <span class='ocrx_word' id='word_1_598' title='bbox 1983 4456 2068 4511; x_wconf 70' lang='grc' dir='ltr'><strong>γι,</strong></span> <span class='ocrx_word' id='word_1_599' title='bbox 2122 4456 2500 4511; x_wconf 72' lang='grc' dir='ltr'><strong>Τιιεοάοιιειυε</strong></span> <span class='ocrx_word' id='word_1_600' title='bbox 2548 4454 2654 4510; x_wconf 85' lang='lat' dir='ltr'><strong>sibi</strong></span> <span class='ocrx_word' id='word_1_601' title='bbox 2711 4454 2841 4510; x_wconf 76' lang='lat' dir='ltr'><strong>fecit,</strong></span> <span class='ocrx_word' id='word_1_602' title='bbox 2894 4470 3114 4510; x_wconf 79' lang='lat' dir='ltr'><strong>causam</strong></span> <span class='ocrx_word' id='word_1_603' title='bbox 3166 4454 3476 4513; x_wconf 73' lang='lat' dir='ltr'><strong>scribendi,</strong></span> 
     </span>
    </p>
   </div>
   <div class='ocr_carea' id='block_1_91' title="bbox 250 4534 1810 4616">
    <p class='ocr_par' dir='ltr' id='par_1_91' title="bbox 250 4534 1810 4616">
     <span class='ocr_line' id='line_1_91' title="bbox 250 4534 1810 4616; baseline -0.005 -19"><span class='ocrx_word' id='word_1_604' title='bbox 250 4545 488 4616; x_wconf 81' lang='lat' dir='ltr'><strong>linguam,</strong></span> <span class='ocrx_word' id='word_1_605' title='bbox 548 4546 860 4601; x_wconf 84' lang='lat' dir='ltr'><strong>obstruunt</strong></span> <span class='ocrx_word' id='word_1_606' title='bbox 884 4557 968 4607; x_wconf 93' lang='lat' dir='ltr'><strong>os,</strong></span> <span class='ocrx_word' id='word_1_607' title='bbox 1010 4539 1227 4595; x_wconf 82' lang='lat' dir='ltr'><strong>frenant</strong></span> <span class='ocrx_word' id='word_1_608' title='bbox 1251 4554 1494 4601; x_wconf 89' lang='lat' dir='ltr'><strong>sensum,</strong></span> <span class='ocrx_word' id='word_1_609' title='bbox 1534 4537 1693 4591; x_wconf 88' lang='lat' dir='ltr'><strong>silere</strong></span> <span class='ocrx_word' id='word_1_610' title='bbox 1727 4534 1810 4590; x_wconf 84' lang='lat' dir='ltr'><strong>fa-</strong></span> 
     </span>
    </p>
   </div>
   <div class='ocr_carea' id='block_1_92' title="bbox 249 4626 1808 4704">
    <p class='ocr_par' dir='ltr' id='par_1_92' title="bbox 249 4626 1808 4704">
     <span class='ocr_line' id='line_1_92' title="bbox 249 4626 1808 4704; baseline -0.005 -15"><span class='ocrx_word' id='word_1_611' title='bbox 249 4636 400 4701; x_wconf 89' lang='lat' dir='ltr'><strong>ciunt,</strong></span> <span class='ocrx_word' id='word_1_612' title='bbox 434 4639 490 4693; x_wconf 89' lang='lat' dir='ltr'><strong>in</strong></span> <span class='ocrx_word' id='word_1_613' title='bbox 516 4647 736 4693; x_wconf 88' lang='lat' dir='ltr'><strong>terram</strong></span> <span class='ocrx_word' id='word_1_614' title='bbox 758 4634 1027 4690; x_wconf 85' lang='lat' dir='ltr'><strong>inclinare</strong></span> <span class='ocrx_word' id='word_1_615' title='bbox 1050 4641 1270 4704; x_wconf 87' lang='lat' dir='ltr'><strong>cogunt.</strong></span> <span class='ocrx_word' id='word_1_616' title='bbox 1299 4650 1317 4682; x_wconf 78' lang='grc' dir='ltr'><strong><em>ι</em></strong></span> <span class='ocrx_word' id='word_1_617' title='bbox 1346 4629 1619 4684; x_wconf 90' lang='lat' dir='ltr'><strong>Alluditur</strong></span> <span class='ocrx_word' id='word_1_618' title='bbox 1638 4626 1808 4693; x_wconf 90' lang='lat' dir='ltr'><strong>enim,</strong></span> 
     </span>
    </p>
   </div>
   <div class='ocr_carea' id='block_1_93' title="bbox 250 4720 1813 4793">
    <p class='ocr_par' dir='ltr' id='par_1_93' title="bbox 250 4720 1813 4793">
     <span class='ocr_line' id='line_1_93' title="bbox 250 4720 1813 4793; baseline -0.006 -14"><span class='ocrx_word' id='word_1_619' title='bbox 250 4733 348 4780; x_wconf 87' lang='lat' dir='ltr'><strong>tum</strong></span> <span class='ocrx_word' id='word_1_620' title='bbox 398 4728 463 4782; x_wconf 90' lang='lat' dir='ltr'><strong>ad</strong></span> <span class='ocrx_word' id='word_1_621' title='bbox 513 4724 957 4783; x_wconf 87' lang='lat' dir='ltr'><strong>denudationem</strong></span> <span class='ocrx_word' id='word_1_622' title='bbox 1011 4720 1407 4793; x_wconf 77' lang='lat' dir='ltr'><strong>Megapcnthis,</strong></span> <span class='ocrx_word' id='word_1_623' title='bbox 1458 4734 1566 4788; x_wconf 89' lang='lat' dir='ltr'><strong>quo</strong></span> <span class='ocrx_word' id='word_1_624' title='bbox 1593 4726 1813 4788; x_wconf 84' lang='lat' dir='ltr'><strong>pateant</strong></span> 
     </span>
    </p>
   </div>
   <div class='ocr_carea' id='block_1_94' title="bbox 252 4810 1816 4885">
    <p class='ocr_par' dir='ltr' id='par_1_94' title="bbox 252 4810 1816 4885">
     <span class='ocr_line' id='line_1_94' title="bbox 252 4810 1816 4885; baseline -0.004 -17"><span class='ocrx_word' id='word_1_625' title='bbox 252 4816 403 4885; x_wconf 89' lang='lat' dir='ltr'><strong>ipsius</strong></span> <span class='ocrx_word' id='word_1_626' title='bbox 452 4818 595 4873; x_wconf 87' lang='lat' dir='ltr'><strong>facta</strong></span> <span class='ocrx_word' id='word_1_627' title='bbox 625 4834 642 4883; x_wconf 89' lang='lat'><strong>;</strong></span> <span class='ocrx_word' id='word_1_628' title='bbox 696 4823 814 4870; x_wconf 90' lang='lat' dir='ltr'><strong>tum</strong></span> <span class='ocrx_word' id='word_1_629' title='bbox 853 4814 921 4870; x_wconf 92' lang='lat' dir='ltr'><strong>ad</strong></span> <span class='ocrx_word' id='word_1_630' title='bbox 949 4813 1194 4885; x_wconf 89' lang='lat' dir='ltr'><strong>ejusdem</strong></span> <span class='ocrx_word' id='word_1_631' title='bbox 1220 4810 1519 4876; x_wconf 90' lang='lat' dir='ltr'><strong>silentium,</strong></span> <span class='ocrx_word' id='word_1_632' title='bbox 1547 4826 1656 4880; x_wconf 82' lang='lat' dir='ltr'><strong>prae</strong></span> <span class='ocrx_word' id='word_1_633' title='bbox 1683 4825 1816 4862; x_wconf 79' lang='lat' dir='ltr'><strong>eon-</strong></span> 
     </span>
    </p>
   </div>
   <div class='ocr_carea' id='block_1_95' title="bbox 253 4902 1815 4975">
    <p class='ocr_par' dir='ltr' id='par_1_95' title="bbox 253 4902 1815 4975">
     <span class='ocr_line' id='line_1_95' title="bbox 253 4902 1815 4975; baseline -0.004 -15"><span class='ocrx_word' id='word_1_634' title='bbox 253 4909 472 4968; x_wconf 77' lang='lat' dir='ltr'><strong>scientiae</strong></span> <span class='ocrx_word' id='word_1_635' title='bbox 493 4906 847 4971; x_wconf 84' lang='lat' dir='ltr'><strong>testimonio,</strong></span> <span class='ocrx_word' id='word_1_636' title='bbox 871 4914 928 4961; x_wconf 91' lang='lat' dir='ltr'><strong>et</strong></span> <span class='ocrx_word' id='word_1_637' title='bbox 957 4905 1201 4975; x_wconf 82' lang='lat' dir='ltr'><strong>deiectos</strong></span> <span class='ocrx_word' id='word_1_638' title='bbox 1220 4902 1290 4957; x_wconf 90' lang='lat' dir='ltr'><strong>ob</strong></span> <span class='ocrx_word' id='word_1_639' title='bbox 1319 4902 1576 4956; x_wconf 89' lang='lat' dir='ltr'><strong>ruborem</strong></span> <span class='ocrx_word' id='word_1_640' title='bbox 1618 4902 1673 4955; x_wconf 91' lang='lat' dir='ltr'><strong>in</strong></span> <span class='ocrx_word' id='word_1_641' title='bbox 1708 4910 1815 4955; x_wconf 90' lang='lat' dir='ltr'><strong>ter-</strong></span> 
     </span>
    </p>
   </div>
   <div class='ocr_carea' id='block_1_96' title="bbox 253 5003 715 5066">
    <p class='ocr_par' dir='ltr' id='par_1_96' title="bbox 253 5003 715 5066">
     <span class='ocr_line' id='line_1_96' title="bbox 253 5003 715 5066; baseline 0 -13"><span class='ocrx_word' id='word_1_642' title='bbox 253 5014 347 5054; x_wconf 79' lang='lat' dir='ltr'><strong>ram</strong></span> <span class='ocrx_word' id='word_1_643' title='bbox 372 5003 577 5066; x_wconf 90' lang='lat' dir='ltr'><strong>oculos,</strong></span> <span class='ocrx_word' id='word_1_644' title='bbox 602 5009 715 5056; x_wconf 90' lang='lat' dir='ltr'><strong>etc.</strong></span> 
     </span>
    </p>
   </div>
   <div class='ocr_carea' id='block_1_97' title="bbox 310 5087 1810 5159">
    <p class='ocr_par' dir='ltr' id='par_1_97' title="bbox 310 5087 1810 5159">
     <span class='ocr_line' id='line_1_97' title="bbox 310 5087 1810 5159; baseline -0.008 -7"><span class='ocrx_word' id='word_1_645' title='bbox 310 5095 425 5152; x_wconf 61' lang='lat' dir='ltr'><strong>Iltcc</strong></span> <span class='ocrx_word' id='word_1_646' title='bbox 447 5113 581 5152; x_wconf 89' lang='lat' dir='ltr'><strong>vero</strong></span> <span class='ocrx_word' id='word_1_647' title='bbox 618 5095 812 5159; x_wconf 83' lang='lat' dir='ltr'><strong>verba,</strong></span> <span class='ocrx_word' id='word_1_648' title='bbox 872 5113 889 5144; x_wconf 72' lang='grc' dir='ltr'>ι</span> <span class='ocrx_word' id='word_1_649' title='bbox 917 5091 1146 5147; x_wconf 87' lang='lat' dir='ltr'><strong>Immisit</strong></span> <span class='ocrx_word' id='word_1_650' title='bbox 1179 5089 1367 5143; x_wconf 80' lang='lat' dir='ltr'><strong>fimum</strong></span> <span class='ocrx_word' id='word_1_651' title='bbox 1404 5087 1459 5141; x_wconf 89' lang='lat' dir='ltr'><strong>iu</strong></span> <span class='ocrx_word' id='word_1_652' title='bbox 1488 5102 1550 5141; x_wconf 84' lang='lat' dir='ltr'><strong>os</strong></span> <span class='ocrx_word' id='word_1_653' title='bbox 1580 5087 1717 5157; x_wconf 86' lang='lat' dir='ltr'><strong>ejus,</strong></span> <span class='ocrx_word' id='word_1_654' title='bbox 1752 5096 1810 5140; x_wconf 89' lang='lat' dir='ltr'><strong>et</strong></span> 
     </span>
    </p>
   </div>
   <div class='ocr_carea' id='block_1_98' title="bbox 253 5178 1808 5254">
    <p class='ocr_par' dir='ltr' id='par_1_98' title="bbox 253 5178 1808 5254">
     <span class='ocr_line' id='line_1_98' title="bbox 253 5178 1808 5254; baseline -0.003 -17"><span class='ocrx_word' id='word_1_655' title='bbox 253 5184 445 5241; x_wconf 87' lang='lat' dir='ltr'><strong>frenum</strong></span> <span class='ocrx_word' id='word_1_656' title='bbox 473 5187 720 5243; x_wconf 87' lang='lat' dir='ltr'><strong>inlabiis</strong></span> <span class='ocrx_word' id='word_1_657' title='bbox 745 5186 890 5254; x_wconf 88' lang='lat' dir='ltr'><strong>ejus,</strong></span> <span class='ocrx_word' id='word_1_658' title='bbox 928 5193 983 5238; x_wconf 89' lang='lat' dir='ltr'><strong>et</strong></span> <span class='ocrx_word' id='word_1_659' title='bbox 1005 5181 1275 5237; x_wconf 83' lang='lat' dir='ltr'><strong>convertit</strong></span> <span class='ocrx_word' id='word_1_660' title='bbox 1309 5195 1435 5234; x_wconf 91' lang='lat' dir='ltr'><strong>eum</strong></span> <span class='ocrx_word' id='word_1_661' title='bbox 1484 5178 1540 5232; x_wconf 89' lang='lat' dir='ltr'><strong>in</strong></span> <span class='ocrx_word' id='word_1_662' title='bbox 1583 5187 1808 5244; x_wconf 90' lang='lat' dir='ltr'><strong>terram,</strong></span> 
     </span>
    </p>
   </div>
   <div class='ocr_carea' id='block_1_99' title="bbox 254 5269 1811 5349">
    <p class='ocr_par' dir='ltr' id='par_1_99' title="bbox 254 5269 1811 5349">
     <span class='ocr_line' id='line_1_99' title="bbox 254 5269 1811 5349; baseline -0.003 -20"><span class='ocrx_word' id='word_1_663' title='bbox 254 5275 310 5331; x_wconf 88' lang='lat' dir='ltr'><strong>de</strong></span> <span class='ocrx_word' id='word_1_664' title='bbox 340 5294 440 5348; x_wconf 89' lang='lat' dir='ltr'><strong>qua</strong></span> <span class='ocrx_word' id='word_1_665' title='bbox 462 5286 721 5349; x_wconf 89' lang='lat' dir='ltr'><strong>sumptus</strong></span> <span class='ocrx_word' id='word_1_666' title='bbox 741 5286 851 5340; x_wconf 84' lang='lat' dir='ltr'><strong>est,</strong></span> <span class='ocrx_word' id='word_1_667' title='bbox 879 5295 896 5326; x_wconf 74' lang='grc' dir='ltr'><strong><em>ι</em></strong></span> <span class='ocrx_word' id='word_1_668' title='bbox 933 5274 1185 5328; x_wconf 88' lang='lat' dir='ltr'><strong>alludunt</strong></span> <span class='ocrx_word' id='word_1_669' title='bbox 1211 5272 1279 5327; x_wconf 91' lang='lat' dir='ltr'><strong>ad</strong></span> <span class='ocrx_word' id='word_1_670' title='bbox 1308 5271 1359 5326; x_wconf 91' lang='lat' dir='ltr'><strong>id</strong></span> <span class='ocrx_word' id='word_1_671' title='bbox 1387 5270 1533 5340; x_wconf 87' lang='lat' dir='ltr'><strong>quod</strong></span> <span class='ocrx_word' id='word_1_672' title='bbox 1557 5278 1640 5325; x_wconf 87' lang='lat' dir='ltr'><strong>est</strong></span> <span class='ocrx_word' id='word_1_673' title='bbox 1668 5269 1811 5339; x_wconf 86' lang='lat' dir='ltr'><strong>apud</strong></span> 
     </span>
    </p>
   </div>
   <div class='ocr_carea' id='block_1_100' title="bbox 255 5360 1816 5440">
    <p class='ocr_par' dir='ltr' id='par_1_100' title="bbox 255 5360 1816 5440">
     <span class='ocr_line' id='line_1_100' title="bbox 255 5360 1816 5440; baseline -0.003 -21"><span class='ocrx_word' id='word_1_674' title='bbox 255 5367 426 5424; x_wconf 86' lang='lat' dir='ltr'><strong>Isaiam</strong></span> <span class='ocrx_word' id='word_1_675' title='bbox 450 5386 574 5440; x_wconf 84' lang='lat' dir='ltr'><strong>cap.</strong></span> <span class='ocrx_word' id='word_1_676' title='bbox 612 5384 817 5427; x_wconf 76' lang='lat' dir='ltr'><strong>xxxvii,</strong></span> <span class='ocrx_word' id='word_1_677' title='bbox 847 5365 916 5420; x_wconf 62' lang='lat'><strong>29</strong></span> <span class='ocrx_word' id='word_1_678' title='bbox 949 5383 962 5419; x_wconf 90' lang='lat'><strong>:</strong></span> <span class='ocrx_word' id='word_1_679' title='bbox 1011 5363 1263 5431; x_wconf 77' lang='grc' dir='ltr'><strong>Ἑμεα).ὦ</strong></span> <span class='ocrx_word' id='word_1_680' title='bbox 1288 5361 1450 5432; x_wconf 68' lang='grc' dir='ltr'>φιμὸν</span> <span class='ocrx_word' id='word_1_681' title='bbox 1472 5363 1549 5423; x_wconf 83' lang='grc' dir='ltr'><strong>εἰς</strong></span> <span class='ocrx_word' id='word_1_682' title='bbox 1576 5360 1665 5414; x_wconf 72' lang='grc' dir='ltr'><strong>τὶν</strong></span> <span class='ocrx_word' id='word_1_683' title='bbox 1695 5361 1816 5430; x_wconf 76' lang='grc' dir='ltr'><strong>ῥῖνά</strong></span> 
     </span>
    </p>
   </div>
   <div class='ocr_carea' id='block_1_101' title="bbox 257 5452 1815 5532">
    <p class='ocr_par' dir='ltr' id='par_1_101' title="bbox 257 5452 1815 5532">
     <span class='ocr_line' id='line_1_101' title="bbox 257 5452 1815 5532; baseline -0.005 -19"><span class='ocrx_word' id='word_1_684' title='bbox 257 5473 359 5526; x_wconf 58' lang='grc' dir='ltr'><strong>σγα,</strong></span> <span class='ocrx_word' id='word_1_685' title='bbox 411 5462 504 5516; x_wconf 76' lang='grc' dir='ltr'><strong>καὶ</strong></span> <span class='ocrx_word' id='word_1_686' title='bbox 548 5460 772 5532; x_wconf 71' lang='grc' dir='ltr'><strong>χαλινὸν</strong></span> <span class='ocrx_word' id='word_1_687' title='bbox 824 5460 901 5521; x_wconf 79' lang='grc' dir='ltr'><strong>εἰς</strong></span> <span class='ocrx_word' id='word_1_688' title='bbox 926 5457 993 5510; x_wconf 78' lang='grc' dir='ltr'><strong>τὰ</strong></span> <span class='ocrx_word' id='word_1_689' title='bbox 1030 5456 1176 5526; x_wconf 78' lang='grc' dir='ltr'><strong>χείλη</strong></span> <span class='ocrx_word' id='word_1_690' title='bbox 1212 5471 1327 5518; x_wconf 77' lang='grc' dir='ltr'>σου,</span> <span class='ocrx_word' id='word_1_691' title='bbox 1365 5452 1459 5505; x_wconf 73' lang='grc' dir='ltr'>καὶ</span> <span class='ocrx_word' id='word_1_692' title='bbox 1487 5452 1815 5522; x_wconf 67' lang='grc' dir='ltr'><strong>ἀποστρέψω</strong></span> 
     </span>
    </p>
   </div>
   <div class='ocr_carea' id='block_1_102' title="bbox 260 5542 1813 5628">
    <p class='ocr_par' dir='ltr' id='par_1_102' title="bbox 260 5542 1813 5628">
     <span class='ocr_line' id='line_1_102' title="bbox 260 5542 1813 5628; baseline -0.005 -25"><span class='ocrx_word' id='word_1_693' title='bbox 260 5566 311 5604; x_wconf 80' lang='grc' dir='ltr'><strong>σε</strong></span> <span class='ocrx_word' id='word_1_694' title='bbox 337 5556 398 5624; x_wconf 75' lang='grc' dir='ltr'><strong>τῇ</strong></span> <span class='ocrx_word' id='word_1_695' title='bbox 426 5554 550 5626; x_wconf 77' lang='grc' dir='ltr'><strong>ὸδῷ,</strong></span> <span class='ocrx_word' id='word_1_696' title='bbox 676 5549 836 5623; x_wconf 78' lang='grc' dir='ltr'><strong>ἦλθες</strong></span> <span class='ocrx_word' id='word_1_697' title='bbox 864 5553 923 5604; x_wconf 81' lang='grc' dir='ltr'>ὲν</span> <span class='ocrx_word' id='word_1_698' title='bbox 956 5551 1111 5621; x_wconf 77' lang='grc' dir='ltr'>αὐτῇ.</span> <span class='ocrx_word' id='word_1_699' title='bbox 1146 5547 1438 5603; x_wconf 79' lang='lat' dir='ltr'><strong>Immittam</strong></span> <span class='ocrx_word' id='word_1_700' title='bbox 1474 5542 1726 5598; x_wconf 79' lang='lat' dir='ltr'><strong>circulum</strong></span> <span class='ocrx_word' id='word_1_701' title='bbox 1760 5545 1813 5596; x_wconf 77' lang='lat' dir='ltr'><strong>in</strong></span> 
     </span>
    </p>
   </div>
   <div class='ocr_carea' id='block_1_103' title="bbox 1911 4543 3479 4614">
    <p class='ocr_par' dir='ltr' id='par_1_103' title="bbox 1911 4543 3479 4614">
     <span class='ocr_line' id='line_1_103' title="bbox 1911 4543 3479 4614; baseline -0.001 -17"><span class='ocrx_word' id='word_1_702' title='bbox 1911 4545 2107 4614; x_wconf 89' lang='lat' dir='ltr'><strong>partim</strong></span> <span class='ocrx_word' id='word_1_703' title='bbox 2158 4552 2218 4598; x_wconf 90' lang='lat' dir='ltr'><strong>ut</strong></span> <span class='ocrx_word' id='word_1_704' title='bbox 2273 4545 2529 4599; x_wconf 61' lang='lat' dir='ltr'><strong>Romanae</strong></span> <span class='ocrx_word' id='word_1_705' title='bbox 2577 4543 2723 4599; x_wconf 90' lang='lat' dir='ltr'><strong>sedis</strong></span> <span class='ocrx_word' id='word_1_706' title='bbox 2767 4544 3001 4614; x_wconf 87' lang='lat' dir='ltr'><strong>legatum</strong></span> <span class='ocrx_word' id='word_1_707' title='bbox 3053 4544 3367 4598; x_wconf 87' lang='lat' dir='ltr'><strong>hortaretur</strong></span> <span class='ocrx_word' id='word_1_708' title='bbox 3410 4544 3479 4597; x_wconf 76' lang='lat' dir='ltr'><strong>ad</strong></span> 
     </span>
    </p>
   </div>
   <div class='ocr_carea' id='block_1_104' title="bbox 1912 4630 3480 4703">
    <p class='ocr_par' dir='ltr' id='par_1_104' title="bbox 1912 4630 3480 4703">
     <span class='ocr_line' id='line_1_104' title="bbox 1912 4630 3480 4703; baseline -0.003 -16"><span class='ocrx_word' id='word_1_709' title='bbox 1912 4644 2135 4689; x_wconf 89' lang='lat' dir='ltr'><strong>strenue</strong></span> <span class='ocrx_word' id='word_1_710' title='bbox 2185 4648 2301 4688; x_wconf 90' lang='lat' dir='ltr'><strong>rem</strong></span> <span class='ocrx_word' id='word_1_711' title='bbox 2350 4633 2675 4688; x_wconf 89' lang='lat' dir='ltr'><strong>catholicam</strong></span> <span class='ocrx_word' id='word_1_712' title='bbox 2715 4631 3009 4703; x_wconf 86' lang='lat' dir='ltr'><strong>gerendum</strong></span> <span class='ocrx_word' id='word_1_713' title='bbox 3041 4631 3096 4685; x_wconf 92' lang='lat' dir='ltr'><strong>in</strong></span> <span class='ocrx_word' id='word_1_714' title='bbox 3143 4630 3280 4685; x_wconf 86' lang='lat' dir='ltr'><strong>urbe</strong></span> <span class='ocrx_word' id='word_1_715' title='bbox 3309 4632 3480 4700; x_wconf 82' lang='lat' dir='ltr'><strong>regia,</strong></span> 
     </span>
    </p>
   </div>
   <div class='ocr_carea' id='block_1_105' title="bbox 1912 4717 3482 4791">
    <p class='ocr_par' dir='ltr' id='par_1_105' title="bbox 1912 4717 3482 4791">
     <span class='ocr_line' id='line_1_105' title="bbox 1912 4717 3482 4791; baseline -0.006 -14"><span class='ocrx_word' id='word_1_716' title='bbox 1912 4722 2307 4791; x_wconf 90' lang='lat' dir='ltr'><strong>sarciendaque</strong></span> <span class='ocrx_word' id='word_1_717' title='bbox 2362 4721 2488 4777; x_wconf 87' lang='lat' dir='ltr'><strong>ﬁdei</strong></span> <span class='ocrx_word' id='word_1_718' title='bbox 2538 4721 2737 4776; x_wconf 88' lang='lat' dir='ltr'><strong>damna</strong></span> <span class='ocrx_word' id='word_1_719' title='bbox 2791 4721 2846 4774; x_wconf 91' lang='lat' dir='ltr'><strong>in</strong></span> <span class='ocrx_word' id='word_1_720' title='bbox 2888 4717 3179 4773; x_wconf 89' lang='lat' dir='ltr'><strong>latrocinio</strong></span> <span class='ocrx_word' id='word_1_721' title='bbox 3205 4717 3482 4788; x_wconf 72' lang='lat' dir='ltr'><strong>Ephesium</strong></span> 
     </span>
    </p>
   </div>
   <div class='ocr_carea' id='block_1_106' title="bbox 1914 4810 3480 4880">
    <p class='ocr_par' dir='ltr' id='par_1_106' title="bbox 1914 4810 3480 4880">
     <span class='ocr_line' id='line_1_106' title="bbox 1914 4810 3480 4880; baseline -0.003 -13"><span class='ocrx_word' id='word_1_722' title='bbox 1914 4813 2105 4879; x_wconf 88' lang='lat' dir='ltr'><strong>illata;</strong></span> <span class='ocrx_word' id='word_1_723' title='bbox 2148 4813 2345 4880; x_wconf 88' lang='lat' dir='ltr'><strong>partim</strong></span> <span class='ocrx_word' id='word_1_724' title='bbox 2388 4820 2444 4865; x_wconf 89' lang='lat' dir='ltr'><strong>ut</strong></span> <span class='ocrx_word' id='word_1_725' title='bbox 2478 4827 2591 4867; x_wconf 81' lang='lat' dir='ltr'><strong>suae</strong></span> <span class='ocrx_word' id='word_1_726' title='bbox 2623 4811 2769 4875; x_wconf 85' lang='lat' dir='ltr'><strong>fidei,</strong></span> <span class='ocrx_word' id='word_1_727' title='bbox 2799 4810 3210 4879; x_wconf 89' lang='lat' dir='ltr'><strong>amicorumque</strong></span> <span class='ocrx_word' id='word_1_728' title='bbox 3247 4810 3480 4866; x_wconf 89' lang='lat' dir='ltr'><strong>duorum</strong></span> 
     </span>
    </p>
   </div>
   <div class='ocr_carea' id='block_1_107' title="bbox 1920 4900 3485 4975">
    <p class='ocr_par' dir='ltr' id='par_1_107' title="bbox 1920 4900 3485 4975">
     <span class='ocr_line' id='line_1_107' title="bbox 1920 4900 3485 4975; baseline 0 -18"><span class='ocrx_word' id='word_1_729' title='bbox 1920 4903 2027 4958; x_wconf 76' lang='lat' dir='ltr'><strong>lbae</strong></span> <span class='ocrx_word' id='word_1_730' title='bbox 2072 4912 2128 4958; x_wconf 88' lang='lat' dir='ltr'><strong>et</strong></span> <span class='ocrx_word' id='word_1_731' title='bbox 2180 4904 2440 4975; x_wconf 87' lang='lat' dir='ltr'><strong>Aquilini,</strong></span> <span class='ocrx_word' id='word_1_732' title='bbox 2500 4902 2873 4957; x_wconf 89' lang='lat' dir='ltr'><strong>testimonium</strong></span> <span class='ocrx_word' id='word_1_733' title='bbox 2917 4900 3289 4957; x_wconf 79' lang='lat' dir='ltr'><strong>ﬁrmissimum</strong></span> <span class='ocrx_word' id='word_1_734' title='bbox 3356 4918 3485 4957; x_wconf 85' lang='lat' dir='ltr'><strong>sau—</strong></span> 
     </span>
    </p>
   </div>
   <div class='ocr_carea' id='block_1_108' title="bbox 1920 4992 3485 5064">
    <p class='ocr_par' dir='ltr' id='par_1_108' title="bbox 1920 4992 3485 5064">
     <span class='ocr_line' id='line_1_108' title="bbox 1920 4992 3485 5064; baseline 0.001 -17"><span class='ocrx_word' id='word_1_735' title='bbox 1920 4995 2335 5064; x_wconf 87' lang='lat' dir='ltr'><strong>ctissimumque</strong></span> <span class='ocrx_word' id='word_1_736' title='bbox 2378 4992 2692 5062; x_wconf 73' lang='lat' dir='ltr'><strong>apostolicae</strong></span> <span class='ocrx_word' id='word_1_737' title='bbox 2742 4992 3030 5063; x_wconf 87' lang='lat' dir='ltr'><strong>legationis</strong></span> <span class='ocrx_word' id='word_1_738' title='bbox 3050 4992 3286 5063; x_wconf 88' lang='lat' dir='ltr'><strong>principi</strong></span> <span class='ocrx_word' id='word_1_739' title='bbox 3309 4992 3485 5050; x_wconf 83' lang='lat' dir='ltr'><strong>daret.</strong></span> 
     </span>
    </p>
   </div>
   <div class='ocr_carea' id='block_1_109' title="bbox 1917 5084 3485 5155">
    <p class='ocr_par' dir='ltr' id='par_1_109' title="bbox 1917 5084 3485 5155">
     <span class='ocr_line' id='line_1_109' title="bbox 1917 5084 3485 5155; baseline 0 -15"><span class='ocrx_word' id='word_1_740' title='bbox 1917 5085 2043 5140; x_wconf 92' lang='lat' dir='ltr'><strong>Suis</strong></span> <span class='ocrx_word' id='word_1_741' title='bbox 2089 5086 2237 5140; x_wconf 90' lang='lat' dir='ltr'><strong>enim</strong></span> <span class='ocrx_word' id='word_1_742' title='bbox 2288 5085 2487 5139; x_wconf 89' lang='lat' dir='ltr'><strong>litteris</strong></span> <span class='ocrx_word' id='word_1_743' title='bbox 2518 5084 2804 5155; x_wconf 89' lang='lat' dir='ltr'><strong>epistolam</strong></span> <span class='ocrx_word' id='word_1_744' title='bbox 2841 5085 3043 5141; x_wconf 90' lang='lat' dir='ltr'><strong>Leonis</strong></span> <span class='ocrx_word' id='word_1_745' title='bbox 3070 5084 3138 5139; x_wconf 89' lang='lat' dir='ltr'><strong>ad</strong></span> <span class='ocrx_word' id='word_1_746' title='bbox 3168 5086 3485 5140; x_wconf 84' lang='lat' dir='ltr'><strong>Flavianum</strong></span> 
     </span>
    </p>
   </div>
   <div class='ocr_carea' id='block_1_110' title="bbox 1916 5175 3487 5246">
    <p class='ocr_par' dir='ltr' id='par_1_110' title="bbox 1916 5175 3487 5246">
     <span class='ocr_line' id='line_1_110' title="bbox 1916 5175 3487 5246; baseline -0.002 -14"><span class='ocrx_word' id='word_1_747' title='bbox 1916 5192 2012 5232; x_wconf 90' lang='lat' dir='ltr'><strong>sua</strong></span> <span class='ocrx_word' id='word_1_748' title='bbox 2030 5176 2437 5246; x_wconf 88' lang='lat' dir='ltr'><strong>amicorumque</strong></span> <span class='ocrx_word' id='word_1_749' title='bbox 2452 5176 2854 5246; x_wconf 90' lang='lat' dir='ltr'><strong>subscriptione</strong></span> <span class='ocrx_word' id='word_1_750' title='bbox 2881 5176 3164 5246; x_wconf 89' lang='lat' dir='ltr'><strong>probatam</strong></span> <span class='ocrx_word' id='word_1_751' title='bbox 3186 5175 3459 5245; x_wconf 76' lang='lat' dir='ltr'><strong>subjunxi:</strong></span> <span class='ocrx_word' id='word_1_752' title='bbox 3474 5216 3487 5229; x_wconf 94' lang='lat'><strong>.</strong></span> 
     </span>
    </p>
   </div>
   <div class='ocr_carea' id='block_1_111' title="bbox 1987 5261 3488 5334">
    <p class='ocr_par' dir='ltr' id='par_1_111' title="bbox 1987 5261 3488 5334">
     <span class='ocr_line' id='line_1_111' title="bbox 1987 5261 3488 5334; baseline -0.005 -11"><span class='ocrx_word' id='word_1_753' title='bbox 1987 5267 2097 5323; x_wconf 67' lang='grc' dir='ltr'><strong>γη.</strong></span> <span class='ocrx_word' id='word_1_754' title='bbox 2132 5266 2209 5320; x_wconf 89' lang='lat' dir='ltr'><strong>De</strong></span> <span class='ocrx_word' id='word_1_755' title='bbox 2242 5265 2371 5321; x_wconf 91' lang='lat' dir='ltr'><strong>sede</strong></span> <span class='ocrx_word' id='word_1_756' title='bbox 2411 5264 2609 5321; x_wconf 85' lang='lat' dir='ltr'><strong>Asterii</strong></span> <span class='ocrx_word' id='word_1_757' title='bbox 2661 5265 2825 5320; x_wconf 87' lang='lat' dir='ltr'><strong>silent</strong></span> <span class='ocrx_word' id='word_1_758' title='bbox 2874 5265 3173 5334; x_wconf 91' lang='lat' dir='ltr'><strong>scriptores</strong></span> <span class='ocrx_word' id='word_1_759' title='bbox 3206 5284 3219 5317; x_wconf 89' lang='lat'><strong>:</strong></span> <span class='ocrx_word' id='word_1_760' title='bbox 3251 5279 3352 5333; x_wconf 90' lang='lat' dir='ltr'><strong>ego</strong></span> <span class='ocrx_word' id='word_1_761' title='bbox 3386 5261 3488 5316; x_wconf 69' lang='lat' dir='ltr'><strong>Ve—</strong></span> 
     </span>
    </p>
   </div>
   <div class='ocr_carea' id='block_1_112' title="bbox 1917 5355 3495 5428">
    <p class='ocr_par' dir='ltr' id='par_1_112' title="bbox 1917 5355 3495 5428">
     <span class='ocr_line' id='line_1_112' title="bbox 1917 5355 3495 5428; baseline -0.006 -15"><span class='ocrx_word' id='word_1_762' title='bbox 1917 5359 2126 5415; x_wconf 67' lang='lat' dir='ltr'><strong>nusina:</strong></span> <span class='ocrx_word' id='word_1_763' title='bbox 2151 5358 2409 5414; x_wconf 79' lang='lat' dir='ltr'><strong>Ecclesiae</strong></span> <span class='ocrx_word' id='word_1_764' title='bbox 2430 5356 2707 5428; x_wconf 60' lang='lat' dir='ltr'><strong>praefuisse</strong></span> <span class='ocrx_word' id='word_1_765' title='bbox 2740 5364 2892 5427; x_wconf 91' lang='lat' dir='ltr'><strong>puto.</strong></span> <span class='ocrx_word' id='word_1_766' title='bbox 2919 5356 3104 5426; x_wconf 88' lang='lat' dir='ltr'><strong>Neque</strong></span> <span class='ocrx_word' id='word_1_767' title='bbox 3133 5355 3278 5410; x_wconf 89' lang='lat' dir='ltr'><strong>enim</strong></span> <span class='ocrx_word' id='word_1_768' title='bbox 3306 5371 3334 5408; x_wconf 92' lang='lat' dir='ltr'><strong>a</strong></span> <span class='ocrx_word' id='word_1_769' title='bbox 3357 5370 3495 5408; x_wconf 80' lang='lat' dir='ltr'><strong>vero</strong></span> 
     </span>
    </p>
   </div>
   <div class='ocr_carea' id='block_1_113' title="bbox 1916 5444 3490 5515">
    <p class='ocr_par' dir='ltr' id='par_1_113' title="bbox 1916 5444 3490 5515">
     <span class='ocr_line' id='line_1_113' title="bbox 1916 5444 3490 5515; baseline -0.008 -9"><span class='ocrx_word' id='word_1_770' title='bbox 1916 5453 2153 5506; x_wconf 88' lang='lat' dir='ltr'><strong>alienum</strong></span> <span class='ocrx_word' id='word_1_771' title='bbox 2195 5460 2297 5515; x_wconf 91' lang='lat' dir='ltr'><strong>est,</strong></span> <span class='ocrx_word' id='word_1_772' title='bbox 2349 5450 2623 5506; x_wconf 88' lang='lat' dir='ltr'><strong>Asterium</strong></span> <span class='ocrx_word' id='word_1_773' title='bbox 2673 5448 2825 5504; x_wconf 90' lang='lat' dir='ltr'><strong>illum</strong></span> <span class='ocrx_word' id='word_1_774' title='bbox 2858 5447 3233 5501; x_wconf 88' lang='lat' dir='ltr'><strong>admirabilem</strong></span> <span class='ocrx_word' id='word_1_775' title='bbox 3263 5444 3490 5499; x_wconf 77' lang='lat' dir='ltr'><strong>Venusi-</strong></span> 
     </span>
    </p>
   </div>
   <div class='ocr_carea' id='block_1_114' title="bbox 1917 5536 3493 5612">
    <p class='ocr_par' dir='ltr' id='par_1_114' title="bbox 1917 5536 3493 5612">
     <span class='ocr_line' id='line_1_114' title="bbox 1917 5536 3493 5612; baseline -0.003 -14"><span class='ocrx_word' id='word_1_776' title='bbox 1917 5560 2046 5598; x_wconf 91' lang='lat' dir='ltr'><strong>num</strong></span> <span class='ocrx_word' id='word_1_777' title='bbox 2081 5544 2147 5607; x_wconf 67' lang='lat'><strong>’9,</strong></span> <span class='ocrx_word' id='word_1_778' title='bbox 2181 5544 2272 5612; x_wconf 89' lang='lat' dir='ltr'><strong>qui</strong></span> <span class='ocrx_word' id='word_1_779' title='bbox 2308 5559 2450 5599; x_wconf 86' lang='lat' dir='ltr'><strong>anno</strong></span> <span class='ocrx_word' id='word_1_780' title='bbox 2472 5542 2575 5599; x_wconf 76' lang='grc'><strong>495</strong></span> <span class='ocrx_word' id='word_1_781' title='bbox 2605 5541 2853 5596; x_wconf 85' lang='lat' dir='ltr'><strong>interfuit</strong></span> <span class='ocrx_word' id='word_1_782' title='bbox 2885 5538 3216 5594; x_wconf 82' lang='lat' dir='ltr'><strong>dedicationi</strong></span> <span class='ocrx_word' id='word_1_783' title='bbox 3242 5536 3493 5594; x_wconf 65' lang='lat' dir='ltr'><strong>ecclesia!</strong></span> 
     </span>
    </p>
   </div>
   <div class='ocr_carea' id='block_1_115' title="bbox 1573 5676 2154 5733">
    <p class='ocr_par' dir='ltr' id='par_1_115' title="bbox 1573 5676 2154 5733">
     <span class='ocr_line' id='line_1_115' title="bbox 1573 5676 2154 5733; baseline 0.005 -3"><span class='ocrx_word' id='word_1_784' title='bbox 1573 5676 1892 5732; x_wconf 74' lang='lat' dir='ltr'><strong>SClll‘LZIl</strong></span> <span class='ocrx_word' id='word_1_785' title='bbox 1932 5676 2154 5733; x_wconf 62' lang='lat' dir='ltr'><strong>NOTIE.</strong></span> 
     </span>
    </p>
   </div>
   <div class='ocr_carea' id='block_1_116' title="bbox 310 5769 991 5834">
    <p class='ocr_par' dir='ltr' id='par_1_116' title="bbox 310 5769 991 5834">
     <span class='ocr_line' id='line_1_116' title="bbox 310 5769 991 5834; baseline 0 -4"><span class='ocrx_word' id='word_1_786' title='bbox 310 5769 350 5801; x_wconf 75' lang='lat'>”</span> <span class='ocrx_word' id='word_1_787' title='bbox 376 5774 498 5834; x_wconf 79' lang='lat' dir='ltr'><strong>Vni.</strong></span> <span class='ocrx_word' id='word_1_788' title='bbox 542 5777 665 5832; x_wconf 81' lang='lat' dir='ltr'><strong>Act.</strong></span> <span class='ocrx_word' id='word_1_789' title='bbox 702 5775 757 5831; x_wconf 91' lang='lat' dir='ltr'><strong>S.</strong></span> <span class='ocrx_word' id='word_1_790' title='bbox 785 5774 991 5832; x_wconf 84' lang='lat' dir='ltr'><strong>Sabini.</strong></span> 
     </span>
    </p>
   </div>
   <div class='ocr_carea' id='block_1_117' title="bbox 527 5868 1335 5934">
    <p class='ocr_par' dir='ltr' id='par_1_117' title="bbox 527 5868 1335 5934">
     <span class='ocr_line' id='line_1_117' title="bbox 527 5868 1335 5934; baseline -0.004 0"><span class='ocrx_word' id='word_1_791' title='bbox 527 5876 801 5934; x_wconf 70' lang='lat' dir='ltr'><strong>PATROL.</strong></span> <span class='ocrx_word' id='word_1_792' title='bbox 836 5873 955 5933; x_wconf 76' lang='lat' dir='ltr'><strong>Gn.</strong></span> <span class='ocrx_word' id='word_1_793' title='bbox 1000 5871 1162 5930; x_wconf 70' lang='lat' dir='ltr'><strong>LXX</strong></span> <span class='ocrx_word' id='word_1_794' title='bbox 1177 5868 1335 5931; x_wconf 72' lang='lat' dir='ltr'><strong>XIV.</strong></span> 
     </span>
    </p>
   </div>
   <div class='ocr_carea' id='block_1_118' title="bbox 2960 5873 3017 5932">
    <p class='ocr_par' dir='ltr' id='par_1_118' title="bbox 2960 5873 3017 5932">
     <span class='ocr_line' id='line_1_118' title="bbox 2960 5873 3017 5932; baseline -0.053 0"><span class='ocrx_word' id='word_1_795' title='bbox 2960 5873 3017 5932; x_wconf 83' lang='lat' dir='ltr'><strong>ll</strong></span> 
     </span>
    </p>
   </div>
  </div>
