  <div class='ocr_page' id='page_1' title='image "/cluster/home/n/w/nwhite01/storage/ocr_20150623/84 pt.5/mdp.39015010572884/173.png"; bbox 0 0 3926 6216; ppageno 0'>
   <div class='ocr_carea' id='block_1_1' title="bbox 420 348 520 417">
    <p class='ocr_par' dir='ltr' id='par_1_1' title="bbox 420 348 520 417">
     <span class='ocr_line' id='line_1_1' title="bbox 420 348 520 417; baseline -0.03 0"><span class='ocrx_word' id='word_1_1' title='bbox 420 348 520 417; x_wconf 79' lang='grc'><strong>331</strong></span> 
     </span>
    </p>
   </div>
   <div class='ocr_carea' id='block_1_2' title="bbox 1514 339 2560 401">
    <p class='ocr_par' dir='ltr' id='par_1_2' title="bbox 1514 339 2560 401">
     <span class='ocr_line' id='line_1_2' title="bbox 1514 339 2560 401; baseline -0.004 0"><span class='ocrx_word' id='word_1_2' title='bbox 1514 340 1886 401; x_wconf 81' lang='lat' dir='ltr'><strong>GARNERII</strong></span> <span class='ocrx_word' id='word_1_3' title='bbox 1929 340 2423 400; x_wconf 80' lang='lat' dir='ltr'><strong>DISSERTATIO</strong></span> <span class='ocrx_word' id='word_1_4' title='bbox 2479 339 2560 399; x_wconf 85' lang='lat' dir='ltr'><strong>II.</strong></span> 
     </span>
    </p>
   </div>
   <div class='ocr_carea' id='block_1_3' title="bbox 3586 337 3699 401">
    <p class='ocr_par' dir='ltr' id='par_1_3' title="bbox 3586 337 3699 401">
     <span class='ocr_line' id='line_1_3' title="bbox 3586 337 3699 401; baseline 0.018 -2"><span class='ocrx_word' id='word_1_5' title='bbox 3586 337 3699 401; x_wconf 67' lang='lat'><strong>332</strong></span> 
     </span>
    </p>
   </div>
   <div class='ocr_carea' id='block_1_4' title="bbox 423 440 3699 520">
    <p class='ocr_par' dir='ltr' id='par_1_4' title="bbox 423 440 3699 520">
     <span class='ocr_line' id='line_1_4' title="bbox 423 440 3699 520; baseline -0.005 -6"><span class='ocrx_word' id='word_1_6' title='bbox 423 456 595 514; x_wconf 81' lang='lat' dir='ltr'><strong>sancti</strong></span> <span class='ocrx_word' id='word_1_7' title='bbox 623 454 904 512; x_wconf 74' lang='lat' dir='ltr'><strong>Michaelis</strong></span> <span class='ocrx_word' id='word_1_8' title='bbox 938 454 995 510; x_wconf 89' lang='lat' dir='ltr'><strong>in</strong></span> <span class='ocrx_word' id='word_1_9' title='bbox 1026 459 1212 508; x_wconf 87' lang='lat' dir='ltr'><strong>monte</strong></span> <span class='ocrx_word' id='word_1_10' title='bbox 1235 449 1503 520; x_wconf 84' lang='lat' dir='ltr'><strong>Gargano,</strong></span> <span class='ocrx_word' id='word_1_11' title='bbox 1549 446 1796 502; x_wconf 78' lang='lat' dir='ltr'><strong>iunctum</strong></span> <span class='ocrx_word' id='word_1_12' title='bbox 1836 444 2005 500; x_wconf 87' lang='lat' dir='ltr'><strong>fuisse</strong></span> <span class='ocrx_word' id='word_1_13' title='bbox 2035 453 2075 504; x_wconf 83' lang='lat' dir='ltr'><strong>A</strong></span> <span class='ocrx_word' id='word_1_14' title='bbox 2109 444 2344 500; x_wconf 78' lang='lat' dir='ltr'><strong>Verbum</strong></span> <span class='ocrx_word' id='word_1_15' title='bbox 2402 444 2475 500; x_wconf 91' lang='lat' dir='ltr'><strong>sit</strong></span> <span class='ocrx_word' id='word_1_16' title='bbox 2529 441 2934 508; x_wconf 87' lang='lat' dir='ltr'><strong>immutabilis;</strong></span> <span class='ocrx_word' id='word_1_17' title='bbox 2985 440 3158 507; x_wconf 90' lang='lat' dir='ltr'><strong>alter,</strong></span> <span class='ocrx_word' id='word_1_18' title='bbox 3209 441 3354 511; x_wconf 86' lang='lat' dir='ltr'><strong>quod</strong></span> <span class='ocrx_word' id='word_1_19' title='bbox 3404 442 3699 498; x_wconf 82' lang='lat' dir='ltr'><strong>iuconfusa</strong></span> 
     </span>
    </p>
   </div>
   <div class='ocr_carea' id='block_1_5' title="bbox 423 535 2000 620">
    <p class='ocr_par' dir='ltr' id='par_1_5' title="bbox 423 535 2000 620">
     <span class='ocr_line' id='line_1_5' title="bbox 423 535 2000 620; baseline -0.011 -15"><span class='ocrx_word' id='word_1_20' title='bbox 423 549 694 620; x_wconf 79' lang='lat' dir='ltr'><strong>legatione</strong></span> <span class='ocrx_word' id='word_1_21' title='bbox 724 547 902 604; x_wconf 90' lang='lat' dir='ltr'><strong>sancti</strong></span> <span class='ocrx_word' id='word_1_22' title='bbox 931 545 1135 602; x_wconf 86' lang='lat' dir='ltr'><strong>Leonis</strong></span> <span class='ocrx_word' id='word_1_23' title='bbox 1175 556 1322 598; x_wconf 88' lang='lat' dir='ltr'><strong>anno</strong></span> <span class='ocrx_word' id='word_1_24' title='bbox 1353 538 1478 604; x_wconf 72' lang='grc'><strong>450,</strong></span> <span class='ocrx_word' id='word_1_25' title='bbox 1529 554 1653 592; x_wconf 89' lang='lat' dir='ltr'><strong>cum</strong></span> <span class='ocrx_word' id='word_1_26' title='bbox 1696 546 1843 593; x_wconf 86' lang='lat' dir='ltr'><strong>esset</strong></span> <span class='ocrx_word' id='word_1_27' title='bbox 1880 535 2000 606; x_wconf 89' lang='lat' dir='ltr'><strong>epi-</strong></span> 
     </span>
    </p>
   </div>
   <div class='ocr_carea' id='block_1_6' title="bbox 424 626 2001 709">
    <p class='ocr_par' dir='ltr' id='par_1_6' title="bbox 424 626 2001 709">
     <span class='ocr_line' id='line_1_6' title="bbox 424 626 2001 709; baseline -0.008 -16"><span class='ocrx_word' id='word_1_28' title='bbox 424 653 625 709; x_wconf 85' lang='lat' dir='ltr'><strong>scopus</strong></span> <span class='ocrx_word' id='word_1_29' title='bbox 646 638 759 709; x_wconf 86' lang='lat' dir='ltr'><strong>jam</strong></span> <span class='ocrx_word' id='word_1_30' title='bbox 789 635 917 691; x_wconf 88' lang='lat' dir='ltr'><strong>inde</strong></span> <span class='ocrx_word' id='word_1_31' title='bbox 937 649 970 689; x_wconf 90' lang='lat' dir='ltr'><strong>a</strong></span> <span class='ocrx_word' id='word_1_32' title='bbox 994 640 1232 704; x_wconf 86' lang='lat' dir='ltr'><strong>quatuor</strong></span> <span class='ocrx_word' id='word_1_33' title='bbox 1261 637 1356 684; x_wconf 91' lang='lat' dir='ltr'><strong>aut</strong></span> <span class='ocrx_word' id='word_1_34' title='bbox 1382 628 1625 699; x_wconf 89' lang='lat' dir='ltr'><strong>quinque</strong></span> <span class='ocrx_word' id='word_1_35' title='bbox 1649 628 1827 683; x_wconf 87' lang='lat' dir='ltr'><strong>annis.</strong></span> <span class='ocrx_word' id='word_1_36' title='bbox 1868 626 2001 681; x_wconf 85' lang='lat' dir='ltr'><strong>Inde</strong></span> 
     </span>
    </p>
   </div>
   <div class='ocr_carea' id='block_1_7' title="bbox 424 718 2004 793">
    <p class='ocr_par' dir='ltr' id='par_1_7' title="bbox 424 718 2004 793">
     <span class='ocr_line' id='line_1_7' title="bbox 424 718 2004 793; baseline -0.006 -11"><span class='ocrx_word' id='word_1_37' title='bbox 424 727 573 782; x_wconf 87' lang='lat' dir='ltr'><strong>enim</strong></span> <span class='ocrx_word' id='word_1_38' title='bbox 602 727 657 783; x_wconf 81' lang='lat' dir='ltr'><strong>id</strong></span> <span class='ocrx_word' id='word_1_39' title='bbox 686 742 856 782; x_wconf 88' lang='lat' dir='ltr'><strong>unum</strong></span> <span class='ocrx_word' id='word_1_40' title='bbox 888 738 1233 793; x_wconf 88' lang='lat' dir='ltr'><strong>consequens</strong></span> <span class='ocrx_word' id='word_1_41' title='bbox 1261 720 1390 787; x_wconf 90' lang='lat' dir='ltr'><strong>erit,</strong></span> <span class='ocrx_word' id='word_1_42' title='bbox 1423 727 1484 775; x_wconf 92' lang='lat' dir='ltr'><strong>ut</strong></span> <span class='ocrx_word' id='word_1_43' title='bbox 1530 719 1736 774; x_wconf 89' lang='lat' dir='ltr'><strong>obiisse</strong></span> <span class='ocrx_word' id='word_1_44' title='bbox 1785 718 2004 773; x_wconf 87' lang='lat' dir='ltr'><strong>dicatur</strong></span> 
     </span>
    </p>
   </div>
   <div class='ocr_carea' id='block_1_8' title="bbox 425 811 2004 889">
    <p class='ocr_par' dir='ltr' id='par_1_8' title="bbox 425 811 2004 889">
     <span class='ocr_line' id='line_1_8' title="bbox 425 811 2004 889; baseline -0.006 -16"><span class='ocrx_word' id='word_1_45' title='bbox 425 817 830 889; x_wconf 87' lang='lat' dir='ltr'><strong>octogenarius,</strong></span> <span class='ocrx_word' id='word_1_46' title='bbox 867 826 960 871; x_wconf 89' lang='lat' dir='ltr'><strong>aut</strong></span> <span class='ocrx_word' id='word_1_47' title='bbox 990 814 1153 885; x_wconf 90' lang='lat' dir='ltr'><strong>paulo</strong></span> <span class='ocrx_word' id='word_1_48' title='bbox 1176 813 1371 883; x_wconf 82' lang='lat' dir='ltr'><strong>major,</strong></span> <span class='ocrx_word' id='word_1_49' title='bbox 1405 811 1800 882; x_wconf 83' lang='lat' dir='ltr'><strong>praefuisseque</strong></span> <span class='ocrx_word' id='word_1_50' title='bbox 1830 824 2004 864; x_wconf 88' lang='lat' dir='ltr'><strong>annos</strong></span> 
     </span>
    </p>
   </div>
   <div class='ocr_carea' id='block_1_9' title="bbox 426 902 2005 977">
    <p class='ocr_par' dir='ltr' id='par_1_9' title="bbox 426 902 2005 977">
     <span class='ocr_line' id='line_1_9' title="bbox 426 902 2005 977; baseline -0.005 -13"><span class='ocrx_word' id='word_1_51' title='bbox 426 910 496 965; x_wconf 65' lang='grc'><strong>45</strong></span> <span class='ocrx_word' id='word_1_52' title='bbox 541 909 797 964; x_wconf 84' lang='lat' dir='ltr'><strong>circiter:</strong></span> <span class='ocrx_word' id='word_1_53' title='bbox 844 906 992 977; x_wconf 89' lang='lat' dir='ltr'><strong>quod</strong></span> <span class='ocrx_word' id='word_1_54' title='bbox 1042 920 1223 976; x_wconf 89' lang='lat' dir='ltr'><strong>neque</strong></span> <span class='ocrx_word' id='word_1_55' title='bbox 1266 903 1531 970; x_wconf 88' lang='lat' dir='ltr'><strong>insolens,</strong></span> <span class='ocrx_word' id='word_1_56' title='bbox 1560 919 1739 973; x_wconf 88' lang='lat' dir='ltr'><strong>neque</strong></span> <span class='ocrx_word' id='word_1_57' title='bbox 1769 902 2005 958; x_wconf 87' lang='lat' dir='ltr'><strong>incredi-</strong></span> 
     </span>
    </p>
   </div>
   <div class='ocr_carea' id='block_1_10' title="bbox 426 1001 557 1056">
    <p class='ocr_par' dir='ltr' id='par_1_10' title="bbox 426 1001 557 1056">
     <span class='ocr_line' id='line_1_10' title="bbox 426 1001 557 1056; baseline -0.015 0"><span class='ocrx_word' id='word_1_58' title='bbox 426 1001 557 1056; x_wconf 90' lang='lat' dir='ltr'><strong>bile.</strong></span> 
     </span>
    </p>
   </div>
   <div class='ocr_carea' id='block_1_11' title="bbox 498 1087 2006 1161">
    <p class='ocr_par' dir='ltr' id='par_1_11' title="bbox 498 1087 2006 1161">
     <span class='ocr_line' id='line_1_11' title="bbox 498 1087 2006 1161; baseline -0.004 -13"><span class='ocrx_word' id='word_1_59' title='bbox 498 1091 631 1148; x_wconf 86' lang='lat' dir='ltr'><strong>Vlll.</strong></span> <span class='ocrx_word' id='word_1_60' title='bbox 664 1090 851 1161; x_wconf 86' lang='lat' dir='ltr'><strong>Neque</strong></span> <span class='ocrx_word' id='word_1_61' title='bbox 876 1105 1008 1147; x_wconf 87' lang='lat' dir='ltr'><strong>vero</strong></span> <span class='ocrx_word' id='word_1_62' title='bbox 1027 1090 1231 1155; x_wconf 85' lang='lat' dir='ltr'><strong>obstat,</strong></span> <span class='ocrx_word' id='word_1_63' title='bbox 1265 1088 1414 1160; x_wconf 86' lang='lat' dir='ltr'><strong>quod</strong></span> <span class='ocrx_word' id='word_1_64' title='bbox 1444 1089 1704 1151; x_wconf 84' lang='lat' dir='ltr'><strong>Joannes,</strong></span> <span class='ocrx_word' id='word_1_65' title='bbox 1742 1087 1799 1141; x_wconf 90' lang='lat' dir='ltr'><strong>in</strong></span> <span class='ocrx_word' id='word_1_66' title='bbox 1847 1087 2006 1159; x_wconf 83' lang='lat' dir='ltr'><strong>cujus</strong></span> 
     </span>
    </p>
   </div>
   <div class='ocr_carea' id='block_1_12' title="bbox 426 1177 2008 1244">
    <p class='ocr_par' dir='ltr' id='par_1_12' title="bbox 426 1177 2008 1244">
     <span class='ocr_line' id='line_1_12' title="bbox 426 1177 2008 1244; baseline -0.005 -6"><span class='ocrx_word' id='word_1_67' title='bbox 426 1183 611 1238; x_wconf 89' lang='lat' dir='ltr'><strong>sedem</strong></span> <span class='ocrx_word' id='word_1_68' title='bbox 651 1181 899 1236; x_wconf 82' lang='lat' dir='ltr'><strong>Asterius</strong></span> <span class='ocrx_word' id='word_1_69' title='bbox 944 1180 1277 1236; x_wconf 85' lang='lat' dir='ltr'><strong>successisse</strong></span> <span class='ocrx_word' id='word_1_70' title='bbox 1326 1180 1523 1244; x_wconf 85' lang='lat' dir='ltr'><strong>fertur,</strong></span> <span class='ocrx_word' id='word_1_71' title='bbox 1555 1178 1757 1232; x_wconf 75' lang='lat' dir='ltr'><strong>vixisse</strong></span> <span class='ocrx_word' id='word_1_72' title='bbox 1792 1177 2008 1231; x_wconf 80' lang='lat' dir='ltr'><strong>dicatur</strong></span> 
     </span>
    </p>
   </div>
   <div class='ocr_carea' id='block_1_13' title="bbox 426 1269 2010 1340">
    <p class='ocr_par' dir='ltr' id='par_1_13' title="bbox 426 1269 2010 1340">
     <span class='ocr_line' id='line_1_13' title="bbox 426 1269 2010 1340; baseline -0.004 -12"><span class='ocrx_word' id='word_1_73' title='bbox 426 1273 528 1328; x_wconf 86' lang='lat' dir='ltr'><strong>sub</strong></span> <span class='ocrx_word' id='word_1_74' title='bbox 575 1272 758 1328; x_wconf 88' lang='lat' dir='ltr'><strong>Leone</strong></span> <span class='ocrx_word' id='word_1_75' title='bbox 804 1272 847 1337; x_wconf 92' lang='lat' dir='ltr'><strong>l,</strong></span> <span class='ocrx_word' id='word_1_76' title='bbox 898 1286 1045 1326; x_wconf 91' lang='lat' dir='ltr'><strong>anno</strong></span> <span class='ocrx_word' id='word_1_77' title='bbox 1091 1271 1222 1336; x_wconf 65' lang='lat' dir='ltr'><strong>M5,</strong></span> <span class='ocrx_word' id='word_1_78' title='bbox 1265 1271 1546 1340; x_wconf 88' lang='lat' dir='ltr'><strong>multaque</strong></span> <span class='ocrx_word' id='word_1_79' title='bbox 1571 1285 1669 1340; x_wconf 88' lang='lat' dir='ltr'><strong>per</strong></span> <span class='ocrx_word' id='word_1_80' title='bbox 1705 1269 1762 1323; x_wconf 89' lang='lat' dir='ltr'><strong>id</strong></span> <span class='ocrx_word' id='word_1_81' title='bbox 1792 1276 2010 1337; x_wconf 86' lang='lat' dir='ltr'><strong>tempus</strong></span> 
     </span>
    </p>
   </div>
   <div class='ocr_carea' id='block_1_14' title="bbox 424 1358 2009 1434">
    <p class='ocr_par' dir='ltr' id='par_1_14' title="bbox 424 1358 2009 1434">
     <span class='ocr_line' id='line_1_14' title="bbox 424 1358 2009 1434; baseline -0.004 -16"><span class='ocrx_word' id='word_1_82' title='bbox 424 1363 682 1433; x_wconf 70' lang='lat' dir='ltr'><strong>praeclare</strong></span> <span class='ocrx_word' id='word_1_83' title='bbox 732 1365 931 1434; x_wconf 83' lang='lat' dir='ltr'><strong>egisse,</strong></span> <span class='ocrx_word' id='word_1_84' title='bbox 972 1370 1036 1417; x_wconf 90' lang='lat' dir='ltr'><strong>ut</strong></span> <span class='ocrx_word' id='word_1_85' title='bbox 1081 1361 1228 1432; x_wconf 89' lang='lat' dir='ltr'><strong>quod</strong></span> <span class='ocrx_word' id='word_1_86' title='bbox 1274 1361 1457 1415; x_wconf 81' lang='lat' dir='ltr'><strong>Attilae</strong></span> <span class='ocrx_word' id='word_1_87' title='bbox 1509 1358 1809 1415; x_wconf 77' lang='lat' dir='ltr'><strong>Venusiam</strong></span> <span class='ocrx_word' id='word_1_88' title='bbox 1835 1372 2009 1427; x_wconf 89' lang='lat' dir='ltr'><strong>oppu-</strong></span> 
     </span>
    </p>
   </div>
   <div class='ocr_carea' id='block_1_15' title="bbox 424 1451 2009 1526">
    <p class='ocr_par' dir='ltr' id='par_1_15' title="bbox 424 1451 2009 1526">
     <span class='ocr_line' id='line_1_15' title="bbox 424 1451 2009 1526; baseline -0.005 -16"><span class='ocrx_word' id='word_1_89' title='bbox 424 1455 613 1526; x_wconf 86' lang='lat' dir='ltr'><strong>gnanti</strong></span> <span class='ocrx_word' id='word_1_90' title='bbox 642 1455 949 1509; x_wconf 85' lang='lat' dir='ltr'><strong>occurrerit</strong></span> <span class='ocrx_word' id='word_1_91' title='bbox 981 1469 1108 1508; x_wconf 85' lang='lat' dir='ltr'><strong>cum</strong></span> <span class='ocrx_word' id='word_1_92' title='bbox 1142 1454 1292 1508; x_wconf 88' lang='lat' dir='ltr'><strong>clero</strong></span> <span class='ocrx_word' id='word_1_93' title='bbox 1319 1462 1374 1508; x_wconf 91' lang='lat' dir='ltr'><strong>et</strong></span> <span class='ocrx_word' id='word_1_94' title='bbox 1411 1467 1599 1517; x_wconf 85' lang='lat' dir='ltr'><strong>cruce,</strong></span> <span class='ocrx_word' id='word_1_95' title='bbox 1630 1451 2009 1520; x_wconf 86' lang='lat' dir='ltr'><strong>impetumque</strong></span> 
     </span>
    </p>
   </div>
   <div class='ocr_carea' id='block_1_16' title="bbox 426 1541 2008 1616">
    <p class='ocr_par' dir='ltr' id='par_1_16' title="bbox 426 1541 2008 1616">
     <span class='ocr_line' id='line_1_16' title="bbox 426 1541 2008 1616; baseline -0.006 -14"><span class='ocrx_word' id='word_1_96' title='bbox 426 1546 648 1602; x_wconf 85' lang='lat' dir='ltr'><strong>barbari</strong></span> <span class='ocrx_word' id='word_1_97' title='bbox 699 1545 1063 1616; x_wconf 90' lang='lat' dir='ltr'><strong>represserit,</strong></span> <span class='ocrx_word' id='word_1_98' title='bbox 1111 1544 1187 1598; x_wconf 88' lang='lat' dir='ltr'><strong>ita</strong></span> <span class='ocrx_word' id='word_1_99' title='bbox 1241 1552 1301 1599; x_wconf 91' lang='lat' dir='ltr'><strong>ut</strong></span> <span class='ocrx_word' id='word_1_100' title='bbox 1348 1543 1671 1599; x_wconf 88' lang='lat' dir='ltr'><strong>barbaricus</strong></span> <span class='ocrx_word' id='word_1_101' title='bbox 1713 1541 2008 1604; x_wconf 75' lang='lat' dir='ltr'><strong>exercitus,</strong></span> 
     </span>
    </p>
   </div>
   <div class='ocr_carea' id='block_1_17' title="bbox 426 1633 2007 1705">
    <p class='ocr_par' dir='ltr' id='par_1_17' title="bbox 426 1633 2007 1705">
     <span class='ocr_line' id='line_1_17' title="bbox 426 1633 2007 1705; baseline -0.004 -13"><span class='ocrx_word' id='word_1_102' title='bbox 426 1637 543 1692; x_wconf 90' lang='lat' dir='ltr'><strong>visa</strong></span> <span class='ocrx_word' id='word_1_103' title='bbox 569 1636 638 1691; x_wconf 89' lang='lat' dir='ltr'><strong>de</strong></span> <span class='ocrx_word' id='word_1_104' title='bbox 662 1636 803 1692; x_wconf 71' lang='lat' dir='ltr'><strong>caelo</strong></span> <span class='ocrx_word' id='word_1_105' title='bbox 823 1636 1072 1705; x_wconf 79' lang='lat' dir='ltr'><strong>Deiparae</strong></span> <span class='ocrx_word' id='word_1_106' title='bbox 1098 1635 1353 1705; x_wconf 80' lang='lat' dir='ltr'><strong>imagine,</strong></span> <span class='ocrx_word' id='word_1_107' title='bbox 1382 1651 1442 1690; x_wconf 82' lang='lat' dir='ltr'><strong>re</strong></span> <span class='ocrx_word' id='word_1_108' title='bbox 1470 1634 1672 1690; x_wconf 88' lang='lat' dir='ltr'><strong>infecta</strong></span> <span class='ocrx_word' id='word_1_109' title='bbox 1698 1633 2007 1689; x_wconf 84' lang='lat' dir='ltr'><strong>recesserit.</strong></span> 
     </span>
    </p>
   </div>
   <div class='ocr_carea' id='block_1_18' title="bbox 427 1727 2008 1798">
    <p class='ocr_par' dir='ltr' id='par_1_18' title="bbox 427 1727 2008 1798">
     <span class='ocr_line' id='line_1_18' title="bbox 427 1727 2008 1798; baseline -0.002 -16"><span class='ocrx_word' id='word_1_110' title='bbox 427 1728 564 1782; x_wconf 90' lang='lat' dir='ltr'><strong>Nam</strong></span> <span class='ocrx_word' id='word_1_111' title='bbox 599 1735 965 1798; x_wconf 67' lang='lat' dir='ltr'><strong>praeterquam</strong></span> <span class='ocrx_word' id='word_1_112' title='bbox 1007 1727 1154 1797; x_wconf 85' lang='lat' dir='ltr'><strong>quod</strong></span> <span class='ocrx_word' id='word_1_113' title='bbox 1184 1727 1354 1783; x_wconf 83' lang='lat' dir='ltr'><strong>Attila</strong></span> <span class='ocrx_word' id='word_1_114' title='bbox 1391 1727 1689 1783; x_wconf 82' lang='lat' dir='ltr'><strong>Venusiam</strong></span> <span class='ocrx_word' id='word_1_115' title='bbox 1730 1740 2008 1795; x_wconf 88' lang='lat' dir='ltr'><strong>nunquam</strong></span> 
     </span>
    </p>
   </div>
   <div class='ocr_carea' id='block_1_19' title="bbox 2105 532 3702 604">
    <p class='ocr_par' dir='ltr' id='par_1_19' title="bbox 2105 532 3702 604">
     <span class='ocr_line' id='line_1_19' title="bbox 2105 532 3702 604; baseline -0.002 -14"><span class='ocrx_word' id='word_1_116' title='bbox 2105 536 2269 602; x_wconf 90' lang='lat' dir='ltr'><strong>unio;</strong></span> <span class='ocrx_word' id='word_1_117' title='bbox 2300 535 2515 599; x_wconf 89' lang='lat' dir='ltr'><strong>tertius,</strong></span> <span class='ocrx_word' id='word_1_118' title='bbox 2542 532 2690 604; x_wconf 89' lang='lat' dir='ltr'><strong>quod</strong></span> <span class='ocrx_word' id='word_1_119' title='bbox 2716 534 2862 588; x_wconf 89' lang='lat' dir='ltr'><strong>Deus</strong></span> <span class='ocrx_word' id='word_1_120' title='bbox 2897 532 3241 602; x_wconf 87' lang='lat' dir='ltr'><strong>impatibilis.</strong></span> <span class='ocrx_word' id='word_1_121' title='bbox 3267 532 3499 588; x_wconf 84' lang='lat' dir='ltr'><strong>Accedit</strong></span> <span class='ocrx_word' id='word_1_122' title='bbox 3522 549 3702 603; x_wconf 78' lang='lat' dir='ltr'><strong>quat-</strong></span> 
     </span>
    </p>
   </div>
   <div class='ocr_carea' id='block_1_20' title="bbox 2107 624 3545 697">
    <p class='ocr_par' dir='ltr' id='par_1_20' title="bbox 2107 624 3545 697">
     <span class='ocr_line' id='line_1_20' title="bbox 2107 624 3545 697; baseline -0.003 -15"><span class='ocrx_word' id='word_1_123' title='bbox 2107 636 2215 692; x_wconf 85' lang='lat' dir='ltr'><strong>tus,</strong></span> <span class='ocrx_word' id='word_1_124' title='bbox 2258 627 2316 681; x_wconf 89' lang='lat' dir='ltr'><strong>in</strong></span> <span class='ocrx_word' id='word_1_125' title='bbox 2353 642 2465 696; x_wconf 90' lang='lat' dir='ltr'><strong>quo</strong></span> <span class='ocrx_word' id='word_1_126' title='bbox 2490 625 2818 697; x_wconf 77' lang='lat' dir='ltr'><strong>syllogismis</strong></span> <span class='ocrx_word' id='word_1_127' title='bbox 2840 625 2957 680; x_wconf 77' lang='lat' dir='ltr'><strong>haec</strong></span> <span class='ocrx_word' id='word_1_128' title='bbox 2989 624 3178 678; x_wconf 87' lang='lat' dir='ltr'><strong>eadem</strong></span> <span class='ocrx_word' id='word_1_129' title='bbox 3204 632 3488 695; x_wconf 86' lang='lat' dir='ltr'><strong>urgentur.</strong></span> <span class='ocrx_word' id='word_1_130' title='bbox 3524 644 3545 677; x_wconf 79' lang='grc' dir='ltr'><strong>ι</strong></span> 
     </span>
    </p>
   </div>
   <div class='ocr_carea' id='block_1_21' title="bbox 2179 715 3699 785">
    <p class='ocr_par' dir='ltr' id='par_1_21' title="bbox 2179 715 3699 785">
     <span class='ocr_line' id='line_1_21' title="bbox 2179 715 3699 785; baseline -0.001 -12"><span class='ocrx_word' id='word_1_131' title='bbox 2179 719 2270 773; x_wconf 87' lang='lat' dir='ltr'><strong>Ill.</strong></span> <span class='ocrx_word' id='word_1_132' title='bbox 2310 718 2560 773; x_wconf 77' lang='lat' dir='ltr'><strong>Meminit</strong></span> <span class='ocrx_word' id='word_1_133' title='bbox 2597 718 2763 771; x_wconf 85' lang='lat' dir='ltr'><strong>etiam</strong></span> <span class='ocrx_word' id='word_1_134' title='bbox 2792 715 3136 785; x_wconf 85' lang='lat' dir='ltr'><strong>Nicephorus</strong></span> <span class='ocrx_word' id='word_1_135' title='bbox 3163 715 3261 769; x_wconf 90' lang='lat' dir='ltr'><strong>lib.</strong></span> <span class='ocrx_word' id='word_1_136' title='bbox 3295 732 3416 780; x_wconf 74' lang='lat' dir='ltr'><strong>11v,</strong></span> <span class='ocrx_word' id='word_1_137' title='bbox 3446 731 3571 785; x_wconf 87' lang='lat' dir='ltr'><strong>cap.</strong></span> <span class='ocrx_word' id='word_1_138' title='bbox 3601 716 3699 782; x_wconf 63' lang='lat'><strong>54,</strong></span> 
     </span>
    </p>
   </div>
   <div class='ocr_carea' id='block_1_22' title="bbox 2106 804 3697 879">
    <p class='ocr_par' dir='ltr' id='par_1_22' title="bbox 2106 804 3697 879">
     <span class='ocr_line' id='line_1_22' title="bbox 2106 804 3697 879; baseline -0.001 -16"><span class='ocrx_word' id='word_1_139' title='bbox 2106 808 2205 864; x_wconf 91' lang='lat' dir='ltr'><strong>ubi</strong></span> <span class='ocrx_word' id='word_1_140' title='bbox 2255 816 2550 879; x_wconf 83' lang='lat' dir='ltr'><strong>postquam</strong></span> <span class='ocrx_word' id='word_1_141' title='bbox 2601 805 2881 862; x_wconf 86' lang='lat' dir='ltr'><strong>recensuit</strong></span> <span class='ocrx_word' id='word_1_142' title='bbox 2928 806 3085 875; x_wconf 90' lang='lat' dir='ltr'><strong>plura</strong></span> <span class='ocrx_word' id='word_1_143' title='bbox 3128 804 3459 861; x_wconf 83' lang='lat' dir='ltr'><strong>Theodoreti</strong></span> <span class='ocrx_word' id='word_1_144' title='bbox 3500 821 3697 876; x_wconf 80' lang='lat' dir='ltr'><strong>opera,</strong></span> 
     </span>
    </p>
   </div>
   <div class='ocr_carea' id='block_1_23' title="bbox 2107 897 3699 957">
    <p class='ocr_par' dir='ltr' id='par_1_23' title="bbox 2107 897 3699 957">
     <span class='ocr_line' id='line_1_23' title="bbox 2107 897 3699 957; baseline -0.003 0"><span class='ocrx_word' id='word_1_145' title='bbox 2107 900 2474 957; x_wconf 87' lang='lat' dir='ltr'><strong>enumerandi</strong></span> <span class='ocrx_word' id='word_1_146' title='bbox 2500 899 2664 956; x_wconf 83' lang='lat' dir='ltr'><strong>ﬁnem</strong></span> <span class='ocrx_word' id='word_1_147' title='bbox 2693 899 2823 953; x_wconf 78' lang='lat' dir='ltr'><strong>facit</strong></span> <span class='ocrx_word' id='word_1_148' title='bbox 2859 898 2946 953; x_wconf 91' lang='lat' dir='ltr'><strong>bis</strong></span> <span class='ocrx_word' id='word_1_149' title='bbox 2977 897 3202 952; x_wconf 84' lang='lat' dir='ltr'><strong>verbis:</strong></span> <span class='ocrx_word' id='word_1_150' title='bbox 3245 915 3265 947; x_wconf 73' lang='grc' dir='ltr'><strong>ι</strong></span> <span class='ocrx_word' id='word_1_151' title='bbox 3298 897 3448 951; x_wconf 88' lang='lat' dir='ltr'><strong>Libri</strong></span> <span class='ocrx_word' id='word_1_152' title='bbox 3480 905 3595 952; x_wconf 86' lang='lat' dir='ltr'><strong>tres</strong></span> <span class='ocrx_word' id='word_1_153' title='bbox 3627 898 3699 953; x_wconf 90' lang='lat' dir='ltr'><strong>de</strong></span> 
     </span>
    </p>
   </div>
   <div class='ocr_carea' id='block_1_24' title="bbox 2106 988 3698 1062">
    <p class='ocr_par' dir='ltr' id='par_1_24' title="bbox 2106 988 3698 1062">
     <span class='ocr_line' id='line_1_24' title="bbox 2106 988 3698 1062; baseline -0.004 -14"><span class='ocrx_word' id='word_1_154' title='bbox 2106 992 2317 1048; x_wconf 85' lang='lat' dir='ltr'><strong>divinis</strong></span> <span class='ocrx_word' id='word_1_155' title='bbox 2343 991 2690 1062; x_wconf 81' lang='lat' dir='ltr'><strong>dogmatibus</strong></span> <span class='ocrx_word' id='word_1_156' title='bbox 2715 991 2772 1044; x_wconf 90' lang='lat' dir='ltr'><strong>in</strong></span> <span class='ocrx_word' id='word_1_157' title='bbox 2794 990 3009 1059; x_wconf 82' lang='lat' dir='ltr'><strong>dialogo</strong></span> <span class='ocrx_word' id='word_1_158' title='bbox 3043 989 3362 1059; x_wconf 87' lang='lat' dir='ltr'><strong>conscripti.</strong></span> <span class='ocrx_word' id='word_1_159' title='bbox 3396 988 3528 1059; x_wconf 86' lang='lat' dir='ltr'><strong>Legi</strong></span> <span class='ocrx_word' id='word_1_160' title='bbox 3553 1005 3698 1059; x_wconf 64' lang='lat' dir='ltr'><strong>pree-</strong></span> 
     </span>
    </p>
   </div>
   <div class='ocr_carea' id='block_1_25' title="bbox 2107 1082 3696 1154">
    <p class='ocr_par' dir='ltr' id='par_1_25' title="bbox 2107 1082 3696 1154">
     <span class='ocr_line' id='line_1_25' title="bbox 2107 1082 3696 1154; baseline -0.003 -15"><span class='ocrx_word' id='word_1_161' title='bbox 2107 1092 2259 1139; x_wconf 86' lang='lat' dir='ltr'><strong>terea</strong></span> <span class='ocrx_word' id='word_1_162' title='bbox 2282 1099 2448 1154; x_wconf 86' lang='lat' dir='ltr'><strong>supra</strong></span> <span class='ocrx_word' id='word_1_163' title='bbox 2498 1084 2827 1153; x_wconf 88' lang='lat' dir='ltr'><strong>quingentas</strong></span> <span class='ocrx_word' id='word_1_164' title='bbox 2866 1083 2987 1152; x_wconf 87' lang='lat' dir='ltr'><strong>ejus</strong></span> <span class='ocrx_word' id='word_1_165' title='bbox 3024 1083 3310 1151; x_wconf 85' lang='lat' dir='ltr'><strong>epistolas,</strong></span> <span class='ocrx_word' id='word_1_166' title='bbox 3339 1082 3532 1138; x_wconf 60' lang='lat' dir='ltr'><strong>Graeco</strong></span> <span class='ocrx_word' id='word_1_167' title='bbox 3571 1097 3696 1135; x_wconf 88' lang='lat' dir='ltr'><strong>ser-</strong></span> 
     </span>
    </p>
   </div>
   <div class='ocr_carea' id='block_1_26' title="bbox 2107 1170 2994 1241">
    <p class='ocr_par' dir='ltr' id='par_1_26' title="bbox 2107 1170 2994 1241">
     <span class='ocr_line' id='line_1_26' title="bbox 2107 1170 2994 1241; baseline -0.007 -14"><span class='ocrx_word' id='word_1_168' title='bbox 2107 1187 2268 1227; x_wconf 89' lang='lat' dir='ltr'><strong>mone</strong></span> <span class='ocrx_word' id='word_1_169' title='bbox 2292 1170 2496 1241; x_wconf 90' lang='lat' dir='ltr'><strong>optime</strong></span> <span class='ocrx_word' id='word_1_170' title='bbox 2522 1171 2852 1240; x_wconf 89' lang='lat' dir='ltr'><strong>compositas</strong></span> <span class='ocrx_word' id='word_1_171' title='bbox 2872 1171 2937 1224; x_wconf 82' lang='grc'><strong>³¹.</strong></span> <span class='ocrx_word' id='word_1_172' title='bbox 2975 1189 2994 1221; x_wconf 77' lang='grc' dir='ltr'><strong>ι</strong></span> 
     </span>
    </p>
   </div>
   <div class='ocr_carea' id='block_1_27' title="bbox 2181 1261 3697 1332">
    <p class='ocr_par' dir='ltr' id='par_1_27' title="bbox 2181 1261 3697 1332">
     <span class='ocr_line' id='line_1_27' title="bbox 2181 1261 3697 1332; baseline -0.001 -14"><span class='ocrx_word' id='word_1_173' title='bbox 2181 1263 2270 1318; x_wconf 81' lang='lat' dir='ltr'><strong>IV.</strong></span> <span class='ocrx_word' id='word_1_174' title='bbox 2298 1262 2547 1317; x_wconf 80' lang='lat' dir='ltr'><strong>Meminit</strong></span> <span class='ocrx_word' id='word_1_175' title='bbox 2571 1261 2953 1318; x_wconf 88' lang='lat' dir='ltr'><strong>Theodoretus</strong></span> <span class='ocrx_word' id='word_1_176' title='bbox 2981 1261 3200 1317; x_wconf 85' lang='lat' dir='ltr'><strong>duobus</strong></span> <span class='ocrx_word' id='word_1_177' title='bbox 3226 1261 3279 1316; x_wconf 89' lang='lat' dir='ltr'><strong>in</strong></span> <span class='ocrx_word' id='word_1_178' title='bbox 3306 1262 3464 1327; x_wconf 83' lang='lat' dir='ltr'><strong>locis,</strong></span> <span class='ocrx_word' id='word_1_179' title='bbox 3494 1278 3697 1332; x_wconf 83' lang='lat' dir='ltr'><strong>nempe</strong></span> 
     </span>
    </p>
   </div>
   <div class='ocr_carea' id='block_1_28' title="bbox 2108 1353 3700 1426">
    <p class='ocr_par' dir='ltr' id='par_1_28' title="bbox 2108 1353 3700 1426">
     <span class='ocr_line' id='line_1_28' title="bbox 2108 1353 3700 1426; baseline -0.001 -14"><span class='ocrx_word' id='word_1_180' title='bbox 2108 1355 2341 1426; x_wconf 88' lang='lat' dir='ltr'><strong>epistola</strong></span> <span class='ocrx_word' id='word_1_181' title='bbox 2386 1354 2453 1409; x_wconf 77' lang='grc'><strong>16</strong></span> <span class='ocrx_word' id='word_1_182' title='bbox 2494 1353 2562 1408; x_wconf 94' lang='lat' dir='ltr'><strong>ad</strong></span> <span class='ocrx_word' id='word_1_183' title='bbox 2598 1354 2863 1411; x_wconf 65' lang='lat' dir='ltr'><strong>Irenaeum</strong></span> <span class='ocrx_word' id='word_1_184' title='bbox 2888 1394 2903 1419; x_wconf 92' lang='lat'><strong>,</strong></span> <span class='ocrx_word' id='word_1_185' title='bbox 2942 1353 3036 1408; x_wconf 92' lang='lat' dir='ltr'><strong>ubi</strong></span> <span class='ocrx_word' id='word_1_186' title='bbox 3081 1354 3349 1410; x_wconf 86' lang='lat' dir='ltr'><strong>rationem</strong></span> <span class='ocrx_word' id='word_1_187' title='bbox 3386 1355 3573 1420; x_wconf 73' lang='lat' dir='ltr'><strong>atl‘ert,</strong></span> <span class='ocrx_word' id='word_1_188' title='bbox 3598 1371 3700 1410; x_wconf 87' lang='lat' dir='ltr'><strong>cur</strong></span> 
     </span>
    </p>
   </div>
   <div class='ocr_carea' id='block_1_29' title="bbox 2110 1444 3698 1516">
    <p class='ocr_par' dir='ltr' id='par_1_29' title="bbox 2110 1444 3698 1516">
     <span class='ocr_line' id='line_1_29' title="bbox 2110 1444 3698 1516; baseline 0 -15"><span class='ocrx_word' id='word_1_189' title='bbox 2110 1447 2255 1502; x_wconf 90' lang='lat' dir='ltr'><strong>inter</strong></span> <span class='ocrx_word' id='word_1_190' title='bbox 2298 1445 2683 1516; x_wconf 84' lang='lat' dir='ltr'><strong>subjungenda</strong></span> <span class='ocrx_word' id='word_1_191' title='bbox 2725 1444 2960 1515; x_wconf 81' lang='lat' dir='ltr'><strong>singulis</strong></span> <span class='ocrx_word' id='word_1_192' title='bbox 3006 1444 3239 1515; x_wconf 81' lang='lat' dir='ltr'><strong>dialogis</strong></span> <span class='ocrx_word' id='word_1_193' title='bbox 3277 1445 3503 1501; x_wconf 86' lang='lat' dir='ltr'><strong>Patrum</strong></span> <span class='ocrx_word' id='word_1_194' title='bbox 3539 1447 3698 1501; x_wconf 83' lang='lat' dir='ltr'><strong>testi-</strong></span> 
     </span>
    </p>
   </div>
   <div class='ocr_carea' id='block_1_30' title="bbox 2109 1535 3701 1608">
    <p class='ocr_par' dir='ltr' id='par_1_30' title="bbox 2109 1535 3701 1608">
     <span class='ocr_line' id='line_1_30' title="bbox 2109 1535 3701 1608; baseline 0.001 -17"><span class='ocrx_word' id='word_1_195' title='bbox 2109 1536 2316 1602; x_wconf 90' lang='lat' dir='ltr'><strong>monia,</strong></span> <span class='ocrx_word' id='word_1_196' title='bbox 2363 1550 2543 1606; x_wconf 90' lang='lat' dir='ltr'><strong>neque</strong></span> <span class='ocrx_word' id='word_1_197' title='bbox 2579 1535 2806 1590; x_wconf 90' lang='lat' dir='ltr'><strong>Diodori</strong></span> <span class='ocrx_word' id='word_1_198' title='bbox 2848 1536 3156 1602; x_wconf 86' lang='lat' dir='ltr'><strong>Tarsensis,</strong></span> <span class='ocrx_word' id='word_1_199' title='bbox 3192 1553 3372 1608; x_wconf 89' lang='lat' dir='ltr'><strong>neque</strong></span> <span class='ocrx_word' id='word_1_200' title='bbox 3415 1538 3701 1593; x_wconf 89' lang='lat' dir='ltr'><strong>Theodori</strong></span> 
     </span>
    </p>
   </div>
   <div class='ocr_carea' id='block_1_31' title="bbox 2110 1627 3701 1699">
    <p class='ocr_par' dir='ltr' id='par_1_31' title="bbox 2110 1627 3701 1699">
     <span class='ocr_line' id='line_1_31' title="bbox 2110 1627 3701 1699; baseline 0.001 -16"><span class='ocrx_word' id='word_1_201' title='bbox 2110 1628 2482 1698; x_wconf 77' lang='lat' dir='ltr'><strong>Mopsuesteni</strong></span> <span class='ocrx_word' id='word_1_202' title='bbox 2522 1627 2859 1683; x_wconf 88' lang='lat' dir='ltr'><strong>mentionem</strong></span> <span class='ocrx_word' id='word_1_203' title='bbox 2911 1627 3174 1695; x_wconf 83' lang='lat' dir='ltr'><strong>fecisset;</strong></span> <span class='ocrx_word' id='word_1_204' title='bbox 3232 1640 3289 1685; x_wconf 90' lang='lat' dir='ltr'><strong>et</strong></span> <span class='ocrx_word' id='word_1_205' title='bbox 3339 1630 3577 1699; x_wconf 88' lang='lat' dir='ltr'><strong>epistola</strong></span> <span class='ocrx_word' id='word_1_206' title='bbox 3630 1629 3701 1684; x_wconf 78' lang='grc'><strong>85</strong></span> 
     </span>
    </p>
   </div>
   <div class='ocr_carea' id='block_1_32' title="bbox 2112 1718 3699 1787">
    <p class='ocr_par' dir='ltr' id='par_1_32' title="bbox 2112 1718 3699 1787">
     <span class='ocr_line' id='line_1_32' title="bbox 2112 1718 3699 1787; baseline 0.003 -14"><span class='ocrx_word' id='word_1_207' title='bbox 2112 1718 2181 1773; x_wconf 90' lang='lat' dir='ltr'><strong>ad</strong></span> <span class='ocrx_word' id='word_1_208' title='bbox 2206 1718 2530 1773; x_wconf 90' lang='lat' dir='ltr'><strong>Dioscorum</strong></span> <span class='ocrx_word' id='word_1_209' title='bbox 2579 1718 2925 1775; x_wconf 76' lang='lat' dir='ltr'><strong>Alexandria:</strong></span> <span class='ocrx_word' id='word_1_210' title='bbox 2977 1720 3300 1787; x_wconf 90' lang='lat' dir='ltr'><strong>antistitem,</strong></span> <span class='ocrx_word' id='word_1_211' title='bbox 3352 1736 3480 1776; x_wconf 91' lang='lat' dir='ltr'><strong>cum</strong></span> <span class='ocrx_word' id='word_1_212' title='bbox 3537 1737 3699 1777; x_wconf 88' lang='lat' dir='ltr'><strong>suam</strong></span> 
     </span>
    </p>
   </div>
   <div class='ocr_carea' id='block_1_33' title="bbox 428 1785 3699 1887">
    <p class='ocr_par' dir='ltr' id='par_1_33' title="bbox 428 1785 3699 1887">
     <span class='ocr_line' id='line_1_33' title="bbox 428 1785 3699 1887; baseline -0.001 -16"><span class='ocrx_word' id='word_1_213' title='bbox 428 1785 740 1883; x_wconf 69' lang='lat' dir='ltr'><strong>recesserit,</strong></span> <span class='ocrx_word' id='word_1_214' title='bbox 765 1785 996 1887; x_wconf 69' lang='lat' dir='ltr'><strong>quaeque</strong></span> <span class='ocrx_word' id='word_1_215' title='bbox 1018 1785 1314 1871; x_wconf 73' lang='lat' dir='ltr'><strong>narrantur</strong></span> <span class='ocrx_word' id='word_1_216' title='bbox 1349 1816 1417 1871; x_wconf 91' lang='lat' dir='ltr'><strong>de</strong></span> <span class='ocrx_word' id='word_1_217' title='bbox 1439 1816 1649 1872; x_wconf 79' lang='lat' dir='ltr'><strong>Joanne</strong></span> <span class='ocrx_word' id='word_1_218' title='bbox 1678 1816 1785 1885; x_wconf 89' lang='lat' dir='ltr'><strong>ipsi</strong></span> <span class='ocrx_word' id='word_1_219' title='bbox 1809 1785 2005 1870; x_wconf 74' lang='lat' dir='ltr'><strong>occur-</strong></span> <span class='ocrx_word' id='word_1_220' title='bbox 2040 1785 2083 1840; x_wconf 75' lang='grc' dir='ltr'><strong>Β</strong></span> <span class='ocrx_word' id='word_1_221' title='bbox 2109 1810 2279 1865; x_wconf 80' lang='lat' dir='ltr'><strong>vellet</strong></span> <span class='ocrx_word' id='word_1_222' title='bbox 2325 1810 2735 1865; x_wconf 74' lang='lat' dir='ltr'><strong>observantiam</strong></span> <span class='ocrx_word' id='word_1_223' title='bbox 2796 1826 2925 1882; x_wconf 89' lang='lat' dir='ltr'><strong>erga</strong></span> <span class='ocrx_word' id='word_1_224' title='bbox 2984 1785 3355 1882; x_wconf 85' lang='lat' dir='ltr'><strong>Theophilum</strong></span> <span class='ocrx_word' id='word_1_225' title='bbox 3416 1822 3475 1867; x_wconf 93' lang='lat' dir='ltr'><strong>et</strong></span> <span class='ocrx_word' id='word_1_226' title='bbox 3513 1813 3699 1885; x_wconf 84' lang='lat' dir='ltr'><strong>Cyril-</strong></span> 
     </span>
    </p>
   </div>
   <div class='ocr_carea' id='block_1_34' title="bbox 429 1906 2006 1976">
    <p class='ocr_par' dir='ltr' id='par_1_34' title="bbox 429 1906 2006 1976">
     <span class='ocr_line' id='line_1_34' title="bbox 429 1906 2006 1976; baseline -0.001 -13"><span class='ocrx_word' id='word_1_227' title='bbox 429 1918 605 1967; x_wconf 82' lang='lat' dir='ltr'><strong>rente.</strong></span> <span class='ocrx_word' id='word_1_228' title='bbox 659 1924 770 1962; x_wconf 90' lang='lat' dir='ltr'><strong>non</strong></span> <span class='ocrx_word' id='word_1_229' title='bbox 823 1907 1119 1962; x_wconf 83' lang='lat' dir='ltr'><strong>admodum</strong></span> <span class='ocrx_word' id='word_1_230' title='bbox 1144 1914 1399 1963; x_wconf 89' lang='lat' dir='ltr'><strong>constant</strong></span> <span class='ocrx_word' id='word_1_231' title='bbox 1423 1924 1436 1959; x_wconf 90' lang='lat'><strong>:</strong></span> <span class='ocrx_word' id='word_1_232' title='bbox 1464 1906 1644 1976; x_wconf 89' lang='lat' dir='ltr'><strong>potuit</strong></span> <span class='ocrx_word' id='word_1_233' title='bbox 1674 1914 1822 1961; x_wconf 89' lang='lat' dir='ltr'><strong>certe</strong></span> <span class='ocrx_word' id='word_1_234' title='bbox 1848 1907 2006 1961; x_wconf 87' lang='lat' dir='ltr'><strong>Aste-</strong></span> 
     </span>
    </p>
   </div>
   <div class='ocr_carea' id='block_1_35' title="bbox 430 1994 2006 2067">
    <p class='ocr_par' dir='ltr' id='par_1_35' title="bbox 430 1994 2006 2067">
     <span class='ocr_line' id='line_1_35' title="bbox 430 1994 2006 2067; baseline 0 -17"><span class='ocrx_word' id='word_1_235' title='bbox 430 1998 545 2052; x_wconf 90' lang='lat' dir='ltr'><strong>rius</strong></span> <span class='ocrx_word' id='word_1_236' title='bbox 591 1996 819 2052; x_wconf 83' lang='lat' dir='ltr'><strong>Joannis</strong></span> <span class='ocrx_word' id='word_1_237' title='bbox 865 1997 921 2050; x_wconf 87' lang='lat' dir='ltr'><strong>in</strong></span> <span class='ocrx_word' id='word_1_238' title='bbox 964 1996 1148 2052; x_wconf 88' lang='lat' dir='ltr'><strong>locum</strong></span> <span class='ocrx_word' id='word_1_239' title='bbox 1172 1994 1496 2059; x_wconf 83' lang='lat' dir='ltr'><strong>succedere,</strong></span> <span class='ocrx_word' id='word_1_240' title='bbox 1529 2011 1596 2050; x_wconf 90' lang='lat' dir='ltr'><strong>eo</strong></span> <span class='ocrx_word' id='word_1_241' title='bbox 1626 1996 1890 2067; x_wconf 87' lang='lat' dir='ltr'><strong>temporis</strong></span> <span class='ocrx_word' id='word_1_242' title='bbox 1917 1995 2006 2050; x_wconf 90' lang='lat' dir='ltr'><strong>in-</strong></span> 
     </span>
    </p>
   </div>
   <div class='ocr_carea' id='block_1_36' title="bbox 429 2084 2008 2156">
    <p class='ocr_par' dir='ltr' id='par_1_36' title="bbox 429 2084 2008 2156">
     <span class='ocr_line' id='line_1_36' title="bbox 429 2084 2008 2156; baseline -0.002 -15"><span class='ocrx_word' id='word_1_243' title='bbox 429 2086 677 2152; x_wconf 84' lang='lat' dir='ltr'><strong>tervallo,</strong></span> <span class='ocrx_word' id='word_1_244' title='bbox 722 2086 872 2156; x_wconf 91' lang='lat' dir='ltr'><strong>quod</strong></span> <span class='ocrx_word' id='word_1_245' title='bbox 917 2087 987 2141; x_wconf 89' lang='lat' dir='ltr'><strong>ab</strong></span> <span class='ocrx_word' id='word_1_246' title='bbox 1035 2100 1182 2140; x_wconf 89' lang='lat' dir='ltr'><strong>anno</strong></span> <span class='ocrx_word' id='word_1_247' title='bbox 1225 2084 1330 2141; x_wconf 73' lang='grc'><strong>445</strong></span> <span class='ocrx_word' id='word_1_248' title='bbox 1358 2085 1425 2139; x_wconf 86' lang='lat' dir='ltr'><strong>ad</strong></span> <span class='ocrx_word' id='word_1_249' title='bbox 1457 2084 1560 2139; x_wconf 68' lang='grc'><strong>450</strong></span> <span class='ocrx_word' id='word_1_250' title='bbox 1581 2084 1808 2149; x_wconf 81' lang='lat' dir='ltr'><strong>cllluxit,</strong></span> <span class='ocrx_word' id='word_1_251' title='bbox 1845 2092 1907 2138; x_wconf 93' lang='lat' dir='ltr'><strong>ut</strong></span> <span class='ocrx_word' id='word_1_252' title='bbox 1939 2099 2008 2139; x_wconf 74' lang='lat' dir='ltr'><strong>ex</strong></span> 
     </span>
    </p>
   </div>
   <div class='ocr_carea' id='block_1_37' title="bbox 428 2177 1015 2248">
    <p class='ocr_par' dir='ltr' id='par_1_37' title="bbox 428 2177 1015 2248">
     <span class='ocr_line' id='line_1_37' title="bbox 428 2177 1015 2248; baseline 0 -17"><span class='ocrx_word' id='word_1_253' title='bbox 428 2177 591 2232; x_wconf 89' lang='lat' dir='ltr'><strong>dictis</strong></span> <span class='ocrx_word' id='word_1_254' title='bbox 619 2186 868 2248; x_wconf 89' lang='lat' dir='ltr'><strong>apertum</strong></span> <span class='ocrx_word' id='word_1_255' title='bbox 909 2185 1015 2232; x_wconf 88' lang='lat' dir='ltr'><strong>est.</strong></span> 
     </span>
    </p>
   </div>
   <div class='ocr_carea' id='block_1_38' title="bbox 498 2265 2005 2339">
    <p class='ocr_par' dir='ltr' id='par_1_38' title="bbox 498 2265 2005 2339">
     <span class='ocr_line' id='line_1_38' title="bbox 498 2265 2005 2339; baseline -0.002 -16"><span class='ocrx_word' id='word_1_256' title='bbox 498 2265 590 2323; x_wconf 82' lang='lat' dir='ltr'><strong>1X.</strong></span> <span class='ocrx_word' id='word_1_257' title='bbox 626 2268 798 2339; x_wconf 81' lang='lat' dir='ltr'><strong>Digna</strong></span> <span class='ocrx_word' id='word_1_258' title='bbox 823 2275 950 2322; x_wconf 89' lang='lat' dir='ltr'><strong>sunt</strong></span> <span class='ocrx_word' id='word_1_259' title='bbox 972 2284 1093 2338; x_wconf 81' lang='lat' dir='ltr'><strong>qua:</strong></span> <span class='ocrx_word' id='word_1_260' title='bbox 1116 2267 1476 2322; x_wconf 84' lang='lat' dir='ltr'><strong>observentur</strong></span> <span class='ocrx_word' id='word_1_261' title='bbox 1497 2266 1691 2322; x_wconf 78' lang='lat' dir='ltr'><strong>ista.i.</strong></span> <span class='ocrx_word' id='word_1_262' title='bbox 1707 2267 1869 2321; x_wconf 68' lang='lat' dir='ltr'><strong>Novae</strong></span> <span class='ocrx_word' id='word_1_263' title='bbox 1892 2266 2005 2320; x_wconf 68' lang='lat' dir='ltr'><strong>hac-</strong></span> 
     </span>
    </p>
   </div>
   <div class='ocr_carea' id='block_1_39' title="bbox 427 2357 2003 2430">
    <p class='ocr_par' dir='ltr' id='par_1_39' title="bbox 427 2357 2003 2430">
     <span class='ocr_line' id='line_1_39' title="bbox 427 2357 2003 2430; baseline -0.002 -18"><span class='ocrx_word' id='word_1_264' title='bbox 427 2360 569 2415; x_wconf 86' lang='lat' dir='ltr'><strong>resis</strong></span> <span class='ocrx_word' id='word_1_265' title='bbox 601 2358 825 2422; x_wconf 87' lang='lat' dir='ltr'><strong>nomine</strong></span> <span class='ocrx_word' id='word_1_266' title='bbox 871 2358 1032 2430; x_wconf 77' lang='lat'><strong>383</strong></span> <span class='ocrx_word' id='word_1_267' title='bbox 1086 2374 1118 2413; x_wconf 87' lang='lat' dir='ltr'><strong>a</strong></span> <span class='ocrx_word' id='word_1_268' title='bbox 1170 2357 1520 2412; x_wconf 89' lang='lat' dir='ltr'><strong>Theodoreto</strong></span> <span class='ocrx_word' id='word_1_269' title='bbox 1577 2373 1698 2412; x_wconf 85' lang='lat' dir='ltr'><strong>eam</strong></span> <span class='ocrx_word' id='word_1_270' title='bbox 1750 2357 2003 2427; x_wconf 81' lang='lat' dir='ltr'><strong>intelligi,</strong></span> 
     </span>
    </p>
   </div>
   <div class='ocr_carea' id='block_1_40' title="bbox 427 2449 2004 2523">
    <p class='ocr_par' dir='ltr' id='par_1_40' title="bbox 427 2449 2004 2523">
     <span class='ocr_line' id='line_1_40' title="bbox 427 2449 2004 2523; baseline -0.001 -18"><span class='ocrx_word' id='word_1_271' title='bbox 427 2468 591 2522; x_wconf 83' lang='lat' dir='ltr'><strong>quam</strong></span> <span class='ocrx_word' id='word_1_272' title='bbox 643 2451 845 2523; x_wconf 84' lang='lat' dir='ltr'><strong>Cyrillo</strong></span> <span class='ocrx_word' id='word_1_273' title='bbox 895 2451 1118 2521; x_wconf 87' lang='lat' dir='ltr'><strong>quidem</strong></span> <span class='ocrx_word' id='word_1_274' title='bbox 1144 2449 1433 2521; x_wconf 78' lang='lat' dir='ltr'><strong>aﬂingebat</strong></span> <span class='ocrx_word' id='word_1_275' title='bbox 1459 2490 1473 2515; x_wconf 92' lang='lat'><strong>,</strong></span> <span class='ocrx_word' id='word_1_276' title='bbox 1520 2450 1700 2519; x_wconf 80' lang='lat' dir='ltr'><strong>rcipsa</strong></span> <span class='ocrx_word' id='word_1_277' title='bbox 1733 2466 1863 2505; x_wconf 85' lang='lat' dir='ltr'><strong>vero</strong></span> <span class='ocrx_word' id='word_1_278' title='bbox 1891 2450 2004 2504; x_wconf 88' lang='lat' dir='ltr'><strong>Eu-</strong></span> 
     </span>
    </p>
   </div>
   <div class='ocr_carea' id='block_1_41' title="bbox 426 2541 2006 2615">
    <p class='ocr_par' dir='ltr' id='par_1_41' title="bbox 426 2541 2006 2615">
     <span class='ocr_line' id='line_1_41' title="bbox 426 2541 2006 2615; baseline -0.002 -17"><span class='ocrx_word' id='word_1_279' title='bbox 426 2543 620 2615; x_wconf 80' lang='lat' dir='ltr'><strong>tyches</strong></span> <span class='ocrx_word' id='word_1_280' title='bbox 652 2543 931 2597; x_wconf 86' lang='lat' dir='ltr'><strong>tuebatur.</strong></span> <span class='ocrx_word' id='word_1_281' title='bbox 959 2542 1014 2595; x_wconf 65' lang='lat'><strong>‘2.</strong></span> <span class='ocrx_word' id='word_1_282' title='bbox 1036 2541 1313 2607; x_wconf 84' lang='lat' dir='ltr'><strong>Quantum</strong></span> <span class='ocrx_word' id='word_1_283' title='bbox 1342 2541 1614 2596; x_wconf 88' lang='lat' dir='ltr'><strong>tribueret</strong></span> <span class='ocrx_word' id='word_1_284' title='bbox 1636 2541 1835 2596; x_wconf 81' lang='lat' dir='ltr'><strong>litteris</strong></span> <span class='ocrx_word' id='word_1_285' title='bbox 1858 2556 2006 2596; x_wconf 89' lang='lat' dir='ltr'><strong>sum-</strong></span> 
     </span>
    </p>
   </div>
   <div class='ocr_carea' id='block_1_42' title="bbox 423 2631 2002 2703">
    <p class='ocr_par' dir='ltr' id='par_1_42' title="bbox 423 2631 2002 2703">
     <span class='ocr_line' id='line_1_42' title="bbox 423 2631 2002 2703; baseline -0.002 -15"><span class='ocrx_word' id='word_1_286' title='bbox 423 2648 640 2688; x_wconf 84' lang='lat' dir='ltr'><strong>morum</strong></span> <span class='ocrx_word' id='word_1_287' title='bbox 690 2632 1013 2703; x_wconf 79' lang='lat' dir='ltr'><strong>pontiﬁcum</strong></span> <span class='ocrx_word' id='word_1_288' title='bbox 1049 2632 1103 2686; x_wconf 88' lang='lat' dir='ltr'><strong>in</strong></span> <span class='ocrx_word' id='word_1_289' title='bbox 1142 2646 1305 2686; x_wconf 89' lang='lat' dir='ltr'><strong>causa</strong></span> <span class='ocrx_word' id='word_1_290' title='bbox 1350 2631 1524 2686; x_wconf 81' lang='lat' dir='ltr'><strong>fidei:</strong></span> <span class='ocrx_word' id='word_1_291' title='bbox 1576 2632 1809 2701; x_wconf 86' lang='lat' dir='ltr'><strong>loquens</strong></span> <span class='ocrx_word' id='word_1_292' title='bbox 1855 2632 2002 2687; x_wconf 88' lang='lat' dir='ltr'><strong>enim</strong></span> 
     </span>
    </p>
   </div>
   <div class='ocr_carea' id='block_1_43' title="bbox 425 2721 2000 2794">
    <p class='ocr_par' dir='ltr' id='par_1_43' title="bbox 425 2721 2000 2794">
     <span class='ocr_line' id='line_1_43' title="bbox 425 2721 2000 2794; baseline -0.001 -15"><span class='ocrx_word' id='word_1_293' title='bbox 425 2725 494 2779; x_wconf 86' lang='lat' dir='ltr'><strong>de</strong></span> <span class='ocrx_word' id='word_1_294' title='bbox 522 2723 755 2794; x_wconf 88' lang='lat' dir='ltr'><strong>epistola</strong></span> <span class='ocrx_word' id='word_1_295' title='bbox 790 2723 965 2777; x_wconf 90' lang='lat' dir='ltr'><strong>sancti</strong></span> <span class='ocrx_word' id='word_1_296' title='bbox 998 2721 1200 2776; x_wconf 90' lang='lat' dir='ltr'><strong>Leonis</strong></span> <span class='ocrx_word' id='word_1_297' title='bbox 1228 2721 1294 2775; x_wconf 87' lang='lat' dir='ltr'><strong>ad</strong></span> <span class='ocrx_word' id='word_1_298' title='bbox 1327 2722 1646 2776; x_wconf 84' lang='lat' dir='ltr'><strong>Flavianum</strong></span> <span class='ocrx_word' id='word_1_299' title='bbox 1672 2722 1789 2777; x_wconf 84' lang='lat' dir='ltr'><strong>haec</strong></span> <span class='ocrx_word' id='word_1_300' title='bbox 1816 2723 2000 2778; x_wconf 85' lang='lat' dir='ltr'><strong>habet:</strong></span> 
     </span>
    </p>
   </div>
   <div class='ocr_carea' id='block_1_44' title="bbox 431 2810 2003 2881">
    <p class='ocr_par' dir='ltr' id='par_1_44' title="bbox 431 2810 2003 2881">
     <span class='ocr_line' id='line_1_44' title="bbox 431 2810 2003 2881; baseline 0.002 -18"><span class='ocrx_word' id='word_1_301' title='bbox 431 2832 449 2863; x_wconf 71' lang='grc' dir='ltr'><strong>ι</strong></span> <span class='ocrx_word' id='word_1_302' title='bbox 476 2812 577 2867; x_wconf 86' lang='lat' dir='ltr'><strong>Cui</strong></span> <span class='ocrx_word' id='word_1_303' title='bbox 610 2811 774 2866; x_wconf 88' lang='lat' dir='ltr'><strong>etiam</strong></span> <span class='ocrx_word' id='word_1_304' title='bbox 831 2810 1154 2880; x_wconf 89' lang='lat' dir='ltr'><strong>subscripsi,</strong></span> <span class='ocrx_word' id='word_1_305' title='bbox 1200 2819 1257 2865; x_wconf 91' lang='lat' dir='ltr'><strong>et</strong></span> <span class='ocrx_word' id='word_1_306' title='bbox 1304 2826 1369 2864; x_wconf 75' lang='lat' dir='ltr'><strong>ex</strong></span> <span class='ocrx_word' id='word_1_307' title='bbox 1409 2811 1516 2865; x_wconf 89' lang='lat' dir='ltr'><strong>hoc</strong></span> <span class='ocrx_word' id='word_1_308' title='bbox 1559 2811 1808 2881; x_wconf 86' lang='lat' dir='ltr'><strong>probavi,</strong></span> <span class='ocrx_word' id='word_1_309' title='bbox 1855 2812 2003 2881; x_wconf 84' lang='lat' dir='ltr'><strong>quod</strong></span> 
     </span>
    </p>
   </div>
   <div class='ocr_carea' id='block_1_45' title="bbox 424 2901 1995 2974">
    <p class='ocr_par' dir='ltr' id='par_1_45' title="bbox 424 2901 1995 2974">
     <span class='ocr_line' id='line_1_45' title="bbox 424 2901 1995 2974; baseline -0.004 -16"><span class='ocrx_word' id='word_1_310' title='bbox 424 2903 640 2974; x_wconf 80' lang='lat' dir='ltr'><strong>regulas</strong></span> <span class='ocrx_word' id='word_1_311' title='bbox 661 2902 1005 2971; x_wconf 73' lang='lat' dir='ltr'><strong>apostolicus,</strong></span> <span class='ocrx_word' id='word_1_312' title='bbox 1031 2902 1136 2956; x_wconf 88' lang='lat' dir='ltr'><strong>hoc</strong></span> <span class='ocrx_word' id='word_1_313' title='bbox 1157 2911 1242 2956; x_wconf 91' lang='lat' dir='ltr'><strong>est</strong></span> <span class='ocrx_word' id='word_1_314' title='bbox 1270 2917 1400 2956; x_wconf 87' lang='lat' dir='ltr'><strong>vera</strong></span> <span class='ocrx_word' id='word_1_315' title='bbox 1429 2901 1701 2972; x_wconf 80' lang='lat' dir='ltr'><strong>dogmata,</strong></span> <span class='ocrx_word' id='word_1_316' title='bbox 1728 2918 1951 2972; x_wconf 86' lang='lat' dir='ltr'><strong>sequor.</strong></span> <span class='ocrx_word' id='word_1_317' title='bbox 1975 2920 1995 2952; x_wconf 77' lang='grc' dir='ltr'><strong>ι</strong></span> 
     </span>
    </p>
   </div>
   <div class='ocr_carea' id='block_1_46' title="bbox 422 2988 2001 3059">
    <p class='ocr_par' dir='ltr' id='par_1_46' title="bbox 422 2988 2001 3059">
     <span class='ocr_line' id='line_1_46' title="bbox 422 2988 2001 3059; baseline 0 -14"><span class='ocrx_word' id='word_1_318' title='bbox 422 2993 477 3046; x_wconf 80' lang='grc'><strong>5.</strong></span> <span class='ocrx_word' id='word_1_319' title='bbox 510 2991 680 3059; x_wconf 83' lang='lat' dir='ltr'><strong>Quam</strong></span> <span class='ocrx_word' id='word_1_320' title='bbox 706 2991 922 3045; x_wconf 89' lang='lat' dir='ltr'><strong>sincere</strong></span> <span class='ocrx_word' id='word_1_321' title='bbox 945 2989 1212 3044; x_wconf 88' lang='lat' dir='ltr'><strong>fateretur</strong></span> <span class='ocrx_word' id='word_1_322' title='bbox 1240 2988 1366 3044; x_wconf 84' lang='lat' dir='ltr'><strong>ﬁdei</strong></span> <span class='ocrx_word' id='word_1_323' title='bbox 1406 2990 1716 3044; x_wconf 82' lang='lat' dir='ltr'><strong>columnam</strong></span> <span class='ocrx_word' id='word_1_324' title='bbox 1759 2991 1836 3044; x_wconf 81' lang='lat' dir='ltr'><strong>ita</strong></span> <span class='ocrx_word' id='word_1_325' title='bbox 1880 3005 2001 3045; x_wconf 82' lang='lat' dir='ltr'><strong>esse</strong></span> 
     </span>
    </p>
   </div>
   <div class='ocr_carea' id='block_1_47' title="bbox 422 3080 1999 3153">
    <p class='ocr_par' dir='ltr' id='par_1_47' title="bbox 422 3080 1999 3153">
     <span class='ocr_line' id='line_1_47' title="bbox 422 3080 1999 3153; baseline -0.003 -15"><span class='ocrx_word' id='word_1_326' title='bbox 422 3083 567 3153; x_wconf 86' lang='lat' dir='ltr'><strong>apud</strong></span> <span class='ocrx_word' id='word_1_327' title='bbox 607 3081 1007 3145; x_wconf 84' lang='lat' dir='ltr'><strong>Occidentales,</strong></span> <span class='ocrx_word' id='word_1_328' title='bbox 1066 3087 1174 3135; x_wconf 72' lang='lat' dir='ltr'><strong>«ut</strong></span> <span class='ocrx_word' id='word_1_329' title='bbox 1218 3096 1286 3135; x_wconf 78' lang='lat' dir='ltr'><strong>cx</strong></span> <span class='ocrx_word' id='word_1_330' title='bbox 1337 3080 1407 3134; x_wconf 88' lang='lat' dir='ltr'><strong>iis</strong></span> <span class='ocrx_word' id='word_1_331' title='bbox 1472 3080 1637 3135; x_wconf 88' lang='lat' dir='ltr'><strong>etiam</strong></span> <span class='ocrx_word' id='word_1_332' title='bbox 1693 3081 1999 3136; x_wconf 85' lang='lat' dir='ltr'><strong>Orientales</strong></span> 
     </span>
    </p>
   </div>
   <div class='ocr_carea' id='block_1_48' title="bbox 422 3171 1990 3245">
    <p class='ocr_par' dir='ltr' id='par_1_48' title="bbox 422 3171 1990 3245">
     <span class='ocr_line' id='line_1_48' title="bbox 422 3171 1990 3245; baseline -0.003 -15"><span class='ocrx_word' id='word_1_333' title='bbox 422 3181 780 3230; x_wconf 79' lang='lat' dir='ltr'><strong>sacrosancta:</strong></span> <span class='ocrx_word' id='word_1_334' title='bbox 800 3171 1059 3227; x_wconf 82' lang='lat' dir='ltr'><strong>Ecclesiae</strong></span> <span class='ocrx_word' id='word_1_335' title='bbox 1080 3186 1269 3226; x_wconf 86' lang='lat' dir='ltr'><strong>veram</strong></span> <span class='ocrx_word' id='word_1_336' title='bbox 1291 3171 1604 3227; x_wconf 90' lang='lat' dir='ltr'><strong>custodiant</strong></span> <span class='ocrx_word' id='word_1_337' title='bbox 1620 3172 1958 3245; x_wconf 81' lang='lat' dir='ltr'><strong>religionem.</strong></span> <span class='ocrx_word' id='word_1_338' title='bbox 1972 3193 1990 3225; x_wconf 76' lang='grc' dir='ltr'><strong>ι</strong></span> 
     </span>
    </p>
   </div>
   <div class='ocr_carea' id='block_1_49' title="bbox 1020 3301 1382 3359">
    <p class='ocr_par' dir='ltr' id='par_1_49' title="bbox 1020 3301 1382 3359">
     <span class='ocr_line' id='line_1_49' title="bbox 1020 3301 1382 3359; baseline -0.003 -1"><span class='ocrx_word' id='word_1_339' title='bbox 1020 3301 1246 3359; x_wconf 84' lang='lat' dir='ltr'><strong>CAPUT</strong></span> <span class='ocrx_word' id='word_1_340' title='bbox 1292 3303 1382 3359; x_wconf 74' lang='lat' dir='ltr'><strong>VI.</strong></span> 
     </span>
    </p>
   </div>
   <div class='ocr_carea' id='block_1_50' title="bbox 487 3409 1929 3493">
    <p class='ocr_par' dir='ltr' id='par_1_50' title="bbox 487 3409 1929 3493">
     <span class='ocr_line' id='line_1_50' title="bbox 487 3409 1929 3493; baseline 0.003 -26"><span class='ocrx_word' id='word_1_341' title='bbox 487 3411 741 3467; x_wconf 76' lang='lat' dir='ltr'><strong>Recensio</strong></span> <span class='ocrx_word' id='word_1_342' title='bbox 761 3409 990 3481; x_wconf 78' lang='lat' dir='ltr'><strong>Operam</strong></span> <span class='ocrx_word' id='word_1_343' title='bbox 1011 3452 1025 3475; x_wconf 94' lang='lat'><strong>,</strong></span> <span class='ocrx_word' id='word_1_344' title='bbox 1051 3427 1175 3493; x_wconf 42' lang='lat' dir='ltr'><strong>quae.</strong></span> <span class='ocrx_word' id='word_1_345' title='bbox 1200 3420 1340 3493; x_wconf 68' lang='lat' dir='ltr'><strong>tonio</strong></span> <span class='ocrx_word' id='word_1_346' title='bbox 1393 3412 1470 3469; x_wconf 84' lang='lat' dir='ltr'><strong>IV</strong></span> <span class='ocrx_word' id='word_1_347' title='bbox 1499 3415 1624 3469; x_wconf 89' lang='lat' dir='ltr'><strong>edit.</strong></span> <span class='ocrx_word' id='word_1_348' title='bbox 1661 3414 1929 3472; x_wconf 86' lang='lat' dir='ltr'><strong>Sirmondi</strong></span> 
     </span>
    </p>
   </div>
   <div class='ocr_carea' id='block_1_51' title="bbox 1034 3490 1389 3537">
    <p class='ocr_par' dir='ltr' id='par_1_51' title="bbox 1034 3490 1389 3537">
     <span class='ocr_line' id='line_1_51' title="bbox 1034 3490 1389 3537; baseline 0.008 -3"><span class='ocrx_word' id='word_1_349' title='bbox 1034 3490 1389 3537; x_wconf 81' lang='lat' dir='ltr'><strong>continentur.</strong></span> 
     </span>
    </p>
   </div>
   <div class='ocr_carea' id='block_1_52' title="bbox 491 3598 1999 3676">
    <p class='ocr_par' dir='ltr' id='par_1_52' title="bbox 491 3598 1999 3676">
     <span class='ocr_line' id='line_1_52' title="bbox 491 3598 1999 3676; baseline 0 -22"><span class='ocrx_word' id='word_1_350' title='bbox 491 3600 699 3655; x_wconf 85' lang='lat' dir='ltr'><strong>Tomus</strong></span> <span class='ocrx_word' id='word_1_351' title='bbox 736 3607 969 3670; x_wconf 83' lang='lat' dir='ltr'><strong>quartus</strong></span> <span class='ocrx_word' id='word_1_352' title='bbox 1006 3598 1391 3667; x_wconf 89' lang='lat' dir='ltr'><strong>complectitur</strong></span> <span class='ocrx_word' id='word_1_353' title='bbox 1418 3598 1688 3676; x_wconf 74' lang='lat' dir='ltr'><strong>Eranistte</strong></span> <span class='ocrx_word' id='word_1_354' title='bbox 1713 3615 1808 3654; x_wconf 89' lang='lat' dir='ltr'><strong>seu</strong></span> <span class='ocrx_word' id='word_1_355' title='bbox 1832 3600 1999 3673; x_wconf 81' lang='lat' dir='ltr'><strong>Poly-</strong></span> 
     </span>
    </p>
   </div>
   <div class='ocr_carea' id='block_1_53' title="bbox 425 3687 1999 3762">
    <p class='ocr_par' dir='ltr' id='par_1_53' title="bbox 425 3687 1999 3762">
     <span class='ocr_line' id='line_1_53' title="bbox 425 3687 1999 3762; baseline 0 -16"><span class='ocrx_word' id='word_1_356' title='bbox 425 3692 630 3762; x_wconf 83' lang='lat' dir='ltr'><strong>morphi</strong></span> <span class='ocrx_word' id='word_1_357' title='bbox 665 3690 837 3745; x_wconf 85' lang='lat' dir='ltr'><strong>libros</strong></span> <span class='ocrx_word' id='word_1_358' title='bbox 879 3697 1136 3759; x_wconf 85' lang='lat' dir='ltr'><strong>quatuor,</strong></span> <span class='ocrx_word' id='word_1_359' title='bbox 1165 3687 1548 3743; x_wconf 63' lang='lat' dir='ltr'><strong>Hareticarum</strong></span> <span class='ocrx_word' id='word_1_360' title='bbox 1591 3690 1894 3760; x_wconf 79' lang='lat' dir='ltr'><strong>fabularum</strong></span> <span class='ocrx_word' id='word_1_361' title='bbox 1931 3693 1999 3746; x_wconf 82' lang='lat' dir='ltr'><strong>li-</strong></span> 
     </span>
    </p>
   </div>
   <div class='ocr_carea' id='block_1_54' title="bbox 424 3779 1999 3853">
    <p class='ocr_par' dir='ltr' id='par_1_54' title="bbox 424 3779 1999 3853">
     <span class='ocr_line' id='line_1_54' title="bbox 424 3779 1999 3853; baseline 0.001 -16"><span class='ocrx_word' id='word_1_362' title='bbox 424 3784 551 3838; x_wconf 85' lang='lat' dir='ltr'><strong>bros</strong></span> <span class='ocrx_word' id='word_1_363' title='bbox 573 3780 815 3853; x_wconf 88' lang='lat' dir='ltr'><strong>quinque</strong></span> <span class='ocrx_word' id='word_1_364' title='bbox 842 3822 856 3846; x_wconf 90' lang='lat'><strong>,</strong></span> <span class='ocrx_word' id='word_1_365' title='bbox 885 3779 962 3834; x_wconf 87' lang='lat' dir='ltr'><strong>De</strong></span> <span class='ocrx_word' id='word_1_366' title='bbox 989 3779 1326 3834; x_wconf 73' lang='lat' dir='ltr'><strong>Providentia</strong></span> <span class='ocrx_word' id='word_1_367' title='bbox 1354 3795 1645 3836; x_wconf 89' lang='lat' dir='ltr'><strong>sermones</strong></span> <span class='ocrx_word' id='word_1_368' title='bbox 1672 3782 1860 3838; x_wconf 88' lang='lat' dir='ltr'><strong>decem</strong></span> <span class='ocrx_word' id='word_1_369' title='bbox 1886 3825 1899 3848; x_wconf 92' lang='lat'><strong>,</strong></span> <span class='ocrx_word' id='word_1_370' title='bbox 1924 3783 1999 3837; x_wconf 86' lang='lat' dir='ltr'><strong>De</strong></span> 
     </span>
    </p>
   </div>
   <div class='ocr_carea' id='block_1_55' title="bbox 424 3874 1995 3947">
    <p class='ocr_par' dir='ltr' id='par_1_55' title="bbox 424 3874 1995 3947">
     <span class='ocr_line' id='line_1_55' title="bbox 424 3874 1995 3947; baseline -0.001 -15"><span class='ocrx_word' id='word_1_371' title='bbox 424 3876 738 3933; x_wconf 78' lang='lat' dir='ltr'><strong>Crtecanicis</strong></span> <span class='ocrx_word' id='word_1_372' title='bbox 786 3874 1140 3947; x_wconf 62' lang='lat' dir='ltr'><strong>affectionibus</strong></span> <span class='ocrx_word' id='word_1_373' title='bbox 1190 3874 1438 3929; x_wconf 81' lang='lat' dir='ltr'><strong>curandis</strong></span> <span class='ocrx_word' id='word_1_374' title='bbox 1474 3874 1646 3930; x_wconf 84' lang='lat' dir='ltr'><strong>libros</strong></span> <span class='ocrx_word' id='word_1_375' title='bbox 1684 3874 1995 3943; x_wconf 87' lang='lat' dir='ltr'><strong>duodecim,</strong></span> 
     </span>
    </p>
   </div>
   <div class='ocr_carea' id='block_1_56' title="bbox 424 3965 901 4037">
    <p class='ocr_par' dir='ltr' id='par_1_56' title="bbox 424 3965 901 4037">
     <span class='ocr_line' id='line_1_56' title="bbox 424 3965 901 4037; baseline -0.006 -16"><span class='ocrx_word' id='word_1_376' title='bbox 424 3975 480 4022; x_wconf 87' lang='lat' dir='ltr'><strong>et</strong></span> <span class='ocrx_word' id='word_1_377' title='bbox 508 3965 901 4037; x_wconf 80' lang='lat' dir='ltr'><strong>Appendicem.</strong></span> 
     </span>
    </p>
   </div>
   <div class='ocr_carea' id='block_1_57' title="bbox 733 4073 1689 4148">
    <p class='ocr_par' dir='ltr' id='par_1_57' title="bbox 733 4073 1689 4148">
     <span class='ocr_line' id='line_1_57' title="bbox 733 4073 1689 4148; baseline 0.003 -19"><span class='ocrx_word' id='word_1_378' title='bbox 733 4074 761 4145; x_wconf 83' lang='lat'><strong>§</strong></span> <span class='ocrx_word' id='word_1_379' title='bbox 785 4075 825 4129; x_wconf 83' lang='grc' dir='ltr'><strong>Ι.</strong></span> <span class='ocrx_word' id='word_1_380' title='bbox 859 4073 1139 4127; x_wconf 85' lang='lat' dir='ltr'><strong>Eranistes</strong></span> <span class='ocrx_word' id='word_1_381' title='bbox 1159 4090 1251 4128; x_wconf 85' lang='lat' dir='ltr'><strong>seu</strong></span> <span class='ocrx_word' id='word_1_382' title='bbox 1283 4074 1689 4148; x_wconf 74' lang='lat' dir='ltr'><strong>Polymorphm.</strong></span> 
     </span>
    </p>
   </div>
   <div class='ocr_carea' id='block_1_58' title="bbox 492 4187 1998 4259">
    <p class='ocr_par' dir='ltr' id='par_1_58' title="bbox 492 4187 1998 4259">
     <span class='ocr_line' id='line_1_58' title="bbox 492 4187 1998 4259; baseline 0.002 -17"><span class='ocrx_word' id='word_1_383' title='bbox 492 4188 534 4242; x_wconf 89' lang='grc'><strong>1.</strong></span> <span class='ocrx_word' id='word_1_384' title='bbox 563 4187 834 4242; x_wconf 81' lang='lat' dir='ltr'><strong>Eranistes</strong></span> <span class='ocrx_word' id='word_1_385' title='bbox 866 4204 963 4243; x_wconf 88' lang='lat' dir='ltr'><strong>seu</strong></span> <span class='ocrx_word' id='word_1_386' title='bbox 992 4188 1371 4259; x_wconf 81' lang='lat' dir='ltr'><strong>Polymorphus</strong></span> <span class='ocrx_word' id='word_1_387' title='bbox 1411 4187 1566 4242; x_wconf 87' lang='lat' dir='ltr'><strong>libris</strong></span> <span class='ocrx_word' id='word_1_388' title='bbox 1595 4196 1832 4257; x_wconf 87' lang='lat' dir='ltr'><strong>quatuor</strong></span> <span class='ocrx_word' id='word_1_389' title='bbox 1864 4205 1998 4245; x_wconf 83' lang='lat' dir='ltr'><strong>con-</strong></span> 
     </span>
    </p>
   </div>
   <div class='ocr_carea' id='block_1_59' title="bbox 423 4275 1999 4347">
    <p class='ocr_par' dir='ltr' id='par_1_59' title="bbox 423 4275 1999 4347">
     <span class='ocr_line' id='line_1_59' title="bbox 423 4275 1999 4347; baseline 0.003 -19"><span class='ocrx_word' id='word_1_390' title='bbox 423 4275 652 4340; x_wconf 88' lang='lat' dir='ltr'><strong>tinetur,</strong></span> <span class='ocrx_word' id='word_1_391' title='bbox 683 4291 921 4346; x_wconf 87' lang='lat' dir='ltr'><strong>quorum</strong></span> <span class='ocrx_word' id='word_1_392' title='bbox 964 4286 1078 4332; x_wconf 90' lang='lat' dir='ltr'><strong>tres</strong></span> <span class='ocrx_word' id='word_1_393' title='bbox 1126 4277 1341 4347; x_wconf 91' lang='lat' dir='ltr'><strong>priores</strong></span> <span class='ocrx_word' id='word_1_394' title='bbox 1378 4276 1579 4347; x_wconf 78' lang='lat' dir='ltr'><strong>dialogi</strong></span> <span class='ocrx_word' id='word_1_395' title='bbox 1620 4276 1854 4332; x_wconf 87' lang='lat' dir='ltr'><strong>formam</strong></span> <span class='ocrx_word' id='word_1_396' title='bbox 1897 4278 1999 4334; x_wconf 89' lang='lat' dir='ltr'><strong>ha-</strong></span> 
     </span>
    </p>
   </div>
   <div class='ocr_carea' id='block_1_60' title="bbox 420 4367 1996 4441">
    <p class='ocr_par' dir='ltr' id='par_1_60' title="bbox 420 4367 1996 4441">
     <span class='ocr_line' id='line_1_60' title="bbox 420 4367 1996 4441; baseline 0.002 -18"><span class='ocrx_word' id='word_1_397' title='bbox 420 4368 574 4423; x_wconf 87' lang='lat' dir='ltr'><strong>bent.</strong></span> <span class='ocrx_word' id='word_1_398' title='bbox 597 4367 837 4434; x_wconf 83' lang='lat' dir='ltr'><strong>Quartus</strong></span> <span class='ocrx_word' id='word_1_399' title='bbox 868 4369 1191 4424; x_wconf 88' lang='lat' dir='ltr'><strong>inscribitur</strong></span> <span class='ocrx_word' id='word_1_400' title='bbox 1219 4368 1628 4423; x_wconf 90' lang='lat' dir='ltr'><strong>Demonstratio</strong></span> <span class='ocrx_word' id='word_1_401' title='bbox 1676 4383 1776 4439; x_wconf 88' lang='lat' dir='ltr'><strong>per</strong></span> <span class='ocrx_word' id='word_1_402' title='bbox 1827 4371 1996 4441; x_wconf 78' lang='lat' dir='ltr'><strong>syllo-</strong></span> 
     </span>
    </p>
   </div>
   <div class='ocr_carea' id='block_1_61' title="bbox 2106 1900 3692 1971">
    <p class='ocr_par' dir='ltr' id='par_1_61' title="bbox 2106 1900 3692 1971">
     <span class='ocr_line' id='line_1_61' title="bbox 2106 1900 3692 1971; baseline 0.003 -17"><span class='ocrx_word' id='word_1_403' title='bbox 2106 1900 2259 1966; x_wconf 89' lang='lat' dir='ltr'><strong>lum,</strong></span> <span class='ocrx_word' id='word_1_404' title='bbox 2304 1900 2553 1956; x_wconf 89' lang='lat' dir='ltr'><strong>Dioscori</strong></span> <span class='ocrx_word' id='word_1_405' title='bbox 2606 1916 2990 1971; x_wconf 64' lang='lat' dir='ltr'><strong>praecessores,</strong></span> <span class='ocrx_word' id='word_1_406' title='bbox 3047 1904 3260 1969; x_wconf 84' lang='lat' dir='ltr'><strong>testari,</strong></span> <span class='ocrx_word' id='word_1_407' title='bbox 3311 1903 3428 1960; x_wconf 76' lang='lat' dir='ltr'><strong>haec</strong></span> <span class='ocrx_word' id='word_1_408' title='bbox 3480 1905 3692 1961; x_wconf 87' lang='lat' dir='ltr'><strong>habet:</strong></span> 
     </span>
    </p>
   </div>
   <div class='ocr_carea' id='block_1_62' title="bbox 2110 1992 3695 2066">
    <p class='ocr_par' dir='ltr' id='par_1_62' title="bbox 2110 1992 3695 2066">
     <span class='ocr_line' id='line_1_62' title="bbox 2110 1992 3695 2066; baseline 0.002 -20"><span class='ocrx_word' id='word_1_409' title='bbox 2110 1993 2233 2046; x_wconf 83' lang='grc' dir='ltr'>Ὅτι</span> <span class='ocrx_word' id='word_1_410' title='bbox 2262 1992 2319 2045; x_wconf 77' lang='grc' dir='ltr'><strong>δὲ</strong></span> <span class='ocrx_word' id='word_1_411' title='bbox 2349 1993 2443 2047; x_wconf 76' lang='grc' dir='ltr'>καὶ</span> <span class='ocrx_word' id='word_1_412' title='bbox 2474 1995 2587 2057; x_wconf 82' lang='grc' dir='ltr'>τοῖς</span> <span class='ocrx_word' id='word_1_413' title='bbox 2631 1993 2739 2048; x_wconf 78' lang='grc' dir='ltr'>τῶν</span> <span class='ocrx_word' id='word_1_414' title='bbox 2792 1994 3082 2066; x_wconf 80' lang='grc' dir='ltr'><strong>μακαρίων</strong></span> <span class='ocrx_word' id='word_1_415' title='bbox 3132 1996 3393 2066; x_wconf 77' lang='grc' dir='ltr'><strong>Θεοφίλου</strong></span> <span class='ocrx_word' id='word_1_416' title='bbox 3449 1998 3547 2051; x_wconf 80' lang='grc' dir='ltr'><strong>καὶ</strong></span> <span class='ocrx_word' id='word_1_417' title='bbox 3578 1999 3695 2050; x_wconf 78' lang='lat' dir='ltr'><strong>Ku-</strong></span> 
     </span>
    </p>
   </div>
   <div class='ocr_carea' id='block_1_63' title="bbox 2109 2083 3695 2156">
    <p class='ocr_par' dir='ltr' id='par_1_63' title="bbox 2109 2083 3695 2156">
     <span class='ocr_line' id='line_1_63' title="bbox 2109 2083 3695 2156; baseline 0.002 -20"><span class='ocrx_word' id='word_1_418' title='bbox 2109 2083 2289 2154; x_wconf 80' lang='grc' dir='ltr'>ρὶλλου</span> <span class='ocrx_word' id='word_1_419' title='bbox 2343 2083 2742 2155; x_wconf 80' lang='grc' dir='ltr'><strong>συγγράμμασι</strong></span> <span class='ocrx_word' id='word_1_420' title='bbox 2795 2086 3146 2156; x_wconf 81' lang='grc' dir='ltr'><strong>κεχρημένοι,</strong></span> <span class='ocrx_word' id='word_1_421' title='bbox 3198 2087 3324 2151; x_wconf 75' lang='grc' dir='ltr'>τοὺς</span> <span class='ocrx_word' id='word_1_422' title='bbox 3385 2087 3695 2154; x_wconf 81' lang='grc' dir='ltr'><strong>ἀντιλέγειν</strong></span> 
     </span>
    </p>
   </div>
   <div class='ocr_carea' id='block_1_64' title="bbox 2103 2171 3692 2247">
    <p class='ocr_par' dir='ltr' id='par_1_64' title="bbox 2103 2171 3692 2247">
     <span class='ocr_line' id='line_1_64' title="bbox 2103 2171 3692 2247; baseline 0.003 -22"><span class='ocrx_word' id='word_1_423' title='bbox 2103 2171 2417 2242; x_wconf 83' lang='grc' dir='ltr'><strong>τολμῶντας</strong></span> <span class='ocrx_word' id='word_1_424' title='bbox 2438 2172 2859 2243; x_wconf 76' lang='grc' dir='ltr'>ὲπιστομίζομεν</span> <span class='ocrx_word' id='word_1_425' title='bbox 2878 2174 2943 2239; x_wconf 83' lang='grc'>³³,</span> <span class='ocrx_word' id='word_1_426' title='bbox 2961 2175 3098 2228; x_wconf 77' lang='grc' dir='ltr'>αὐτὰ</span> <span class='ocrx_word' id='word_1_427' title='bbox 3120 2177 3389 2247; x_wconf 82' lang='grc' dir='ltr'>μαρτυρεῖ</span> <span class='ocrx_word' id='word_1_428' title='bbox 3412 2176 3480 2229; x_wconf 79' lang='grc' dir='ltr'><strong>τά</strong></span> <span class='ocrx_word' id='word_1_429' title='bbox 3504 2176 3692 2246; x_wconf 77' lang='grc' dir='ltr'>γράμ-</span> 
     </span>
    </p>
   </div>
   <div class='ocr_carea' id='block_1_65' title="bbox 2108 2260 3692 2336">
    <p class='ocr_par' dir='ltr' id='par_1_65' title="bbox 2108 2260 3692 2336">
     <span class='ocr_line' id='line_1_65' title="bbox 2108 2260 3692 2336; baseline 0.005 -25"><span class='ocrx_word' id='word_1_430' title='bbox 2108 2275 2255 2328; x_wconf 87' lang='grc' dir='ltr'>ματα</span> <span class='ocrx_word' id='word_1_431' title='bbox 2274 2274 2287 2287; x_wconf 86' lang='grc'>·</span> <span class='ocrx_word' id='word_1_432' title='bbox 2318 2260 2444 2323; x_wconf 76' lang='grc' dir='ltr'>τοὺς</span> <span class='ocrx_word' id='word_1_433' title='bbox 2461 2260 2569 2328; x_wconf 86' lang='grc' dir='ltr'>γὰρ</span> <span class='ocrx_word' id='word_1_434' title='bbox 2598 2264 2697 2332; x_wconf 77' lang='grc' dir='ltr'><strong>τῆς</strong></span> <span class='ocrx_word' id='word_1_435' title='bbox 2717 2263 3053 2333; x_wconf 78' lang='grc' dir='ltr'>Δεσποτικῆς</span> <span class='ocrx_word' id='word_1_436' title='bbox 3085 2265 3285 2335; x_wconf 84' lang='grc' dir='ltr'>σαρκὸς</span> <span class='ocrx_word' id='word_1_437' title='bbox 3313 2266 3407 2318; x_wconf 78' lang='grc' dir='ltr'>καὶ</span> <span class='ocrx_word' id='word_1_438' title='bbox 3436 2266 3536 2336; x_wconf 84' lang='grc' dir='ltr'>τῆς</span> <span class='ocrx_word' id='word_1_439' title='bbox 3570 2266 3692 2318; x_wconf 81' lang='grc' dir='ltr'>θεό-</span> 
     </span>
    </p>
   </div>
   <div class='ocr_carea' id='block_1_66' title="bbox 2102 2350 3694 2428">
    <p class='ocr_par' dir='ltr' id='par_1_66' title="bbox 2102 2350 3694 2428">
     <span class='ocr_line' id='line_1_66' title="bbox 2102 2350 3694 2428; baseline 0.008 -27"><span class='ocrx_word' id='word_1_440' title='bbox 2102 2365 2265 2420; x_wconf 85' lang='grc' dir='ltr'>τητος</span> <span class='ocrx_word' id='word_1_441' title='bbox 2302 2350 2399 2418; x_wconf 74' lang='grc' dir='ltr'><strong>τὴν</strong></span> <span class='ocrx_word' id='word_1_442' title='bbox 2426 2350 2688 2422; x_wconf 64' lang='grc' dir='ltr'>διαφορὰν</span> <span class='ocrx_word' id='word_1_443' title='bbox 2719 2353 3109 2424; x_wconf 75' lang='grc' dir='ltr'><strong>ἀρνουμένους,</strong></span> <span class='ocrx_word' id='word_1_444' title='bbox 3156 2356 3248 2409; x_wconf 76' lang='grc' dir='ltr'>καὶ</span> <span class='ocrx_word' id='word_1_445' title='bbox 3292 2358 3422 2410; x_wconf 83' lang='grc' dir='ltr'>ποτὲ</span> <span class='ocrx_word' id='word_1_446' title='bbox 3452 2358 3555 2427; x_wconf 70' lang='grc' dir='ltr'>μὲν</span> <span class='ocrx_word' id='word_1_447' title='bbox 3590 2358 3694 2428; x_wconf 83' lang='grc' dir='ltr'>τὴν</span> 
     </span>
    </p>
   </div>
   <div class='ocr_carea' id='block_1_67' title="bbox 2104 2440 3691 2516">
    <p class='ocr_par' dir='ltr' id='par_1_67' title="bbox 2104 2440 3691 2516">
     <span class='ocr_line' id='line_1_67' title="bbox 2104 2440 3691 2516; baseline 0.007 -23"><span class='ocrx_word' id='word_1_448' title='bbox 2104 2440 2254 2494; x_wconf 84' lang='grc' dir='ltr'>θείαν</span> <span class='ocrx_word' id='word_1_449' title='bbox 2284 2441 2445 2510; x_wconf 80' lang='grc' dir='ltr'>φύσιν</span> <span class='ocrx_word' id='word_1_450' title='bbox 2472 2445 2550 2505; x_wconf 78' lang='lat' dir='ltr'><strong>ei;</strong></span> <span class='ocrx_word' id='word_1_451' title='bbox 2584 2443 2763 2515; x_wconf 82' lang='grc' dir='ltr'>σάρκα</span> <span class='ocrx_word' id='word_1_452' title='bbox 2801 2445 3100 2516; x_wconf 80' lang='grc' dir='ltr'>τετράφθαι</span> <span class='ocrx_word' id='word_1_453' title='bbox 3148 2446 3422 2514; x_wconf 83' lang='grc' dir='ltr'>λέγοντας,</span> <span class='ocrx_word' id='word_1_454' title='bbox 3472 2451 3606 2503; x_wconf 77' lang='grc' dir='ltr'>ποτὲ</span> <span class='ocrx_word' id='word_1_455' title='bbox 3628 2451 3691 2504; x_wconf 70' lang='grc' dir='ltr'><strong>δὲ</strong></span> 
     </span>
    </p>
   </div>
   <div class='ocr_carea' id='block_1_68' title="bbox 2103 2534 3692 2610">
    <p class='ocr_par' dir='ltr' id='par_1_68' title="bbox 2103 2534 3692 2610">
     <span class='ocr_line' id='line_1_68' title="bbox 2103 2534 3692 2610; baseline 0.014 -35"><span class='ocrx_word' id='word_1_456' title='bbox 2103 2534 2203 2603; x_wconf 71' lang='grc' dir='ltr'><strong>τὴν</strong></span> <span class='ocrx_word' id='word_1_457' title='bbox 2237 2535 2417 2606; x_wconf 84' lang='grc' dir='ltr'>σάρκα</span> <span class='ocrx_word' id='word_1_458' title='bbox 2445 2536 2526 2598; x_wconf 85' lang='grc' dir='ltr'>εἰς</span> <span class='ocrx_word' id='word_1_459' title='bbox 2565 2534 2822 2605; x_wconf 77' lang='grc' dir='ltr'><strong>θεότητος</strong></span> <span class='ocrx_word' id='word_1_460' title='bbox 2866 2537 3303 2610; x_wconf 73' lang='grc' dir='ltr'>μεταϐεϐλῆσθαι</span> <span class='ocrx_word' id='word_1_461' title='bbox 3345 2539 3530 2610; x_wconf 79' lang='grc' dir='ltr'>φύσιν,</span> <span class='ocrx_word' id='word_1_462' title='bbox 3574 2543 3692 2605; x_wconf 78' lang='grc' dir='ltr'>τοῖς</span> 
     </span>
    </p>
   </div>
   <div class='ocr_carea' id='block_1_69' title="bbox 2104 2624 3692 2703">
    <p class='ocr_par' dir='ltr' id='par_1_69' title="bbox 2104 2624 3692 2703">
     <span class='ocr_line' id='line_1_69' title="bbox 2104 2624 3692 2703; baseline 0.005 -25"><span class='ocrx_word' id='word_1_463' title='bbox 2104 2624 2209 2678; x_wconf 78' lang='grc' dir='ltr'>τῶν</span> <span class='ocrx_word' id='word_1_464' title='bbox 2267 2624 2583 2695; x_wconf 79' lang='grc' dir='ltr'>θαυμασίων</span> <span class='ocrx_word' id='word_1_465' title='bbox 2647 2626 2850 2680; x_wconf 82' lang='grc' dir='ltr'>τούτων</span> <span class='ocrx_word' id='word_1_466' title='bbox 2897 2629 3105 2699; x_wconf 82' lang='grc' dir='ltr'>ἀνδρῶν</span> <span class='ocrx_word' id='word_1_467' title='bbox 3161 2624 3476 2702; x_wconf 82' lang='grc' dir='ltr'>φαρμάκοις</span> <span class='ocrx_word' id='word_1_468' title='bbox 3523 2632 3692 2703; x_wconf 67' lang='lat' dir='ltr'><strong>059a-</strong></span> 
     </span>
    </p>
   </div>
   <div class='ocr_carea' id='block_1_70' title="bbox 2103 2712 3695 2790">
    <p class='ocr_par' dir='ltr' id='par_1_70' title="bbox 2103 2712 3695 2790">
     <span class='ocr_line' id='line_1_70' title="bbox 2103 2712 3695 2790; baseline 0.007 -25"><span class='ocrx_word' id='word_1_469' title='bbox 2103 2712 2288 2766; x_wconf 82' lang='grc' dir='ltr'>πεύειν</span> <span class='ocrx_word' id='word_1_470' title='bbox 2318 2712 2728 2784; x_wconf 77' lang='grc' dir='ltr'>σπουδάζομεν·</span> <span class='ocrx_word' id='word_1_471' title='bbox 2793 2715 2978 2784; x_wconf 83' lang='grc' dir='ltr'>σαφῶς</span> <span class='ocrx_word' id='word_1_472' title='bbox 3024 2717 3132 2789; x_wconf 84' lang='grc' dir='ltr'>γὰρ</span> <span class='ocrx_word' id='word_1_473' title='bbox 3186 2721 3279 2772; x_wconf 75' lang='grc' dir='ltr'><strong>καὶ</strong></span> <span class='ocrx_word' id='word_1_474' title='bbox 3322 2721 3432 2773; x_wconf 87' lang='grc' dir='ltr'><strong>τῶν</strong></span> <span class='ocrx_word' id='word_1_475' title='bbox 3463 2721 3557 2775; x_wconf 76' lang='grc' dir='ltr'><strong>δύο</strong></span> <span class='ocrx_word' id='word_1_476' title='bbox 3586 2722 3695 2790; x_wconf 76' lang='grc' dir='ltr'><strong>φύ-</strong></span> 
     </span>
    </p>
   </div>
   <div class='ocr_carea' id='block_1_71' title="bbox 2104 2794 3697 2875">
    <p class='ocr_par' dir='ltr' id='par_1_71' title="bbox 2104 2794 3697 2875">
     <span class='ocr_line' id='line_1_71' title="bbox 2104 2794 3697 2875; baseline 0.007 -21"><span class='ocrx_word' id='word_1_477' title='bbox 2104 2794 2242 2855; x_wconf 84' lang='grc' dir='ltr'>σεων</span> <span class='ocrx_word' id='word_1_478' title='bbox 2307 2804 2454 2872; x_wconf 78' lang='grc' dir='ltr'>ἡμᾶς</span> <span class='ocrx_word' id='word_1_479' title='bbox 2512 2804 2610 2873; x_wconf 73' lang='grc' dir='ltr'>τὴν</span> <span class='ocrx_word' id='word_1_480' title='bbox 2671 2803 2934 2875; x_wconf 82' lang='grc' dir='ltr'>διαφορὰν</span> <span class='ocrx_word' id='word_1_481' title='bbox 3001 2807 3415 2873; x_wconf 81' lang='grc' dir='ltr'>ὲκπαιδεύουσι,</span> <span class='ocrx_word' id='word_1_482' title='bbox 3474 2811 3573 2863; x_wconf 74' lang='grc' dir='ltr'>καὶ</span> <span class='ocrx_word' id='word_1_483' title='bbox 3624 2812 3697 2865; x_wconf 75' lang='grc' dir='ltr'>τὸ</span> 
     </span>
    </p>
   </div>
   <div class='ocr_carea' id='block_1_72' title="bbox 2100 2891 3691 2975">
    <p class='ocr_par' dir='ltr' id='par_1_72' title="bbox 2100 2891 3691 2975">
     <span class='ocr_line' id='line_1_72' title="bbox 2100 2891 3691 2975; baseline 0.007 -30"><span class='ocrx_word' id='word_1_484' title='bbox 2100 2891 2369 2963; x_wconf 74' lang='grc' dir='ltr'>ἄτρεπτον</span> <span class='ocrx_word' id='word_1_485' title='bbox 2416 2893 2514 2963; x_wconf 84' lang='grc' dir='ltr'>τῆς</span> <span class='ocrx_word' id='word_1_486' title='bbox 2568 2893 2717 2957; x_wconf 82' lang='grc' dir='ltr'>θείας</span> <span class='ocrx_word' id='word_1_487' title='bbox 2767 2894 3099 2965; x_wconf 67' lang='grc' dir='ltr'>κηρύττουσι</span> <span class='ocrx_word' id='word_1_488' title='bbox 3145 2896 3395 2966; x_wconf 79' lang='grc' dir='ltr'>φύσεως,</span> <span class='ocrx_word' id='word_1_489' title='bbox 3440 2901 3534 2954; x_wconf 76' lang='grc' dir='ltr'>καὶ</span> <span class='ocrx_word' id='word_1_490' title='bbox 3582 2902 3691 2975; x_wconf 77' lang='grc' dir='ltr'>τὴν</span> 
     </span>
    </p>
   </div>
   <div class='ocr_carea' id='block_1_73' title="bbox 2099 2987 3691 3061">
    <p class='ocr_par' dir='ltr' id='par_1_73' title="bbox 2099 2987 3691 3061">
     <span class='ocr_line' id='line_1_73' title="bbox 2099 2987 3691 3061; baseline 0.006 -20"><span class='ocrx_word' id='word_1_491' title='bbox 2099 2987 2435 3057; x_wconf 83' lang='grc' dir='ltr'>Δεσποτικὴν</span> <span class='ocrx_word' id='word_1_492' title='bbox 2461 2988 2639 3059; x_wconf 85' lang='grc' dir='ltr'>σάρκα</span> <span class='ocrx_word' id='word_1_493' title='bbox 2661 2988 2812 3044; x_wconf 87' lang='grc' dir='ltr'>θείαν</span> <span class='ocrx_word' id='word_1_494' title='bbox 2835 2992 2932 3061; x_wconf 83' lang='grc' dir='ltr'>μὲν</span> <span class='ocrx_word' id='word_1_495' title='bbox 2955 2992 3320 3047; x_wconf 77' lang='grc' dir='ltr'>ἀποκαλοῦσιν</span> <span class='ocrx_word' id='word_1_496' title='bbox 3337 2997 3413 3060; x_wconf 88' lang='grc' dir='ltr'>ὼς</span> <span class='ocrx_word' id='word_1_497' title='bbox 3431 2996 3524 3050; x_wconf 83' lang='grc' dir='ltr'>τοῦ</span> <span class='ocrx_word' id='word_1_498' title='bbox 3545 2998 3691 3051; x_wconf 81' lang='grc' dir='ltr'>Θεοῦ</span> 
     </span>
    </p>
   </div>
   <div class='ocr_carea' id='block_1_74' title="bbox 2103 3077 3692 3156">
    <p class='ocr_par' dir='ltr' id='par_1_74' title="bbox 2103 3077 3692 3156">
     <span class='ocr_line' id='line_1_74' title="bbox 2103 3077 3692 3156; baseline 0.004 -25"><span class='ocrx_word' id='word_1_499' title='bbox 2103 3077 2278 3145; x_wconf 80' lang='grc' dir='ltr'>Λόγου</span> <span class='ocrx_word' id='word_1_500' title='bbox 2312 3077 2491 3147; x_wconf 81' lang='grc' dir='ltr'>σάρκα</span> <span class='ocrx_word' id='word_1_501' title='bbox 2519 3080 2912 3149; x_wconf 81' lang='grc' dir='ltr'>γεγενημένην,</span> <span class='ocrx_word' id='word_1_502' title='bbox 2944 3081 3006 3135; x_wconf 79' lang='grc' dir='ltr'>τὸ</span> <span class='ocrx_word' id='word_1_503' title='bbox 3034 3082 3091 3135; x_wconf 79' lang='grc' dir='ltr'><strong>δὲ</strong></span> <span class='ocrx_word' id='word_1_504' title='bbox 3120 3084 3199 3146; x_wconf 81' lang='grc' dir='ltr'><strong>εἰς</strong></span> <span class='ocrx_word' id='word_1_505' title='bbox 3231 3083 3483 3155; x_wconf 78' lang='grc' dir='ltr'>θεότητος</span> <span class='ocrx_word' id='word_1_506' title='bbox 3510 3088 3692 3156; x_wconf 75' lang='grc' dir='ltr'>αὐτὴν</span> 
     </span>
    </p>
   </div>
   <div class='ocr_carea' id='block_1_75' title="bbox 2105 3168 3687 3247">
    <p class='ocr_par' dir='ltr' id='par_1_75' title="bbox 2105 3168 3687 3247">
     <span class='ocr_line' id='line_1_75' title="bbox 2105 3168 3687 3247; baseline 0.008 -26"><span class='ocrx_word' id='word_1_507' title='bbox 2105 3168 2542 3239; x_wconf 78' lang='grc' dir='ltr'>μεταϐεϐλῆσθαι</span> <span class='ocrx_word' id='word_1_508' title='bbox 2574 3170 2758 3238; x_wconf 81' lang='grc' dir='ltr'>φύσιν.</span> <span class='ocrx_word' id='word_1_509' title='bbox 2784 3172 2859 3234; x_wconf 82' lang='grc' dir='ltr'>ὠς</span> <span class='ocrx_word' id='word_1_510' title='bbox 2889 3172 3083 3237; x_wconf 76' lang='grc' dir='ltr'>ἀσεϐὲς</span> <span class='ocrx_word' id='word_1_511' title='bbox 3112 3176 3588 3247; x_wconf 77' lang='grc' dir='ltr'>ἀποκηρύττουσιν</span> <span class='ocrx_word' id='word_1_512' title='bbox 3616 3181 3687 3234; x_wconf 82' lang='grc'><strong>³³.</strong></span> 
     </span>
    </p>
   </div>
   <div class='ocr_carea' id='block_1_76' title="bbox 2099 3259 3689 3338">
    <p class='ocr_par' dir='ltr' id='par_1_76' title="bbox 2099 3259 3689 3338">
     <span class='ocr_line' id='line_1_76' title="bbox 2099 3259 3689 3338; baseline 0.008 -26"><span class='ocrx_word' id='word_1_513' title='bbox 2099 3259 2254 3326; x_wconf 83' lang='lat' dir='ltr'><strong>Quod</strong></span> <span class='ocrx_word' id='word_1_514' title='bbox 2274 3276 2394 3314; x_wconf 83' lang='lat' dir='ltr'><strong>vero</strong></span> <span class='ocrx_word' id='word_1_515' title='bbox 2422 3260 2694 3316; x_wconf 78' lang='lat' dir='ltr'><strong>beatorum</strong></span> <span class='ocrx_word' id='word_1_516' title='bbox 2718 3279 2923 3333; x_wconf 84' lang='lat' dir='ltr'><strong>quoque</strong></span> <span class='ocrx_word' id='word_1_517' title='bbox 2948 3263 3212 3334; x_wconf 84' lang='lat' dir='ltr'><strong>Theophili</strong></span> <span class='ocrx_word' id='word_1_518' title='bbox 3249 3274 3299 3319; x_wconf 84' lang='lat' dir='ltr'><strong>et</strong></span> <span class='ocrx_word' id='word_1_519' title='bbox 3334 3265 3522 3338; x_wconf 67' lang='grc' dir='ltr'>ϐεινὶϋὶ</span> <span class='ocrx_word' id='word_1_520' title='bbox 3545 3273 3689 3324; x_wconf 85' lang='lat' dir='ltr'><strong>scri-</strong></span> 
     </span>
    </p>
   </div>
   <div class='ocr_carea' id='block_1_77' title="bbox 2098 3353 3691 3422">
    <p class='ocr_par' dir='ltr' id='par_1_77' title="bbox 2098 3353 3691 3422">
     <span class='ocr_line' id='line_1_77' title="bbox 2098 3353 3691 3422; baseline 0.006 -17"><span class='ocrx_word' id='word_1_521' title='bbox 2098 3353 2202 3422; x_wconf 84' lang='lat' dir='ltr'><strong>ptis</strong></span> <span class='ocrx_word' id='word_1_522' title='bbox 2244 3362 2481 3417; x_wconf 84' lang='lat' dir='ltr'><strong>utamur,</strong></span> <span class='ocrx_word' id='word_1_523' title='bbox 2522 3353 2591 3407; x_wconf 84' lang='lat' dir='ltr'><strong>ad</strong></span> <span class='ocrx_word' id='word_1_524' title='bbox 2641 3355 2994 3409; x_wconf 84' lang='lat' dir='ltr'><strong>retundendos</strong></span> <span class='ocrx_word' id='word_1_525' title='bbox 3041 3358 3274 3412; x_wconf 77' lang='lat' dir='ltr'><strong>homines</strong></span> <span class='ocrx_word' id='word_1_526' title='bbox 3324 3361 3691 3415; x_wconf 80' lang='lat' dir='ltr'><strong>contradicere</strong></span> 
     </span>
    </p>
   </div>
   <div class='ocr_carea' id='block_1_78' title="bbox 2099 3442 3690 3517">
    <p class='ocr_par' dir='ltr' id='par_1_78' title="bbox 2099 3442 3690 3517">
     <span class='ocr_line' id='line_1_78' title="bbox 2099 3442 3690 3517; baseline 0.006 -22"><span class='ocrx_word' id='word_1_527' title='bbox 2099 3459 2256 3496; x_wconf 81' lang='lat' dir='ltr'><strong>ausos</strong></span> <span class='ocrx_word' id='word_1_528' title='bbox 2277 3482 2292 3507; x_wconf 90' lang='lat'><strong>,</strong></span> <span class='ocrx_word' id='word_1_529' title='bbox 2326 3442 2446 3495; x_wconf 80' lang='lat' dir='ltr'><strong>libri</strong></span> <span class='ocrx_word' id='word_1_530' title='bbox 2483 3444 2585 3512; x_wconf 86' lang='lat' dir='ltr'><strong>ipsi</strong></span> <span class='ocrx_word' id='word_1_531' title='bbox 2629 3450 2912 3498; x_wconf 83' lang='lat' dir='ltr'><strong>testantur.</strong></span> <span class='ocrx_word' id='word_1_532' title='bbox 2945 3444 3051 3498; x_wconf 80' lang='lat' dir='ltr'><strong>Eos</strong></span> <span class='ocrx_word' id='word_1_533' title='bbox 3093 3447 3234 3499; x_wconf 85' lang='lat' dir='ltr'><strong>enim</strong></span> <span class='ocrx_word' id='word_1_534' title='bbox 3274 3449 3364 3517; x_wconf 87' lang='lat' dir='ltr'><strong>qui</strong></span> <span class='ocrx_word' id='word_1_535' title='bbox 3390 3446 3690 3505; x_wconf 77' lang='lat' dir='ltr'><strong>Dominij</strong></span> 
     </span>
    </p>
   </div>
   <div class='ocr_carea' id='block_1_79' title="bbox 2098 3534 3691 3612">
    <p class='ocr_par' dir='ltr' id='par_1_79' title="bbox 2098 3534 3691 3612">
     <span class='ocr_line' id='line_1_79' title="bbox 2098 3534 3691 3612; baseline 0.005 -24"><span class='ocrx_word' id='word_1_536' title='bbox 2098 3536 2275 3588; x_wconf 81' lang='lat' dir='ltr'><strong>carnis</strong></span> <span class='ocrx_word' id='word_1_537' title='bbox 2318 3552 2380 3587; x_wconf 89' lang='lat' dir='ltr'><strong>ac</strong></span> <span class='ocrx_word' id='word_1_538' title='bbox 2418 3534 2628 3588; x_wconf 78' lang='lat' dir='ltr'><strong>deitutis</strong></span> <span class='ocrx_word' id='word_1_539' title='bbox 2666 3535 3021 3605; x_wconf 71' lang='lat' dir='ltr'><strong>differentiam</strong></span> <span class='ocrx_word' id='word_1_540' title='bbox 3058 3552 3273 3606; x_wconf 80' lang='lat' dir='ltr'><strong>negant,</strong></span> <span class='ocrx_word' id='word_1_541' title='bbox 3305 3546 3356 3591; x_wconf 89' lang='lat' dir='ltr'><strong>et</strong></span> <span class='ocrx_word' id='word_1_542' title='bbox 3386 3556 3527 3594; x_wconf 85' lang='lat' dir='ltr'><strong>nunc</strong></span> <span class='ocrx_word' id='word_1_543' title='bbox 3566 3544 3691 3612; x_wconf 79' lang='lat' dir='ltr'><strong>qui-</strong></span> 
     </span>
    </p>
   </div>
   <div class='ocr_carea' id='block_1_80' title="bbox 2098 3625 3687 3686">
    <p class='ocr_par' dir='ltr' id='par_1_80' title="bbox 2098 3625 3687 3686">
     <span class='ocr_line' id='line_1_80' title="bbox 2098 3625 3687 3686; baseline 0.006 -9"><span class='ocrx_word' id='word_1_544' title='bbox 2098 3625 2215 3678; x_wconf 91' lang='lat' dir='ltr'><strong>dem</strong></span> <span class='ocrx_word' id='word_1_545' title='bbox 2248 3625 2480 3679; x_wconf 87' lang='lat' dir='ltr'><strong>divinam</strong></span> <span class='ocrx_word' id='word_1_546' title='bbox 2516 3634 2768 3679; x_wconf 87' lang='lat' dir='ltr'><strong>naturam</strong></span> <span class='ocrx_word' id='word_1_547' title='bbox 2800 3628 2856 3679; x_wconf 90' lang='lat' dir='ltr'><strong>in</strong></span> <span class='ocrx_word' id='word_1_548' title='bbox 2895 3643 3109 3680; x_wconf 87' lang='lat' dir='ltr'><strong>carnem</strong></span> <span class='ocrx_word' id='word_1_549' title='bbox 3140 3629 3297 3682; x_wconf 75' lang='lat' dir='ltr'><strong>aiunt</strong></span> <span class='ocrx_word' id='word_1_550' title='bbox 3322 3645 3432 3684; x_wconf 84' lang='lat' dir='ltr'><strong>esse</strong></span> <span class='ocrx_word' id='word_1_551' title='bbox 3459 3648 3687 3686; x_wconf 71' lang='lat' dir='ltr'><strong>conuer-</strong></span> 
     </span>
    </p>
   </div>
   <div class='ocr_carea' id='block_1_81' title="bbox 2097 3718 3686 3780">
    <p class='ocr_par' dir='ltr' id='par_1_81' title="bbox 2097 3718 3686 3780">
     <span class='ocr_line' id='line_1_81' title="bbox 2097 3718 3686 3780; baseline 0.007 -11"><span class='ocrx_word' id='word_1_552' title='bbox 2097 3732 2232 3780; x_wconf 81' lang='lat' dir='ltr'><strong>sam,</strong></span> <span class='ocrx_word' id='word_1_553' title='bbox 2265 3734 2404 3770; x_wconf 86' lang='lat' dir='ltr'><strong>nunc</strong></span> <span class='ocrx_word' id='word_1_554' title='bbox 2423 3733 2542 3771; x_wconf 84' lang='lat' dir='ltr'><strong>vero</strong></span> <span class='ocrx_word' id='word_1_555' title='bbox 2573 3732 2788 3771; x_wconf 80' lang='lat' dir='ltr'><strong>carnem</strong></span> <span class='ocrx_word' id='word_1_556' title='bbox 2815 3718 2871 3770; x_wconf 85' lang='lat' dir='ltr'><strong>in</strong></span> <span class='ocrx_word' id='word_1_557' title='bbox 2900 3718 3190 3772; x_wconf 79' lang='lat' dir='ltr'><strong>divinitatis</strong></span> <span class='ocrx_word' id='word_1_558' title='bbox 3224 3730 3480 3778; x_wconf 86' lang='lat' dir='ltr'><strong>naturam</strong></span> <span class='ocrx_word' id='word_1_559' title='bbox 3496 3734 3686 3780; x_wconf 57' lang='lat' dir='ltr'><strong>trama</strong></span> 
     </span>
    </p>
   </div>
   <div class='ocr_carea' id='block_1_82' title="bbox 2097 3808 3687 3873">
    <p class='ocr_par' dir='ltr' id='par_1_82' title="bbox 2097 3808 3687 3873">
     <span class='ocr_line' id='line_1_82' title="bbox 2097 3808 3687 3873; baseline 0.008 -13"><span class='ocrx_word' id='word_1_560' title='bbox 2097 3808 2218 3861; x_wconf 81' lang='lat' dir='ltr'><strong>iisse</strong></span> <span class='ocrx_word' id='word_1_561' title='bbox 2237 3849 2250 3873; x_wconf 91' lang='lat'><strong>,</strong></span> <span class='ocrx_word' id='word_1_562' title='bbox 2312 3810 2748 3862; x_wconf 78' lang='lat' dir='ltr'><strong>admirantlorum</strong></span> <span class='ocrx_word' id='word_1_563' title='bbox 2777 3808 3000 3863; x_wconf 83' lang='lat' dir='ltr'><strong>Patrum</strong></span> <span class='ocrx_word' id='word_1_564' title='bbox 3029 3810 3250 3865; x_wconf 73' lang='lat' dir='ltr'><strong>istorum</strong></span> <span class='ocrx_word' id='word_1_565' title='bbox 3288 3815 3687 3872; x_wconf 75' lang='lat' dir='ltr'><strong>medicamentis</strong></span> 
     </span>
    </p>
   </div>
   <div class='ocr_carea' id='block_1_83' title="bbox 2097 3900 3685 3973">
    <p class='ocr_par' dir='ltr' id='par_1_83' title="bbox 2097 3900 3685 3973">
     <span class='ocr_line' id='line_1_83' title="bbox 2097 3900 3685 3973; baseline 0.008 -21"><span class='ocrx_word' id='word_1_566' title='bbox 2097 3916 2286 3953; x_wconf 86' lang='lat' dir='ltr'><strong>curare</strong></span> <span class='ocrx_word' id='word_1_567' title='bbox 2324 3902 2562 3954; x_wconf 87' lang='lat' dir='ltr'><strong>nitimur.</strong></span> <span class='ocrx_word' id='word_1_568' title='bbox 2592 3900 2787 3970; x_wconf 78' lang='lat' dir='ltr'><strong>Aperte</strong></span> <span class='ocrx_word' id='word_1_569' title='bbox 2812 3902 3069 3973; x_wconf 81' lang='lat' dir='ltr'><strong>siquidem</strong></span> <span class='ocrx_word' id='word_1_570' title='bbox 3107 3915 3154 3959; x_wconf 87' lang='lat' dir='ltr'><strong>et</strong></span> <span class='ocrx_word' id='word_1_571' title='bbox 3187 3905 3418 3962; x_wconf 83' lang='lat' dir='ltr'><strong>duarum</strong></span> <span class='ocrx_word' id='word_1_572' title='bbox 3447 3917 3685 3964; x_wconf 77' lang='lat' dir='ltr'><strong>natura-</strong></span> 
     </span>
    </p>
   </div>
   <div class='ocr_carea' id='block_1_84' title="bbox 2099 3992 3686 4057">
    <p class='ocr_par' dir='ltr' id='par_1_84' title="bbox 2099 3992 3686 4057">
     <span class='ocr_line' id='line_1_84' title="bbox 2099 3992 3686 4057; baseline 0.008 -14"><span class='ocrx_word' id='word_1_573' title='bbox 2099 4008 2216 4044; x_wconf 89' lang='lat' dir='ltr'><strong>rum</strong></span> <span class='ocrx_word' id='word_1_574' title='bbox 2244 3992 2524 4045; x_wconf 83' lang='lat' dir='ltr'><strong>discrimen</strong></span> <span class='ocrx_word' id='word_1_575' title='bbox 2554 4010 2646 4047; x_wconf 85' lang='lat' dir='ltr'><strong>nos</strong></span> <span class='ocrx_word' id='word_1_576' title='bbox 2676 3994 2878 4057; x_wconf 83' lang='lat' dir='ltr'><strong>docent,</strong></span> <span class='ocrx_word' id='word_1_577' title='bbox 2910 4006 2959 4049; x_wconf 87' lang='lat' dir='ltr'><strong>et</strong></span> <span class='ocrx_word' id='word_1_578' title='bbox 2980 3999 3463 4055; x_wconf 81' lang='lat' dir='ltr'><strong>immutubilitatem</strong></span> <span class='ocrx_word' id='word_1_579' title='bbox 3486 4000 3686 4056; x_wconf 70' lang='lat' dir='ltr'><strong>diuina:</strong></span> 
     </span>
    </p>
   </div>
   <div class='ocr_carea' id='block_1_85' title="bbox 2098 4086 3685 4155">
    <p class='ocr_par' dir='ltr' id='par_1_85' title="bbox 2098 4086 3685 4155">
     <span class='ocr_line' id='line_1_85' title="bbox 2098 4086 3685 4155; baseline 0.007 -19"><span class='ocrx_word' id='word_1_580' title='bbox 2098 4092 2306 4139; x_wconf 77' lang='lat' dir='ltr'><strong>natura:</strong></span> <span class='ocrx_word' id='word_1_581' title='bbox 2343 4086 2664 4155; x_wconf 69' lang='lat' dir='ltr'><strong>prazdicant,</strong></span> <span class='ocrx_word' id='word_1_582' title='bbox 2710 4095 2761 4139; x_wconf 83' lang='lat' dir='ltr'><strong>et</strong></span> <span class='ocrx_word' id='word_1_583' title='bbox 2798 4088 3130 4146; x_wconf 86' lang='lat' dir='ltr'><strong>Dominicam</strong></span> <span class='ocrx_word' id='word_1_584' title='bbox 3174 4108 3387 4146; x_wconf 83' lang='lat' dir='ltr'><strong>carnem</strong></span> <span class='ocrx_word' id='word_1_585' title='bbox 3441 4094 3685 4147; x_wconf 78' lang='lat' dir='ltr'><strong>divinam</strong></span> 
     </span>
    </p>
   </div>
   <div class='ocr_carea' id='block_1_86' title="bbox 2098 4177 3682 4257">
    <p class='ocr_par' dir='ltr' id='par_1_86' title="bbox 2098 4177 3682 4257">
     <span class='ocr_line' id='line_1_86' title="bbox 2098 4177 3682 4257; baseline 0.008 -28"><span class='ocrx_word' id='word_1_586' title='bbox 2098 4177 2305 4247; x_wconf 78' lang='lat' dir='ltr'><strong>quidem</strong></span> <span class='ocrx_word' id='word_1_587' title='bbox 2336 4187 2545 4243; x_wconf 76' lang='lat' dir='ltr'><strong>vocant,</strong></span> <span class='ocrx_word' id='word_1_588' title='bbox 2577 4187 2837 4251; x_wconf 85' lang='lat' dir='ltr'><strong>tanquam</strong></span> <span class='ocrx_word' id='word_1_589' title='bbox 2871 4183 2969 4238; x_wconf 86' lang='lat' dir='ltr'><strong>Dei</strong></span> <span class='ocrx_word' id='word_1_590' title='bbox 3003 4184 3154 4238; x_wconf 80' lang='lat' dir='ltr'><strong>Verbi</strong></span> <span class='ocrx_word' id='word_1_591' title='bbox 3189 4202 3403 4239; x_wconf 86' lang='lat' dir='ltr'><strong>carnem</strong></span> <span class='ocrx_word' id='word_1_592' title='bbox 3433 4187 3635 4257; x_wconf 75' lang='lat' dir='ltr'><strong>factum</strong></span> <span class='ocrx_word' id='word_1_593' title='bbox 3661 4206 3682 4242; x_wconf 89' lang='lat'><strong>:</strong></span> 
     </span>
    </p>
   </div>
   <div class='ocr_carea' id='block_1_87' title="bbox 2097 4268 3680 4346">
    <p class='ocr_par' dir='ltr' id='par_1_87' title="bbox 2097 4268 3680 4346">
     <span class='ocr_line' id='line_1_87' title="bbox 2097 4268 3680 4346; baseline 0.008 -25"><span class='ocrx_word' id='word_1_594' title='bbox 2097 4268 2248 4323; x_wconf 84' lang='lat' dir='ltr'><strong>illam</strong></span> <span class='ocrx_word' id='word_1_595' title='bbox 2273 4279 2453 4325; x_wconf 85' lang='lat' dir='ltr'><strong>autem</strong></span> <span class='ocrx_word' id='word_1_596' title='bbox 2481 4272 2537 4324; x_wconf 88' lang='lat' dir='ltr'><strong>in</strong></span> <span class='ocrx_word' id='word_1_597' title='bbox 2566 4272 2855 4328; x_wconf 79' lang='lat' dir='ltr'><strong>divinitatis</strong></span> <span class='ocrx_word' id='word_1_598' title='bbox 2874 4291 3177 4331; x_wconf 66' lang='lat' dir='ltr'><strong>conversam</strong></span> <span class='ocrx_word' id='word_1_599' title='bbox 3200 4277 3360 4346; x_wconf 75' lang='lat' dir='ltr'><strong>fuisse</strong></span> <span class='ocrx_word' id='word_1_600' title='bbox 3396 4286 3680 4343; x_wconf 85' lang='lat' dir='ltr'><strong>naturam,</strong></span> 
     </span>
    </p>
   </div>
   <div class='ocr_carea' id='block_1_88' title="bbox 2097 4357 2774 4432">
    <p class='ocr_par' dir='ltr' id='par_1_88' title="bbox 2097 4357 2774 4432">
     <span class='ocr_line' id='line_1_88' title="bbox 2097 4357 2774 4432; baseline 0.007 -20"><span class='ocrx_word' id='word_1_601' title='bbox 2097 4357 2238 4413; x_wconf 78' lang='lat' dir='ltr'><strong>velut</strong></span> <span class='ocrx_word' id='word_1_602' title='bbox 2266 4361 2487 4431; x_wconf 86' lang='lat' dir='ltr'><strong>impium</strong></span> <span class='ocrx_word' id='word_1_603' title='bbox 2511 4363 2774 4432; x_wconf 84' lang='lat' dir='ltr'><strong>rejiciunt.</strong></span> 
     </span>
    </p>
   </div>
   <div class='ocr_carea' id='block_1_89' title="bbox 417 4448 3678 4551">
    <p class='ocr_par' dir='ltr' id='par_1_89' title="bbox 417 4448 3678 4551">
     <span class='ocr_line' id='line_1_89' title="bbox 417 4448 3678 4551; baseline 0.004 -43"><span class='ocrx_word' id='word_1_604' title='bbox 417 4454 661 4526; x_wconf 84' lang='lat' dir='ltr'><strong>gismos;</strong></span> <span class='ocrx_word' id='word_1_605' title='bbox 712 4472 835 4527; x_wconf 81' lang='lat' dir='ltr'><strong>quae</strong></span> <span class='ocrx_word' id='word_1_606' title='bbox 872 4457 1022 4511; x_wconf 89' lang='lat' dir='ltr'><strong>enim</strong></span> <span class='ocrx_word' id='word_1_607' title='bbox 1070 4456 1125 4511; x_wconf 92' lang='lat' dir='ltr'><strong>in</strong></span> <span class='ocrx_word' id='word_1_608' title='bbox 1149 4456 1382 4527; x_wconf 85' lang='lat' dir='ltr'><strong>dialogis</strong></span> <span class='ocrx_word' id='word_1_609' title='bbox 1430 4457 1607 4513; x_wconf 86' lang='lat' dir='ltr'><strong>fusius</strong></span> <span class='ocrx_word' id='word_1_610' title='bbox 1647 4466 1705 4513; x_wconf 91' lang='lat' dir='ltr'><strong>et</strong></span> <span class='ocrx_word' id='word_1_611' title='bbox 1753 4461 1993 4517; x_wconf 88' lang='lat' dir='ltr'><strong>oratorie</strong></span> <span class='ocrx_word' id='word_1_612' title='bbox 2027 4448 2072 4502; x_wconf 80' lang='lat' dir='ltr'><strong>D</strong></span> <span class='ocrx_word' id='word_1_613' title='bbox 2167 4469 2332 4543; x_wconf 66' lang='grc'><strong>384</strong></span> <span class='ocrx_word' id='word_1_614' title='bbox 2372 4471 2436 4527; x_wconf 73' lang='grc' dir='ltr'><strong>ν.</strong></span> <span class='ocrx_word' id='word_1_615' title='bbox 2475 4472 2559 4526; x_wconf 85' lang='lat' dir='ltr'><strong>Ad</strong></span> <span class='ocrx_word' id='word_1_616' title='bbox 2599 4473 2741 4529; x_wconf 89' lang='lat' dir='ltr'><strong>hanc</strong></span> <span class='ocrx_word' id='word_1_617' title='bbox 2780 4484 3071 4548; x_wconf 85' lang='lat' dir='ltr'><strong>utramque</strong></span> <span class='ocrx_word' id='word_1_618' title='bbox 3103 4478 3433 4536; x_wconf 73' lang='lat' dir='ltr'><strong>Theodoreti</strong></span> <span class='ocrx_word' id='word_1_619' title='bbox 3470 4481 3678 4551; x_wconf 71' lang='lat' dir='ltr'><strong>episro-</strong></span> 
     </span>
    </p>
   </div>
   <div class='ocr_carea' id='block_1_90' title="bbox 417 4547 1994 4618">
    <p class='ocr_par' dir='ltr' id='par_1_90' title="bbox 417 4547 1994 4618">
     <span class='ocr_line' id='line_1_90' title="bbox 417 4547 1994 4618; baseline 0.006 -17"><span class='ocrx_word' id='word_1_620' title='bbox 417 4547 695 4618; x_wconf 86' lang='lat' dir='ltr'><strong>disputata</strong></span> <span class='ocrx_word' id='word_1_621' title='bbox 734 4556 865 4603; x_wconf 89' lang='lat' dir='ltr'><strong>sunt</strong></span> <span class='ocrx_word' id='word_1_622' title='bbox 911 4548 979 4604; x_wconf 91' lang='lat' dir='ltr'><strong>de</strong></span> <span class='ocrx_word' id='word_1_623' title='bbox 1020 4548 1468 4605; x_wconf 86' lang='lat' dir='ltr'><strong>immutabilitate</strong></span> <span class='ocrx_word' id='word_1_624' title='bbox 1511 4550 1711 4617; x_wconf 76' lang='lat' dir='ltr'><strong>Verbi,</strong></span> <span class='ocrx_word' id='word_1_625' title='bbox 1740 4553 1994 4610; x_wconf 86' lang='lat' dir='ltr'><strong>inconfu-</strong></span> 
     </span>
    </p>
   </div>
   <div class='ocr_carea' id='block_1_91' title="bbox 418 4622 1989 4711">
    <p class='ocr_par' dir='ltr' id='par_1_91' title="bbox 418 4622 1989 4711">
     <span class='ocr_line' id='line_1_91' title="bbox 418 4622 1989 4711; baseline 0.005 -18"><span class='ocrx_word' id='word_1_626' title='bbox 418 4639 573 4695; x_wconf 86' lang='lat' dir='ltr'><strong>sioue</strong></span> <span class='ocrx_word' id='word_1_627' title='bbox 598 4648 943 4705; x_wconf 86' lang='lat' dir='ltr'><strong>naturarum,</strong></span> <span class='ocrx_word' id='word_1_628' title='bbox 970 4647 1026 4695; x_wconf 91' lang='lat' dir='ltr'><strong>et</strong></span> <span class='ocrx_word' id='word_1_629' title='bbox 1059 4622 1494 4711; x_wconf 82' lang='lat' dir='ltr'><strong>impassibilitate</strong></span> <span class='ocrx_word' id='word_1_630' title='bbox 1525 4641 1723 4697; x_wconf 72' lang='lat' dir='ltr'><strong>divinae</strong></span> <span class='ocrx_word' id='word_1_631' title='bbox 1755 4653 1989 4710; x_wconf 72' lang='lat' dir='ltr'><strong>naturae,</strong></span> 
     </span>
    </p>
   </div>
   <div class='ocr_carea' id='block_1_92' title="bbox 416 4731 1993 4806">
    <p class='ocr_par' dir='ltr' id='par_1_92' title="bbox 416 4731 1993 4806">
     <span class='ocr_line' id='line_1_92' title="bbox 416 4731 1993 4806; baseline 0.008 -24"><span class='ocrx_word' id='word_1_632' title='bbox 416 4744 481 4782; x_wconf 89' lang='lat' dir='ltr'><strong>ea</strong></span> <span class='ocrx_word' id='word_1_633' title='bbox 506 4731 911 4787; x_wconf 87' lang='lat' dir='ltr'><strong>contrahuntur</strong></span> <span class='ocrx_word' id='word_1_634' title='bbox 932 4731 989 4786; x_wconf 87' lang='lat' dir='ltr'><strong>in</strong></span> <span class='ocrx_word' id='word_1_635' title='bbox 1011 4732 1374 4804; x_wconf 78' lang='lat' dir='ltr'><strong>syHOgismos,</strong></span> <span class='ocrx_word' id='word_1_636' title='bbox 1395 4741 1456 4787; x_wconf 90' lang='lat' dir='ltr'><strong>ut</strong></span> <span class='ocrx_word' id='word_1_637' title='bbox 1473 4733 1558 4787; x_wconf 89' lang='lat' dir='ltr'><strong>vis</strong></span> <span class='ocrx_word' id='word_1_638' title='bbox 1579 4742 1635 4789; x_wconf 90' lang='lat' dir='ltr'><strong>et</strong></span> <span class='ocrx_word' id='word_1_639' title='bbox 1655 4738 1896 4806; x_wconf 89' lang='lat' dir='ltr'><strong>apertior</strong></span> <span class='ocrx_word' id='word_1_640' title='bbox 1920 4740 1993 4794; x_wconf 90' lang='lat' dir='ltr'><strong>sit</strong></span> 
     </span>
    </p>
   </div>
   <div class='ocr_carea' id='block_1_93' title="bbox 415 4818 781 4874">
    <p class='ocr_par' dir='ltr' id='par_1_93' title="bbox 415 4818 781 4874">
     <span class='ocr_line' id='line_1_93' title="bbox 415 4818 781 4874; baseline 0.005 -2"><span class='ocrx_word' id='word_1_641' title='bbox 415 4824 473 4872; x_wconf 83' lang='lat' dir='ltr'><strong>et</strong></span> <span class='ocrx_word' id='word_1_642' title='bbox 493 4818 781 4874; x_wconf 81' lang='lat' dir='ltr'><strong>eﬂicacior.</strong></span> 
     </span>
    </p>
   </div>
   <div class='ocr_carea' id='block_1_94' title="bbox 486 4907 1984 4986">
    <p class='ocr_par' dir='ltr' id='par_1_94' title="bbox 486 4907 1984 4986">
     <span class='ocr_line' id='line_1_94' title="bbox 486 4907 1984 4986; baseline 0.009 -23"><span class='ocrx_word' id='word_1_643' title='bbox 486 4907 551 4963; x_wconf 90' lang='lat' dir='ltr'><strong>ll.</strong></span> <span class='ocrx_word' id='word_1_644' title='bbox 584 4908 828 4965; x_wconf 85' lang='lat' dir='ltr'><strong>Meminit</strong></span> <span class='ocrx_word' id='word_1_645' title='bbox 859 4911 1087 4983; x_wconf 88' lang='lat' dir='ltr'><strong>hujusce</strong></span> <span class='ocrx_word' id='word_1_646' title='bbox 1110 4914 1293 4985; x_wconf 90' lang='lat' dir='ltr'><strong>operis</strong></span> <span class='ocrx_word' id='word_1_647' title='bbox 1310 4915 1542 4974; x_wconf 88' lang='lat' dir='ltr'><strong>Photius</strong></span> <span class='ocrx_word' id='word_1_648' title='bbox 1564 4918 1754 4975; x_wconf 87' lang='lat' dir='ltr'><strong>codice</strong></span> <span class='ocrx_word' id='word_1_649' title='bbox 1776 4920 1865 4986; x_wconf 71' lang='grc'><strong>46,</strong></span> <span class='ocrx_word' id='word_1_650' title='bbox 1890 4922 1984 4978; x_wconf 86' lang='lat' dir='ltr'><strong>ubi</strong></span> 
     </span>
    </p>
   </div>
   <div class='ocr_carea' id='block_1_95' title="bbox 416 4998 1982 5078">
    <p class='ocr_par' dir='ltr' id='par_1_95' title="bbox 416 4998 1982 5078">
     <span class='ocr_line' id='line_1_95' title="bbox 416 4998 1982 5078; baseline 0.01 -26"><span class='ocrx_word' id='word_1_651' title='bbox 416 5013 541 5052; x_wconf 91' lang='lat' dir='ltr'><strong>cum</strong></span> <span class='ocrx_word' id='word_1_652' title='bbox 573 4998 640 5053; x_wconf 90' lang='lat' dir='ltr'><strong>de</strong></span> <span class='ocrx_word' id='word_1_653' title='bbox 663 5000 853 5069; x_wconf 81' lang='lat' dir='ltr'><strong>viginti</strong></span> <span class='ocrx_word' id='word_1_654' title='bbox 878 5011 933 5056; x_wconf 91' lang='lat' dir='ltr'><strong>et</strong></span> <span class='ocrx_word' id='word_1_655' title='bbox 954 5014 1162 5074; x_wconf 86' lang='lat' dir='ltr'><strong>septem</strong></span> <span class='ocrx_word' id='word_1_656' title='bbox 1191 5006 1348 5063; x_wconf 87' lang='lat' dir='ltr'><strong>libris</strong></span> <span class='ocrx_word' id='word_1_657' title='bbox 1370 5048 1385 5072; x_wconf 94' lang='lat'><strong>,</strong></span> <span class='ocrx_word' id='word_1_658' title='bbox 1421 5024 1562 5078; x_wconf 87' lang='lat' dir='ltr'><strong>quos</strong></span> <span class='ocrx_word' id='word_1_659' title='bbox 1590 5026 1779 5066; x_wconf 90' lang='lat' dir='ltr'><strong>omnes</strong></span> <span class='ocrx_word' id='word_1_660' title='bbox 1800 5012 1982 5068; x_wconf 76' lang='lat' dir='ltr'><strong>Theo-</strong></span> 
     </span>
    </p>
   </div>
   <div class='ocr_carea' id='block_1_96' title="bbox 416 5088 1981 5163">
    <p class='ocr_par' dir='ltr' id='par_1_96' title="bbox 416 5088 1981 5163">
     <span class='ocr_line' id='line_1_96' title="bbox 416 5088 1981 5163; baseline 0.011 -21"><span class='ocrx_word' id='word_1_661' title='bbox 416 5088 610 5143; x_wconf 90' lang='lat' dir='ltr'><strong>doreto</strong></span> <span class='ocrx_word' id='word_1_662' title='bbox 637 5089 851 5156; x_wconf 91' lang='lat' dir='ltr'><strong>tribuit,</strong></span> <span class='ocrx_word' id='word_1_663' title='bbox 887 5092 1161 5162; x_wconf 86' lang='lat' dir='ltr'><strong>sigillatim</strong></span> <span class='ocrx_word' id='word_1_664' title='bbox 1188 5096 1497 5163; x_wconf 71' lang='lat' dir='ltr'><strong>dixisset“,</strong></span> <span class='ocrx_word' id='word_1_665' title='bbox 1533 5102 1891 5159; x_wconf 87' lang='lat' dir='ltr'><strong>additadhuc</strong></span> <span class='ocrx_word' id='word_1_666' title='bbox 1923 5103 1981 5159; x_wconf 86' lang='lat' dir='ltr'><strong>in</strong></span> 
     </span>
    </p>
   </div>
   <div class='ocr_carea' id='block_1_97' title="bbox 414 5180 1984 5265">
    <p class='ocr_par' dir='ltr' id='par_1_97' title="bbox 414 5180 1984 5265">
     <span class='ocr_line' id='line_1_97' title="bbox 414 5180 1984 5265; baseline 0.01 -30"><span class='ocrx_word' id='word_1_667' title='bbox 414 5180 607 5235; x_wconf 87' lang='lat' dir='ltr'><strong>codem</strong></span> <span class='ocrx_word' id='word_1_668' title='bbox 632 5180 907 5237; x_wconf 88' lang='lat' dir='ltr'><strong>volumine</strong></span> <span class='ocrx_word' id='word_1_669' title='bbox 933 5183 1053 5252; x_wconf 84' lang='lat' dir='ltr'><strong>ipso</strong></span> <span class='ocrx_word' id='word_1_670' title='bbox 1080 5185 1184 5256; x_wconf 83' lang='lat' dir='ltr'><strong>legi</strong></span> <span class='ocrx_word' id='word_1_671' title='bbox 1214 5195 1324 5243; x_wconf 88' lang='lat' dir='ltr'><strong>tres</strong></span> <span class='ocrx_word' id='word_1_672' title='bbox 1345 5191 1592 5259; x_wconf 84' lang='lat' dir='ltr'><strong>ejusdem</strong></span> <span class='ocrx_word' id='word_1_673' title='bbox 1621 5194 1791 5250; x_wconf 88' lang='lat' dir='ltr'><strong>libros</strong></span> <span class='ocrx_word' id='word_1_674' title='bbox 1818 5211 1984 5265; x_wconf 89' lang='lat' dir='ltr'><strong>supe-</strong></span> 
     </span>
    </p>
   </div>
   <div class='ocr_carea' id='block_1_98' title="bbox 414 5270 1981 5353">
    <p class='ocr_par' dir='ltr' id='par_1_98' title="bbox 414 5270 1981 5353">
     <span class='ocr_line' id='line_1_98' title="bbox 414 5270 1981 5353; baseline 0.011 -28"><span class='ocrx_word' id='word_1_675' title='bbox 414 5270 654 5326; x_wconf 87' lang='lat' dir='ltr'><strong>rioribus</strong></span> <span class='ocrx_word' id='word_1_676' title='bbox 692 5271 947 5342; x_wconf 88' lang='lat' dir='ltr'><strong>majores.</strong></span> <span class='ocrx_word' id='word_1_677' title='bbox 987 5293 1005 5325; x_wconf 73' lang='lat' dir='ltr'><strong>t</strong></span> <span class='ocrx_word' id='word_1_678' title='bbox 1045 5274 1287 5333; x_wconf 85' lang='lat' dir='ltr'><strong>Titulum</strong></span> <span class='ocrx_word' id='word_1_679' title='bbox 1331 5281 1629 5348; x_wconf 66' lang='lat' dir='ltr'><strong>praeferunt</strong></span> <span class='ocrx_word' id='word_1_680' title='bbox 1680 5285 1981 5353; x_wconf 80' lang='lat' dir='ltr'><strong>Eranistes,</strong></span> 
     </span>
    </p>
   </div>
   <div class='ocr_carea' id='block_1_99' title="bbox 2096 4559 3676 4641">
    <p class='ocr_par' dir='ltr' id='par_1_99' title="bbox 2096 4559 3676 4641">
     <span class='ocr_line' id='line_1_99' title="bbox 2096 4559 3676 4641; baseline 0.008 -28"><span class='ocrx_word' id='word_1_681' title='bbox 2096 4559 2204 4614; x_wconf 87' lang='lat' dir='ltr'><strong>lam</strong></span> <span class='ocrx_word' id='word_1_682' title='bbox 2233 4575 2415 4630; x_wconf 76' lang='lat' dir='ltr'><strong>cperte</strong></span> <span class='ocrx_word' id='word_1_683' title='bbox 2443 4563 2682 4631; x_wconf 88' lang='lat' dir='ltr'><strong>pretium</strong></span> <span class='ocrx_word' id='word_1_684' title='bbox 2719 4575 2803 4621; x_wconf 89' lang='lat' dir='ltr'><strong>est</strong></span> <span class='ocrx_word' id='word_1_685' title='bbox 2837 4567 3164 4624; x_wconf 86' lang='lat' dir='ltr'><strong>observare:</strong></span> <span class='ocrx_word' id='word_1_686' title='bbox 3196 4570 3249 4622; x_wconf 85' lang='grc' dir='ltr'><strong>1ο</strong></span> <span class='ocrx_word' id='word_1_687' title='bbox 3270 4571 3426 4633; x_wconf 85' lang='lat' dir='ltr'><strong>Eam,</strong></span> <span class='ocrx_word' id='word_1_688' title='bbox 3452 4586 3575 4641; x_wconf 76' lang='lat' dir='ltr'><strong>qua:</strong></span> <span class='ocrx_word' id='word_1_689' title='bbox 3603 4571 3676 4626; x_wconf 90' lang='lat' dir='ltr'><strong>ad</strong></span> 
     </span>
    </p>
   </div>
   <div class='ocr_carea' id='block_1_100' title="bbox 2097 4653 3672 4729">
    <p class='ocr_par' dir='ltr' id='par_1_100' title="bbox 2097 4653 3672 4729">
     <span class='ocr_line' id='line_1_100' title="bbox 2097 4653 3672 4729; baseline 0.008 -22"><span class='ocrx_word' id='word_1_690' title='bbox 2097 4653 2365 4707; x_wconf 68' lang='lat' dir='ltr'><strong>Irenaeum</strong></span> <span class='ocrx_word' id='word_1_691' title='bbox 2413 4653 2757 4722; x_wconf 85' lang='lat' dir='ltr'><strong>inscribitur,</strong></span> <span class='ocrx_word' id='word_1_692' title='bbox 2801 4660 3062 4729; x_wconf 87' lang='lat' dir='ltr'><strong>scriptam</strong></span> <span class='ocrx_word' id='word_1_693' title='bbox 3109 4677 3229 4716; x_wconf 87' lang='lat' dir='ltr'><strong>esse</strong></span> <span class='ocrx_word' id='word_1_694' title='bbox 3262 4662 3309 4696; x_wconf 74' lang='lat'>“</span> <span class='ocrx_word' id='word_1_695' title='bbox 3358 4678 3504 4718; x_wconf 91' lang='lat' dir='ltr'><strong>anno</strong></span> <span class='ocrx_word' id='word_1_696' title='bbox 3542 4664 3672 4729; x_wconf 68' lang='grc'><strong>449,</strong></span> 
     </span>
    </p>
   </div>
   <div class='ocr_carea' id='block_1_101' title="bbox 2098 4742 3676 4820">
    <p class='ocr_par' dir='ltr' id='par_1_101' title="bbox 2098 4742 3676 4820">
     <span class='ocr_line' id='line_1_101' title="bbox 2098 4742 3676 4820; baseline 0.006 -24"><span class='ocrx_word' id='word_1_697' title='bbox 2098 4743 2203 4797; x_wconf 91' lang='lat' dir='ltr'><strong>sub</strong></span> <span class='ocrx_word' id='word_1_698' title='bbox 2231 4742 2397 4798; x_wconf 78' lang='lat' dir='ltr'><strong>finem</strong></span> <span class='ocrx_word' id='word_1_699' title='bbox 2424 4744 2647 4814; x_wconf 85' lang='lat' dir='ltr'><strong>Aprilis,</strong></span> <span class='ocrx_word' id='word_1_700' title='bbox 2676 4762 2786 4817; x_wconf 88' lang='lat' dir='ltr'><strong>quo</strong></span> <span class='ocrx_word' id='word_1_701' title='bbox 2813 4757 3060 4819; x_wconf 89' lang='lat' dir='ltr'><strong>tempore</strong></span> <span class='ocrx_word' id='word_1_702' title='bbox 3093 4749 3439 4805; x_wconf 86' lang='lat' dir='ltr'><strong>Antiochiam</strong></span> <span class='ocrx_word' id='word_1_703' title='bbox 3479 4766 3676 4820; x_wconf 86' lang='lat' dir='ltr'><strong>perve-</strong></span> 
     </span>
    </p>
   </div>
   <div class='ocr_carea' id='block_1_102' title="bbox 2091 4831 3677 4911">
    <p class='ocr_par' dir='ltr' id='par_1_102' title="bbox 2091 4831 3677 4911">
     <span class='ocr_line' id='line_1_102' title="bbox 2091 4831 3677 4911; baseline 0.005 -24"><span class='ocrx_word' id='word_1_704' title='bbox 2091 4842 2247 4888; x_wconf 87' lang='lat' dir='ltr'><strong>nerat</strong></span> <span class='ocrx_word' id='word_1_705' title='bbox 2274 4831 2441 4888; x_wconf 85' lang='lat' dir='ltr'><strong>Sacra</strong></span> <span class='ocrx_word' id='word_1_706' title='bbox 2470 4834 2764 4890; x_wconf 84' lang='lat' dir='ltr'><strong>Theodosii</strong></span> <span class='ocrx_word' id='word_1_707' title='bbox 2795 4837 2859 4891; x_wconf 85' lang='lat' dir='ltr'><strong>ad</strong></span> <span class='ocrx_word' id='word_1_708' title='bbox 2897 4838 3125 4894; x_wconf 89' lang='lat' dir='ltr'><strong>alteram</strong></span> <span class='ocrx_word' id='word_1_709' title='bbox 3146 4841 3411 4911; x_wconf 81' lang='lat' dir='ltr'><strong>synodum</strong></span> <span class='ocrx_word' id='word_1_710' title='bbox 3443 4840 3677 4910; x_wconf 84' lang='lat' dir='ltr'><strong>Ephesi-</strong></span> 
     </span>
    </p>
   </div>
   <div class='ocr_carea' id='block_1_103' title="bbox 2090 4926 3677 5000">
    <p class='ocr_par' dir='ltr' id='par_1_103' title="bbox 2090 4926 3677 5000">
     <span class='ocr_line' id='line_1_103' title="bbox 2090 4926 3677 5000; baseline 0.007 -23"><span class='ocrx_word' id='word_1_711' title='bbox 2090 4939 2219 4978; x_wconf 88' lang='lat' dir='ltr'><strong>nam</strong></span> <span class='ocrx_word' id='word_1_712' title='bbox 2262 4926 2641 4994; x_wconf 86' lang='lat' dir='ltr'><strong>metropolitas</strong></span> <span class='ocrx_word' id='word_1_713' title='bbox 2693 4930 3013 4994; x_wconf 88' lang='lat' dir='ltr'><strong>evocantis,</strong></span> <span class='ocrx_word' id='word_1_714' title='bbox 3070 4931 3342 5000; x_wconf 85' lang='lat' dir='ltr'><strong>siquidem</strong></span> <span class='ocrx_word' id='word_1_715' title='bbox 3399 4932 3677 4988; x_wconf 87' lang='lat' dir='ltr'><strong>Constan-</strong></span> 
     </span>
    </p>
   </div>
   <div class='ocr_carea' id='block_1_104' title="bbox 2089 5016 3243 5089">
    <p class='ocr_par' dir='ltr' id='par_1_104' title="bbox 2089 5016 3243 5089">
     <span class='ocr_line' id='line_1_104' title="bbox 2089 5016 3243 5089; baseline 0.004 -17"><span class='ocrx_word' id='word_1_716' title='bbox 2089 5016 2320 5086; x_wconf 90' lang='lat' dir='ltr'><strong>tinopoli</strong></span> <span class='ocrx_word' id='word_1_717' title='bbox 2381 5018 2507 5073; x_wconf 87' lang='lat' dir='ltr'><strong>data</strong></span> <span class='ocrx_word' id='word_1_718' title='bbox 2568 5018 2769 5089; x_wconf 82' lang='lat' dir='ltr'><strong>legitur</strong></span> <span class='ocrx_word' id='word_1_719' title='bbox 2831 5037 2886 5076; x_wconf 83' lang='lat' dir='ltr'><strong>tu</strong></span> <span class='ocrx_word' id='word_1_720' title='bbox 2940 5021 3166 5076; x_wconf 88' lang='lat' dir='ltr'><strong>Calend.</strong></span> <span class='ocrx_word' id='word_1_721' title='bbox 3227 5027 3243 5045; x_wconf 85' lang='lat'><strong>&#39;</strong></span> 
     </span>
    </p>
   </div>
   <div class='ocr_carea' id='block_1_105' title="bbox 2092 5108 3673 5170">
    <p class='ocr_par' dir='ltr' id='par_1_105' title="bbox 2092 5108 3673 5170">
     <span class='ocr_line' id='line_1_105' title="bbox 2092 5108 3673 5170; baseline 0.004 -7"><span class='ocrx_word' id='word_1_722' title='bbox 2092 5109 2435 5164; x_wconf 87' lang='lat' dir='ltr'><strong>consulatum</strong></span> <span class='ocrx_word' id='word_1_723' title='bbox 2462 5108 2697 5165; x_wconf 87' lang='lat' dir='ltr'><strong>Zenonis</strong></span> <span class='ocrx_word' id='word_1_724' title='bbox 2724 5119 2781 5165; x_wconf 87' lang='lat' dir='ltr'><strong>et</strong></span> <span class='ocrx_word' id='word_1_725' title='bbox 2818 5113 3218 5168; x_wconf 86' lang='lat' dir='ltr'><strong>Posthumiani.</strong></span> <span class='ocrx_word' id='word_1_726' title='bbox 3243 5114 3299 5167; x_wconf 73' lang='lat'><strong>2°</strong></span> <span class='ocrx_word' id='word_1_727' title='bbox 3329 5114 3410 5169; x_wconf 85' lang='lat' dir='ltr'><strong>Ad</strong></span> <span class='ocrx_word' id='word_1_728' title='bbox 3443 5114 3673 5170; x_wconf 82' lang='lat' dir='ltr'><strong>Diosco-</strong></span> 
     </span>
    </p>
   </div>
   <div class='ocr_carea' id='block_1_106' title="bbox 3311 5024 3675 5094">
    <p class='ocr_par' dir='ltr' id='par_1_106' title="bbox 3311 5024 3675 5094">
     <span class='ocr_line' id='line_1_106' title="bbox 3311 5024 3675 5094; baseline 0.003 -15"><span class='ocrx_word' id='word_1_729' title='bbox 3311 5024 3484 5093; x_wconf 91' lang='lat' dir='ltr'><strong>April.</strong></span> <span class='ocrx_word' id='word_1_730' title='bbox 3542 5037 3675 5094; x_wconf 87' lang='lat' dir='ltr'><strong>post</strong></span> 
     </span>
    </p>
   </div>
   <div class='ocr_carea' id='block_1_107' title="bbox 2098 5199 3671 5275">
    <p class='ocr_par' dir='ltr' id='par_1_107' title="bbox 2098 5199 3671 5275">
     <span class='ocr_line' id='line_1_107' title="bbox 2098 5199 3671 5275; baseline 0.005 -22"><span class='ocrx_word' id='word_1_731' title='bbox 2098 5215 2221 5253; x_wconf 92' lang='lat' dir='ltr'><strong>rum</strong></span> <span class='ocrx_word' id='word_1_732' title='bbox 2242 5215 2271 5253; x_wconf 91' lang='lat' dir='ltr'><strong>a</strong></span> <span class='ocrx_word' id='word_1_733' title='bbox 2301 5199 2653 5255; x_wconf 86' lang='lat' dir='ltr'><strong>Theodoreto</strong></span> <span class='ocrx_word' id='word_1_734' title='bbox 2682 5202 2903 5256; x_wconf 84' lang='lat' dir='ltr'><strong>missam</strong></span> <span class='ocrx_word' id='word_1_735' title='bbox 2946 5218 3065 5259; x_wconf 88' lang='lat' dir='ltr'><strong>esse</strong></span> <span class='ocrx_word' id='word_1_736' title='bbox 3110 5206 3393 5275; x_wconf 87' lang='lat' dir='ltr'><strong>epistolam</strong></span> <span class='ocrx_word' id='word_1_737' title='bbox 3416 5206 3481 5265; x_wconf 76' lang='grc'>³³,</span> <span class='ocrx_word' id='word_1_738' title='bbox 3521 5222 3671 5261; x_wconf 82' lang='lat' dir='ltr'><strong>anno</strong></span> 
     </span>
    </p>
   </div>
   <div class='ocr_carea' id='block_1_108' title="bbox 2093 5290 3669 5371">
    <p class='ocr_par' dir='ltr' id='par_1_108' title="bbox 2093 5290 3669 5371">
     <span class='ocr_line' id='line_1_108' title="bbox 2093 5290 3669 5371; baseline 0.006 -27"><span class='ocrx_word' id='word_1_739' title='bbox 2093 5290 2198 5345; x_wconf 65' lang='grc'><strong>448</strong></span> <span class='ocrx_word' id='word_1_740' title='bbox 2251 5305 2361 5345; x_wconf 89' lang='lat' dir='ltr'><strong>non</strong></span> <span class='ocrx_word' id='word_1_741' title='bbox 2415 5291 2708 5346; x_wconf 86' lang='lat' dir='ltr'><strong>admodum</strong></span> <span class='ocrx_word' id='word_1_742' title='bbox 2767 5293 2996 5358; x_wconf 76' lang='lat' dir='ltr'><strong>aﬁ‘ecto,</strong></span> <span class='ocrx_word' id='word_1_743' title='bbox 3039 5302 3330 5371; x_wconf 58' lang='lat' dir='ltr'><strong>antequam</strong></span> <span class='ocrx_word' id='word_1_744' title='bbox 3372 5297 3586 5352; x_wconf 81' lang='lat' dir='ltr'><strong>scilicet</strong></span> <span class='ocrx_word' id='word_1_745' title='bbox 3636 5314 3669 5354; x_wconf 83' lang='lat' dir='ltr'><strong>a</strong></span> 
     </span>
    </p>
   </div>
   <div class='ocr_carea' id='block_1_109' title="bbox 413 5360 3670 5458">
    <p class='ocr_par' dir='ltr' id='par_1_109' title="bbox 413 5360 3670 5458">
     <span class='ocr_line' id='line_1_109' title="bbox 413 5360 3670 5458; baseline 0.009 -41"><span class='ocrx_word' id='word_1_746' title='bbox 413 5376 510 5417; x_wconf 89' lang='lat' dir='ltr'><strong>seu</strong></span> <span class='ocrx_word' id='word_1_747' title='bbox 539 5360 925 5433; x_wconf 81' lang='lat' dir='ltr'><strong>Polymorphus</strong></span> <span class='ocrx_word' id='word_1_748' title='bbox 952 5381 970 5418; x_wconf 89' lang='lat'><strong>:</strong></span> <span class='ocrx_word' id='word_1_749' title='bbox 1002 5364 1199 5441; x_wconf 77' lang='lat' dir='ltr'><strong>horum</strong></span> <span class='ocrx_word' id='word_1_750' title='bbox 1228 5368 1441 5437; x_wconf 85' lang='lat' dir='ltr'><strong>primus</strong></span> <span class='ocrx_word' id='word_1_751' title='bbox 1472 5371 1632 5427; x_wconf 90' lang='lat' dir='ltr'><strong>docet</strong></span> <span class='ocrx_word' id='word_1_752' title='bbox 1658 5376 1803 5444; x_wconf 85' lang='lat' dir='ltr'><strong>quod</strong></span> <span class='ocrx_word' id='word_1_753' title='bbox 1839 5378 1986 5434; x_wconf 81' lang='lat' dir='ltr'><strong>Deus</strong></span> <span class='ocrx_word' id='word_1_754' title='bbox 2091 5380 2352 5438; x_wconf 87' lang='lat' dir='ltr'><strong>Dioscoro</strong></span> <span class='ocrx_word' id='word_1_755' title='bbox 2376 5383 2431 5437; x_wconf 89' lang='lat' dir='ltr'><strong>in</strong></span> <span class='ocrx_word' id='word_1_756' title='bbox 2449 5383 2693 5439; x_wconf 86' lang='lat' dir='ltr'><strong>Ecclesia</strong></span> <span class='ocrx_word' id='word_1_757' title='bbox 2705 5385 3070 5442; x_wconf 78' lang='lat' dir='ltr'><strong>Alexandrina</strong></span> <span class='ocrx_word' id='word_1_758' title='bbox 3086 5360 3303 5458; x_wconf 76' lang='lat' dir='ltr'><strong>publico</strong></span> <span class='ocrx_word' id='word_1_759' title='bbox 3317 5390 3670 5446; x_wconf 86' lang='lat' dir='ltr'><strong>anathemate</strong></span> 
     </span>
    </p>
   </div>
   <div class='ocr_carea' id='block_1_110' title="bbox 1752 5530 2333 5591">
    <p class='ocr_par' dir='ltr' id='par_1_110' title="bbox 1752 5530 2333 5591">
     <span class='ocr_line' id='line_1_110' title="bbox 1752 5530 2333 5591; baseline 0.01 -7"><span class='ocrx_word' id='word_1_760' title='bbox 1752 5530 2070 5589; x_wconf 80' lang='lat' dir='ltr'><strong>SCHULZII</strong></span> <span class='ocrx_word' id='word_1_761' title='bbox 2099 5534 2333 5591; x_wconf 63' lang='lat' dir='ltr'><strong>NOTE.</strong></span> 
     </span>
    </p>
   </div>
   <div class='ocr_carea' id='block_1_111' title="bbox 482 5674 1567 5747">
    <p class='ocr_par' dir='ltr' id='par_1_111' title="bbox 482 5674 1567 5747">
     <span class='ocr_line' id='line_1_111' title="bbox 482 5674 1567 5747; baseline 0.006 -15"><span class='ocrx_word' id='word_1_762' title='bbox 482 5676 527 5708; x_wconf 80' lang='lat'><strong>&#39;°</strong></span> <span class='ocrx_word' id='word_1_763' title='bbox 550 5674 674 5732; x_wconf 83' lang='lat' dir='ltr'><strong>Vid.</strong></span> <span class='ocrx_word' id='word_1_764' title='bbox 699 5690 885 5747; x_wconf 56' lang='lat' dir='ltr'><strong>supra,</strong></span> <span class='ocrx_word' id='word_1_765' title='bbox 914 5692 969 5747; x_wconf 91' lang='lat' dir='ltr'><strong>p.</strong></span> <span class='ocrx_word' id='word_1_766' title='bbox 1004 5676 1131 5733; x_wconf 78' lang='lat'><strong>258.</strong></span> <span class='ocrx_word' id='word_1_767' title='bbox 1206 5677 1257 5709; x_wconf 58' lang='grc' dir='ltr'><strong>’τ</strong></span> <span class='ocrx_word' id='word_1_768' title='bbox 1276 5676 1398 5735; x_wconf 80' lang='lat' dir='ltr'><strong>Vid.</strong></span> <span class='ocrx_word' id='word_1_769' title='bbox 1432 5680 1567 5738; x_wconf 90' lang='lat' dir='ltr'><strong>ibid.</strong></span> 
     </span>
    </p>
   </div>
   <div class='ocr_carea' id='block_1_112' title="bbox 1666 5684 2177 5756">
    <p class='ocr_par' dir='ltr' id='par_1_112' title="bbox 1666 5684 2177 5756">
     <span class='ocr_line' id='line_1_112' title="bbox 1666 5684 2177 5756; baseline 0.008 -17"><span class='ocrx_word' id='word_1_770' title='bbox 1666 5684 1712 5756; x_wconf 55' lang='lat' dir='ltr'><strong>ff</strong></span> <span class='ocrx_word' id='word_1_771' title='bbox 1742 5686 1997 5756; x_wconf 63' lang='grc' dir='ltr'>ἐπιστομ.</span> <span class='ocrx_word' id='word_1_772' title='bbox 2030 5687 2177 5743; x_wconf 89' lang='lat' dir='ltr'><strong>Edit.</strong></span> 
     </span>
    </p>
   </div>
   <div class='ocr_carea' id='block_1_113' title="bbox 2210 5689 3664 5769">
    <p class='ocr_par' dir='ltr' id='par_1_113' title="bbox 2210 5689 3664 5769">
     <span class='ocr_line' id='line_1_113' title="bbox 2210 5689 3664 5769; baseline 0.009 -25"><span class='ocrx_word' id='word_1_773' title='bbox 2210 5689 2362 5769; x_wconf 66' lang='lat' dir='ltr'><strong>prior</strong></span> <span class='ocrx_word' id='word_1_774' title='bbox 2385 5692 2757 5769; x_wconf 63' lang='lat' dir='ltr'><strong>praeminebat</strong></span> <span class='ocrx_word' id='word_1_775' title='bbox 2784 5695 2984 5769; x_wconf 51' lang='grc' dir='ltr'><strong>καὶ-ᾃιὰ</strong></span> <span class='ocrx_word' id='word_1_776' title='bbox 3019 5697 3207 5769; x_wconf 78' lang='grc' dir='ltr'>τούτῳ,</span> <span class='ocrx_word' id='word_1_777' title='bbox 3244 5714 3366 5769; x_wconf 73' lang='lat' dir='ltr'><strong>qua:</strong></span> <span class='ocrx_word' id='word_1_778' title='bbox 3421 5700 3664 5760; x_wconf 81' lang='lat' dir='ltr'><strong>delenda</strong></span> 
     </span>
    </p>
   </div>
   <div class='ocr_carea' id='block_1_114' title="bbox 407 5742 1999 5837">
    <p class='ocr_par' dir='ltr' id='par_1_114' title="bbox 407 5742 1999 5827">
     <span class='ocr_line' id='line_1_114' title="bbox 407 5742 1999 5827; baseline 0.007 -28"><span class='ocrx_word' id='word_1_779' title='bbox 407 5742 650 5801; x_wconf 64' lang='lat' dir='ltr'><strong>inerunt.</strong></span> <span class='ocrx_word' id='word_1_780' title='bbox 726 5742 932 5802; x_wconf 54' lang='lat' dir='ltr'><strong>&quot;&#39;Edit:</strong></span> <span class='ocrx_word' id='word_1_781' title='bbox 967 5747 1121 5819; x_wconf 88' lang='lat' dir='ltr'><strong>prior</strong></span> <span class='ocrx_word' id='word_1_782' title='bbox 1148 5747 1516 5820; x_wconf 80' lang='grc' dir='ltr'>ἀπεκήρυξαν.</span> <span class='ocrx_word' id='word_1_783' title='bbox 1596 5753 1640 5787; x_wconf 54' lang='grc' dir='ltr'><strong>’δ</strong></span> <span class='ocrx_word' id='word_1_784' title='bbox 1665 5753 1789 5810; x_wconf 78' lang='lat' dir='ltr'><strong>Vid.</strong></span> <span class='ocrx_word' id='word_1_785' title='bbox 1818 5742 1999 5827; x_wconf 72' lang='lat' dir='ltr'><strong>supra,</strong></span> 
     </span>
    </p>
   </div>
   <div class='ocr_carea' id='block_1_115' title="bbox 2104 5742 3249 5837">
    <p class='ocr_par' dir='ltr' id='par_1_115' title="bbox 2108 5742 3249 5837">
     <span class='ocr_line' id='line_1_115' title="bbox 2108 5742 3249 5837; baseline 0.009 -24"><span class='ocrx_word' id='word_1_786' title='bbox 2108 5742 2235 5815; x_wconf 60' lang='lat' dir='ltr'><strong>sui</strong></span> <span class='ocrx_word' id='word_1_787' title='bbox 2253 5742 2290 5745; x_wconf 72' lang='grc'>”</span> <span class='ocrx_word' id='word_1_788' title='bbox 2310 5742 2353 5794; x_wconf 68' lang='grc' dir='ltr'>ιέ</span> <span class='ocrx_word' id='word_1_789' title='bbox 2385 5742 3249 5837; x_wconf 55' lang='grc' dir='ltr'><strong>ἱνίὰῖ’έῦρὶἷῇῥῖἑὲόῖςὲῐιὸὶῗ]ζ</strong></span> 
     </span>
    </p>
   </div>
  </div>
