3926 6216
213 382 306 447 333
1194 380 1223 404 .

1357 368 1455 431 DE
1488 366 1744 431 LIBRIS
1772 362 2280 427 THEODOBETI.

3338 366 3440 431 331

211 494 616 569 percelleretur;
650 491 941 562 perculsus
966 504 1098 545 vero
1118 497 1201 544 est
1230 503 1377 548 anno
1392 487 1770 557 priore,quam
1801 484 1845 541 Δ
1940 483 1992 535 l.
2024 483 2245 540 Sanctio
2287 484 2438 554 prior
2475 483 2619 541 edita
2649 492 2732 540 cst
2758 498 2902 539 anno
2934 484 3056 547 ιιι,
3098 499 3223 540 nam
3254 484 3438 540 edicto

220 585 532 659 Ephesinum
577 584 936 640 latrocinium
976 582 1171 645 coiret,
1212 591 1274 637 ut
1297 596 1364 636 ex
1401 580 1630 649 epistola
1666 578 1769 632 H5

216 677 484 749 colligitur.
514 674 571 730 3°
597 673 938 729 Mentionem
966 671 1086 728 ﬁeri
1120 672 1387 727 Eranistm
1410 672 1563 725 velut
1583 670 1769 740 operis

220 766 519 841 pervulgati,
552 772 611 820 et
645 766 763 834 jam
801 765 919 819 noti
957 763 1014 817 in
1040 761 1302 834 Egypto;
1334 761 1604 833 divulgari
1636 774 1769 815 vero

219 860 296 930 qui
318 857 511 929 pctuit,
530 864 588 911 et
608 856 669 910 in
694 856 972 927 regionem
998 855 1135 910 adeo
1160 861 1423 909 remotam
1453 852 1765 923 pervenire,

220 951 305 1005 nisi
334 958 457 1004 ante
481 948 699 1017 aliquot
739 962 934 1011 annos,
960 947 1099 1002 duos
1123 953 1217 1000 aut
1248 953 1379 1009 tres,
1403 943 1768 1014 compositum

220 1048 358 1108 atque
387 1035 596 1091 editum
619 1035 817 1090 fuisset
837 1035 862 1087 ?
888 1034 1019 1089 Inde
1037 1048 1170 1089 vero
1195 1032 1486 1096 concludo,
1516 1046 1627 1085 non
1662 1030 1767 1084 im-

221 1131 389 1186 merito
411 1128 590 1184 videri
622 1120 799 1197 posse
818 1126 1058 1196 cuipiam
1090 1127 1292 1181 mirum
1322 1126 1437 1179 sive
1476 1122 1765 1186 Cennadii,

221 1224 311 1278 sive
335 1221 568 1275 aliorum
608 1220 902 1291 judicium,
940 1219 1034 1289 qui
1058 1232 1199 1287 opus
1222 1231 1253 1271 a
1280 1214 1629 1270 Theodoreto
1653 1216 1771 1268 lau-

221 1318 398 1380 datum,
438 1329 568 1370 cum
615 1314 879 1369 Dioscoro
923 1313 1137 1367 litteras
1165 1307 1540 1366 excusatorias
1588 1305 1765 1369 daret,

220 1406 555 1463 crediderunt
604 1404 872 1460 adversus
922 1404 1218 1474 ipsummet
1267 1400 1589 1455 Dioscorum
1637 1397 1770 1451 scri-

219 1508 349 1568 ptum
379 1512 524 1552 esse.
550 1497 647 1551 Nae
666 1495 1049 1551 Theodoretus
1070 1494 1267 1548 fuisset
1285 1501 1379 1548 aut
1408 1491 1771 1562 impudentis-

217 1590 363 1643 simus
379 1588 689 1652 hominum,
722 1587 817 1657 qui
843 1585 1141 1641 secundum
1173 1601 1203 1639 a
1233 1585 1479 1639 Romano
1514 1582 1770 1637 Ecclesia:

217 1680 492 1733 antistitem
531 1684 886 1759 provocasset
911 1677 979 1732 ad
1018 1676 1305 1747 legendum
1332 1690 1491 1746 cpus,
1531 1690 1640 1744 quo
1663 1681 1767 1726 tra-

215 1769 486 1823 duceretur
528 1768 766 1822 ridicula
791 1766 952 1838 385
985 1766 1089 1821 sub
1124 1780 1386 1835 persona;
1436 1773 1532 1819 aut
1577 1764 1768 1818 incon-

1868 581 2160 641 praetorum
2202 574 2484 645 proposito
2522 592 2541 623 ι
2590 573 2728 628 lecta
2769 583 2853 628 est
2882 574 2937 628 in
2982 575 3213 630 ecclesia
3242 589 3436 630 moria-

1868 663 2099 719 chorum
2126 664 2185 720 in
2210 665 2443 721 desertis
2467 665 2783 736 degentium
2808 665 2901 720 die
2935 665 3007 720 23
3033 666 3240 722 mensis
3263 667 3436 722 Phar-

1868 754 2064 816 muthi,
2093 755 2393 813 indictione
2418 758 2469 821 l,
2502 772 2646 812 anno
2674 757 2995 813 Diocletiani
3019 757 3158 825 {64;
3189 776 3209 809 ι
3240 758 3293 813 id
3330 768 3434 823 est,

1867 844 1957 898 die
1989 844 2203 905 decima
2244 855 2437 903 octava
2479 847 2683 917 Aprilis
2727 847 2858 904 anni
2899 847 3037 912 M8,
3086 863 3213 903 cum
3262 849 3437 904 eremi

1867 933 2108 989 cultores
2163 935 2549 992 convenissent
2610 936 2679 993 ad
2743 935 3135 992 celebrandum
3193 937 3399 993 Pascha
3420 974 3436 1000 ,
3538 950 3559 957 “

1867 1039 2103 1095 moxque
2143 1024 2413 1085 absolutis
2443 1024 2598 1083 festis
2629 1035 2755 1097 post
2790 1028 2915 1082 νέαν
2945 1028 3216 1102 κυριακὴν
3242 1029 3311 1085 ad
3337 1045 3436 1085 sua

1868 1129 1927 1169 se
1955 1115 2077 1169 loca
2107 1114 2309 1184 singuli
2342 1116 2617 1184 recepturi
2654 1115 2856 1172 forent.
2891 1118 3009 1183 Non
3040 1119 3222 1187 potuit
3251 1127 3437 1175 autem

1869 1205 1925 1259 in
1974 1205 2317 1260 Palaestinam
2374 1205 2882 1277 Constantinopoli,
2939 1216 3103 1279 atque
3162 1210 3329 1265 etiam
3376 1210 3432 1265 in

1866 1295 2083 1367 Egypti
2123 1296 2338 1351 deserta
2378 1296 2582 1352 deferri
2621 1298 2864 1363 sanctio,
2897 1299 3030 1368 quin
3064 1300 3273 1371 aliquot
3310 1315 3438 1359 ante

1870 1402 2087 1442 menses
2114 1386 2240 1441 data
2271 1387 2363 1452 sit,
2410 1396 2578 1457 atque
2621 1388 2761 1444 adeo
2807 1388 2911 1447 sub
2947 1388 3109 1444 ﬁnem
3141 1390 3269 1445 anni
3310 1390 3434 1454 447,

1869 1479 2150 1533 Decembri
2180 1493 2389 1544 mense,
2411 1488 2473 1534 ut
2501 1479 2717 1549 opinor,
2746 1488 2842 1535 aut
2856 1480 3021 1536 etiam
3036 1481 3364 1537 Novembri:
3389 1482 3437 1537 si

1868 1572 2018 1625 enim
2058 1571 2223 1626 citius
2252 1571 2448 1628 fuisset
2486 1571 2635 1635 data,
2676 1572 2947 1641 potuisset
2972 1572 3081 1643 legi
3118 1571 3177 1626 in
3205 1572 3439 1628 ecclesia

1869 1660 2263 1716 monachorum
2296 1659 2744 1716 convenientium
2781 1660 2851 1715 ad
2880 1660 3208 1717 celebranda
3232 1660 3439 1717 Christi

1870 1750 2007 1806 festa
2043 1751 2210 1822 388
2238 1751 2501 1806 natalitia.
2529 1751 2695 1807 Lecta
2727 1766 2894 1821 porro
2914 1758 3003 1817 est
3032 1752 3126 1823 νέᾳ
3151 1757 3388 1825 κυριακῇ
3424 1772 3435 1807 :

215 1860 547 1925 mitissimus,
598 1861 693 1930 qui
736 1829 970 1930 purgare
1008 1873 1066 1914 se
1120 1829 1380 1913 voluisset
1424 1857 1568 1927 apud
1614 1871 1762 1919 eum,
1798 1829 1839 1884 Β
1869 1856 1994 1895 nam
2024 1856 2169 1896 anno
2191 1842 2316 1907 448,
2345 1841 2551 1897 Ρθεοιὶα
2578 1841 2773 1896 illeid“
2793 1842 2850 1896 in
2875 1841 3021 1897 diem
3046 1843 3109 1897 ίί
3136 1843 3360 1912 Aprilis,
3383 1853 3442 1899 ει

214 1967 353 2022 quem
376 1952 493 2022 ipse
515 1960 833 2015 accusaret;
860 1958 954 2005 aut
981 1950 1409 2013 amentissimus,
1441 1948 1535 2018 qui
1576 1947 1767 2001 amici-

216 2044 326 2098 tiam
344 2042 663 2113 expetiisset
688 2041 949 2105 hominis,
980 2057 1141 2111 quem
1169 2040 1500 2095 ludiﬁcatur.

269 2134 349 2189 Vl.
392 2133 437 2189 Α
474 2133 701 2189 nemine
738 2140 989 2187 veterum
1027 2146 1166 2202 Opus
1208 2132 1313 2185 hoc
1348 2131 1459 2184 ulla
1502 2129 1766 2201 peculiari

214 2225 354 2279 laude
379 2224 635 2286 adicitur,
669 2220 924 2291 quamvis
961 2236 991 2274 a
1035 2221 1363 2291 quibusdam
1409 2227 1764 2283 memoretur,

212 2317 342 2371 velut
395 2333 426 2370 a
465 2314 665 2369 Photio
706 2321 764 2368 et
805 2313 1151 2383 Nicephoro:
1186 2313 1332 2382 quod
1365 2313 1483 2367 sine
1520 2310 1769 2365 animad-

212 2409 444 2464 versione
476 2406 750 2478 prmteriri
790 2419 897 2459 non
937 2405 1121 2469 debet,
1149 2404 1454 2473 praesertim
1478 2417 1604 2457 cum
1633 2417 1767 2472 pro~

214 2501 312 2555 fusa
359 2501 428 2555 sit
472 2498 720 2568 alioquin
770 2497 1060 2567 utriusque
1104 2496 1348 2551 auctoris
1389 2496 1443 2550 in
1492 2493 1768 2550 laudando

214 2591 543 2647 'l‘hcodoreto
583 2587 982 2644 incontinentis
1013 2604 1026 2641 :
1062 2587 1264 2641 librum
1299 2587 1534 2657 appellat
1557 2594 1767 2640 tantum

214 2683 538 2752 Nicephorus
557 2722 572 2747 ,
606 2680 840 2736 Photius
870 2678 1018 2733 aliud
1053 2679 1188 2733 nihil
1217 2678 1423 2742 laudat,
1454 2692 1617 2747 quam
1647 2691 1769 2747 quas

214 2775 416 2845 reliquis
442 2773 704 2827 omnibus
730 2772 994 2842 operibus
1028 2771 1306 2833 convenit,
1347 2769 1616 2825 sermonis
1638 2783 1767 2838 per-

212 2866 538 2936 spicuitatem
564 2872 621 2918 et
642 2863 963 2934 puritatem.

269 2956 365 3011 Vll.
396 2955 526 3010 Non
552 2955 718 3009 modo
741 2970 853 3008 non
881 2953 1178 3008 laudarunt
1199 2962 1434 3016 veteres,
1465 2952 1561 3006 sed
1601 2952 1767 3006 etiam

215 3048 410 3103 tioiuine
455 3046 684 3102 haeresis
734 3052 1050 3116 suspectum
1091 3044 1405 3099 habuerunt
1438 3060 1450 3095 :
1491 3058 1654 3113 quam
1697 3041 1769 3097 ob

215 3154 403 3197 causam
430 3138 478 3169 ³·
508 3137 748 3192 ﬂammis
777 3136 1056 3191 addictum
1104 3145 1188 3191 est
1214 3136 1429 3205 gemina
1471 3132 1764 3189 Theodosii
1794 3156 1840 3218 ο

216 3231 474 3285 sanctione
501 3249 514 3284 :
546 3229 795 3300 priorem
827 3226 1000 3282 edixit
1018 3225 1314 3297 imperator
1343 3239 1487 3279 anno
1515 3224 1639 3282 447.
1662 3223 1767 3278 sub

216 3321 370 3389 linem,
401 3324 653 3378 habetur
677 3321 733 3374 in
769 3336 826 3375 Ill
868 3328 1023 3389 parte
1066 3319 1286 3373 conci-lii
1332 3315 1617 3387 Ephesini,
1644 3329 1765 3383 cap.

217 3415 299 3480 l‘i;
346 3413 652 3470 secundam
697 3411 851 3467 dedit
901 3426 1045 3466 anno
1093 3410 1217 3475 449,
1262 3423 1388 3463 cum
1431 3407 1768 3478 Ephesinum

216 3507 485 3563 concilium
518 3522 558 3561 ιι
588 3504 942 3575 approbaret.

272 3599 390 3654 Vill.
426 3598 585 3653 Sunt
625 3597 747 3652 haec
780 3595 981 3667 prioris
1007 3594 1175 3650 verba
1206 3611 1220 3649 :
1256 3614 1273 3646 ι
1321 3593 1592 3661 Quoniam
1639 3607 1772 3647 vero

219 3691 274 3744 ad
293 3692 397 3762 pias
415 3700 474 3747 et
500 3704 694 3747 sacras
722 3704 886 3744 aures
912 3696 1129 3743 nostras
1161 3687 1433 3757 pervenit,
1467 3701 1496 3740 a
1534 3684 1774 3739 nonnul-

222 3784 275 3839 lis
291 3784 569 3841 doctrinas
593 3783 858 3855 quasdam
895 3781 1241 3850 conscriptas
1278 3787 1335 3834 et
1373 3779 1551 3834 editas
1580 3778 1771 3842 fuisse,

222 3877 495 3949 ambiguas,
552 3886 610 3932 et
658 3891 773 3930 non
823 3874 982 3945 plane
1026 3887 1090 3926 ac
1131 3878 1319 3941 aperte
1363 3871 1775 3926 consentientes

222 3984 323 4023 cum
355 3967 667 4025 orthodoxa
702 3964 809 4020 fide
852 3963 1098 4034 exposita
1140 3976 1170 4017 a
1213 3961 1419 4032 synodo
1460 3970 1774 4015 sanctorum

224 4059 409 4115 Patrum
436 4060 642 4115 Nicaeae
679 4065 737 4112 et
767 4054 967 4131 Ephesi
1003 4060 1474 4122 congregatorum,
1509 4060 1564 4105 et
1600 4065 1631 4104 ιι
1670 4049 1774 4120 piae

224 4154 468 4209 memoriae
545 4150 752 4223 Cyrillo
810 4162 1006 4217 magno
1057 4143 1551 4199 Alexandrinorum
1623 4141 1776 4195 urbis

222 4246 463 4315 quondam
512 4244 781 4314 episcopo
833 4258 846 4294 :
890 4238 1244 4302 mandamus,
1291 4246 1352 4291 ut
1398 4234 1774 4307 hujuscemodi

225 4336 426 4406 scripta,
468 4336 592 4391 sive
630 4331 896 4393 antehac,
942 4330 1057 4385 sive
1108 4329 1215 4384 hoc
1259 4342 1477 4400 quoque
1527 4335 1774 4401 tempore

227 4427 494 4497 composita
530 4424 668 4489 sint,
703 4422 1118 4483 comburantur,
1144 4435 1206 4473 ac
1244 4432 1472 4487 prorsus
1513 4414 1774 4470 aholean-

1867 1931 2097 2001 proinde
2122 1932 2217 1985 νέα
2244 1933 2481 2003 κυριακὴ
2513 1934 2570 1988 in
2598 1933 2748 1989 diem
2776 1934 2843 1988 l~8
2863 1934 3084 2005 Aprilis.
3116 1934 3283 1990 Lecta
3307 1950 3442 1991 vero

1866 2032 1951 2077 est
1990 2023 2274 2079 monachis
2301 2032 2527 2094 propter
2559 2026 2976 2090 tumultuantes,
3008 2026 3063 2080 in
3096 2026 3233 2096 ipsis
3273 2027 3440 2081 etiam

1866 2113 2108 2169 Orientis
2155 2114 2376 2180 eremis,
2430 2114 2718 2180 factiones,
2762 2122 2824 2169 ut
2865 2115 3130 2180 discimus
3165 2131 3234 2171 ex
3271 2115 3441 2172 Sacra

1868 2206 2162 2262 Theodosii
2194 2208 2548 2263 convocantis
2574 2208 2642 2263 ad
2675 2208 2944 2280 synodum
2983 2208 3316 2278 Ephesinam
3350 2224 3440 2263 se-

1866 2295 2106 2351 cundam
2155 2297 2551 2353 monachorum
2590 2297 2837 2361 Orientis
2880 2298 3206 2369 signiferum
3237 2298 3441 2355 Borsu-

1869 2402 2033 2455 mam,
2058 2389 2151 2459 qui
2171 2405 2273 2459 pro
2294 2391 2554 2457 omnibus
2579 2392 2722 2447 inter
2745 2391 2932 2447 Patres
2955 2391 3286 2459 consideret.

1937 2480 1993 2533 2.
2035 2480 2219 2535 Altera
2265 2481 2498 2542 sanctio,
2540 2481 2646 2536 etsi
2680 2482 2887 2543 nullam
2937 2482 3139 2537 habeat
3180 2483 3445 2554 temporis

1869 2581 2075 2636 notam,
2117 2587 2183 2627 ex
2220 2572 2288 2626 iis
2327 2580 2529 2637 tamen,
2566 2588 2689 2643 quae
2727 2572 3000 2640 continet,
3044 2573 3181 2641 satis
3213 2573 3443 2637 demon-

1869 2672 2005 2717 strat
2043 2679 2248 2717 annum
2288 2664 2393 2719 H9
2435 2665 2538 2719 sub
2585 2666 2768 2728 linem,
2799 2674 2896 2720 aut
2931 2665 3086 2720 initia
3118 2666 3441 2735 sequentis:

1868 2751 2158 2808 conﬁrmat
2198 2754 2346 2810 enim
2391 2754 2687 2811 concilium
2728 2755 3064 2825 Ephesinum
3109 2770 3147 2811 ιι
3193 2755 3444 2811 habitum

1869 2845 1960 2900 die
1995 2845 2061 2899 lO
2091 2845 2319 2916 Augusti
2345 2845 2475 2900 anni
2502 2847 2625 2901 449.

1938 2939 1991 2994 5.
2023 2940 2149 2995 llaec
2188 2940 2391 3010 prioris
2421 2940 2590 2995 verba
2635 2958 2649 2994 :
2699 2960 2717 2992 ι
2751 2941 2797 2995 Α
2842 2941 3124 2997 nonnullis
3165 2940 3447 2997 doctrinas

1871 3030 2131 3100 quasdam
2165 3031 2504 3101 conscriptas
2535 3038 2590 3089 et
2622 3030 2800 3088 editas
2828 3031 3021 3097 fuisse,
3052 3032 3361 3103 ambiguas,
3387 3040 3447 3088 et

1870 3136 1981 3177 non
2015 3123 2173 3191 plene
2200 3137 2264 3177 ac
2304 3132 2490 3192 aperte
2535 3123 2944 3183 consentientes
2974 3137 3098 3178 cum
3138 3123 3446 3180 orthodoxa

1870 3211 1992 3267 ﬁde-
2018 3212 2287 3281 exposita,
2337 3231 2357 3263 ι
2400 3220 2507 3266 etc.
2559 3211 2845 3273 manifeste
2875 3211 3162 3282 designant
3202 3210 3446 3283 dialogos

1870 3319 1997 3359 cum
2025 3303 2280 3359 Eranista
2319 3321 2337 3357 :
2374 3303 2430 3358 in
2458 3303 2568 3363 illis
2596 3304 2745 3365 enim
2772 3303 3039 3367 catholica
3070 3304 3206 3365 ﬁdes
3233 3305 3288 3360 in
3323 3321 3447 3375 spe-

1871 3395 2033 3462 ciem,
2078 3410 2270 3451 revera
2316 3395 2777 3458 Nestorianismus
2816 3395 3088 3461 traditur;
3132 3376 3448 3457 sed'artiﬁ-

1871 3486 2022 3543 ciose
2066 3485 2472 3553 dissimulatus,
2528 3495 2591 3542 ut
2637 3494 2824 3557 postea
2874 3487 3111 3547 dicetur.
3175 3488 3339 3546 Certe
3389 3490 3447 3545 in

1873 3590 2161 3651 utramque
2187 3590 2396 3651 partem
2427 3595 2527 3651 pro
2550 3580 2719 3635 animi
2756 3580 3054 3640 aﬂ‘emioue
3096 3581 3447 3651 interpretari

1872 3673 2000 3728 licet
2032 3658 2237 3737 omnia,
2271 3681 2335 3728 ut
2378 3686 2558 3742 neque
2587 3672 2920 3737 Catholicus,
2948 3687 3127 3743 neque
3166 3673 3447 3730 Nestoria-

1873 3780 1977 3821 nus
2005 3767 2022 3786 "
2049 3779 2081 3820 a
2114 3763 2452 3835 dialogorum
2486 3762 2670 3819 verbis
2699 3762 2852 3819 valde
2884 3754 3234 3824 abhorreret.

1943 3856 1997 3911 4.
2048 3855 2174 3911 Haec
2219 3856 2424 3926 pariter
2473 3855 2676 3924 prioris
2724 3854 2913 3919 verba,
2954 3874 2973 3906 ι
3033 3855 3147 3909 sive
3188 3855 3446 3912 antehac.

1875 3949 1989 4003 sive
2047 3948 2152 4002 hoc
2205 3963 2423 4017 quoque
2478 3955 2723 4015 tempore
2780 3945 3083 4016 composita
3128 3944 3371 4011 fuerint,
3423 3965 3440 3997 ι

1876 4037 2226 4108 intelligenda
2274 4036 2464 4107 procul
2520 4035 2691 4091 dubio
2752 4043 2881 4092 sunt
2932 4035 3000 4092 de
3048 4034 3205 4095 libris
3255 4049 3450 4093 recens

1876 4128 2225 4198 compositis,
2294 4128 2392 4197 qui
2456 4127 2643 4182 turbas
2700 4126 3003 4187 excitarent
3061 4125 3119 4180 in
3187 4124 3447 4189 Oriente,

1875 4220 1971 4290 qui
2029 4220 2521 4276 Nestorianismum
2584 4217 2867 4276 foverent.
2917 4216 3011 4287 qui
3062 4217 3244 4288 magni
3302 4216 3461 4275 inter

1878 4312 2175 4369 monachos
2227 4311 2459 4381 alicujus
2517 4310 2618 4364 viri
2678 4325 2878 4365 nomen
2930 4309 3272 4380 praferrent.
3325 4310 3452 4365 Haec

1877 4421 2010 4460 vero
2055 4403 2386 4459 Theodoreti
2458 4401 2687 4472 dialogis
2752 4402 2994 4471 apprime
3043 4402 3380 4457 conveniunt
3432 4418 3446 4454 :

229 4491 394 4581 luriut
419 4518 573 4574 nullo
599 4513 765 4569 modo
792 4512 1045 4582 cuiquam
1070 4511 1136 4566 ad
1170 4509 1458 4580 legendum
1483 4515 1776 4577 suppetere
1808 4491 1851 4543 ι)
1880 4512 2006 4551 nam
2047 4503 2103 4549 et
2134 4504 2260 4550 ante
2302 4492 2490 4548 [rentei
2520 4492 2915 4563 depositionetn
2958 4491 3253 4561 conscripti
3299 4501 3448 4552 sunt.

227 4610 446 4675 possint:
476 4609 591 4663 illis
627 4605 721 4675 qui
761 4601 1032 4675 ejusmodi
1070 4601 1272 4669 scripta
1303 4607 1398 4653 aut
1430 4599 1599 4652 libros
1632 4596 1777 4667 apud

227 4714 274 4753 se
294 4699 482 4756 habere
504 4715 571 4755 ac
606 4698 792 4768 legere
819 4694 937 4749 ausi
972 4693 1193 4758 fuerint,
1222 4699 1528 4747 extremum
1567 4688 1779 4760 suppli-

228 4789 351 4843 cium
384 4787 830 4845 formidantibus.
869 4803 887 4836 ι

286 4881 365 4936 IK.
398 4881 537 4937 Sunt
571 4880 676 4935 ista
708 4875 1031 4949 posterioris
1056 4874 1243 4938 edicti,
1280 4888 1390 4943 quo
1426 4873 1776 4928 latrocinium

232 4973 537 5044 Ephesinum
564 4971 906 5043 approbatur
937 4985 950 5022 :
995 4987 1012 5019 ι
1038 4966 1298 5036 Quisquis
1329 4965 1547 5020 codices
1572 4964 1778 5023 habue-

232 5062 291 5117 rit
315 5064 655 5119 interdictam
682 5061 847 5116 ﬁdem
882 5058 1116 5114 Nestorii
1155 5072 1220 5111 ac
1243 5056 1573 5111 Theodoreti
1600 5057 1773 5111 conti-

231 5165 419 5220 nentes,
438 5166 533 5212 aut
550 5153 1034 5229 interpretationes
1050 5165 1264 5211 eorum,
1289 5149 1375 5203 vel
1401 5149 1495 5219 qui
1516 5158 1783 5204 vocantur

233 5242 481 5302 Sermones
501 5246 805 5302 allocutorii
826 5243 933 5299 sive
960 5243 1303 5307 traditiones;
1324 5241 1516 5296 iisdem
1544 5250 1784 5297 tormen-

235 5333 293 5388 tis
316 5337 626 5407 subjaceat:
656 5333 873 5391 etiamsi
897 5348 981 5397 ea,
1009 5347 1131 5401 qum
1163 5338 1291 5384 sunt
1319 5329 1388 5384 ab
1419 5328 1526 5384 illis
1558 5344 1783 5399 compo-

235 5425 342 5492 sita,
371 5429 594 5483 alterius
617 5429 840 5484 nomine
867 5426 1072 5481 fuerint
1097 5431 1418 5494 prmnotata.
1458 5442 1475 5473 ι

1879 4598 1939 4644 ιιι
1961 4604 2027 4643 ex
2053 4588 2282 4657 epistola
2314 4585 2378 4641 l6
2413 4594 2644 4647 constat,
2673 4593 2729 4639 et
2756 4583 2977 4639 Oriente
3006 4593 3119 4640 toto
3150 4583 3450 4652 vulgaban-

1879 4691 2001 4746 tur;
2035 4688 2092 4735 ct
2122 4680 2343 4735 nomine
2376 4677 2706 4733 Theodoreti
2740 4676 3023 4747 inscripto,
3062 4685 3212 4731 tanto
3248 4690 3452 4730 nocen-

1881 4774 1989 4828 tius
2014 4772 2355 4843 legebantur,
2383 4779 2590 4840 quanto
2618 4770 2792 4837 major
2818 4777 2938 4823 erat
2966 4765 3099 4822 tanti
3124 4766 3228 4820 viri
3262 4774 3453 4829 aucto-

1880 4868 2034 4930 ritas,
2074 4874 2389 4934 quantoque
2417 4863 2655 4933 plurium
2695 4858 2954 4916 Ecclesia:
2984 4857 3269 4927 doctorum
3301 4858 3455 4913 testi-

1883 4958 2069 5011 monio
2102 4955 2307 5010 ﬁrmari
2340 4953 2680 5008 viderentur.

1955 5050 2008 5103 5.
2046 5047 2326 5103 Posterior
2354 5044 2565 5100 sanctio
2597 5042 2800 5113 prioris
2837 5039 3178 5097 conﬁrmatio
3225 5047 3320 5094 aut
3361 5054 3456 5093 ex-

1884 5142 2086 5214 positio
2117 5139 2302 5210 potius
2340 5135 2587 5206 quaedam
2629 5142 2742 5198 est;
2776 5148 2902 5187 nam
2942 5134 3059 5203 qui,
3096 5131 3261 5188 tacito
3303 5132 3458 5202 prius

1887 5232 2131 5290 auctoris
2162 5238 2217 5285 et
2250 5244 2351 5284 suo
2378 5226 2625 5291 nomine,
2675 5224 3076 5280 damnabantur
3112 5222 3263 5284 li-bri,
3312 5236 3459 5304 nunc

1892 5321 2193 5381 Theodoreti
2237 5320 2528 5382 dicuntur,
2577 5327 2633 5371 et
2669 5332 2932 5370 sermones
2979 5313 3312 5374 allocutorii,
3355 5313 3460 5365 sive

1888 5416 2195 5470 traditiones
2225 5418 2522 5474 vocantur;
2551 5407 2603 5462 id
2644 5417 2748 5470 est,
2785 5405 3005 5477 dialogi,
3050 5419 3283 5474 quorum
3328 5402 3460 5455 doc-

294 5516 356 5573 X.
391 5518 547 5576 Circa
582 5530 873 5589 utramque
911 5492 1247 5574 sanctionem
1292 5514 1632 5571 observanda
1658 5526 1787 5568 sum
1888 5507 2033 5562 trina
2052 5505 2274 5560 Patrum
2298 5516 2364 5554 ex
2390 5498 2648 5553 omnibus
2681 5497 2870 5551 mundi
2913 5495 3155 5565 partibus
3190 5492 3458 5547 sententia

240 5620 317 5661 sex
346 5610 437 5667 ista
462 5630 477 5666 :

1887 5609 1944 5654 et
1975 5594 2286 5652 testimonio
2319 5591 2588 5646 firmetur.

1557 5740 1868 5799 SCllUlllL
1896 5737 2124 5796 NOT/E.

300 5811 341 5843 "
366 5812 481 5870 για.
512 5830 567 5886 p.
604 5817 726 5883 tot,
756 5817 926 5871 schol.
962 5818 1037 5871 ιδ.
