3926 6216
437 337 543 402 335

1540 331 1913 392 CARNERII
1953 330 2448 396 DISSERTATIO
2487 335 2545 394 Il

3588 345 3709 409 336

507 445 562 499 ti.
591 439 917 498 Posterioris
944 439 1058 495 haec
1086 449 1170 495 est
1194 439 1475 511 inscriptio
1500 440 1567 494 ad
1592 441 1876 496 historiam
1901 457 2011 495 non
2043 450 2083 505 Α
2113 446 2296 502 anima
2322 463 2421 518 per
2457 447 2718 502 unionem
2759 461 2882 501 cum
2915 462 3149 518 corpore
3178 447 3239 506 ﬁ;
3277 451 3461 508 homo.
3499 453 3560 508 ρο
3589 457 3708 512 pcr

440 529 795 588 mediocriter
844 529 1250 585 conducibilis:
1285 548 1305 581 ι
1354 529 1738 599 lnterpretatio
1799 533 1934 603 legis
1984 549 2015 588 a

438 623 753 680 Theodosio
776 621 1025 688 Juniore,
1057 636 1183 676 cum
1214 620 1475 675 seductus
1501 620 1697 677 fuisset
1724 639 1755 677 a
1783 621 2018 695 Chrysa-

440 717 590 787 phio,
639 714 904 770 adversus
943 713 1261 769 Flavianum
1307 720 1365 767 et
1395 713 1595 779 socios,
1622 730 1729 783 pro
1765 715 2016 784 Eutyche

438 808 814 877 promulgata,
845 820 1007 875 quam
1039 805 1435 877 religiosissimi
1470 806 1724 863 Marciani
1752 808 2016 877 principis

441 899 525 952 lex
551 899 844 953 subsecuta
880 896 1170 951 destruxit.
1202 915 1220 947 ι
1251 896 1382 963 Quae
1419 898 1706 968 inscriptio
1735 899 1953 954 videtur
1983 916 2016 955 a

440 991 664 1045 Rustico
693 990 946 1053 diacono,
976 996 1072 1044 aut
1096 988 1164 1043 ah
1202 988 1309 1044 alio
1338 989 1677 1060 descriptore
1705 991 1908 1045 addita.

506 1082 596 1136 XI.
648 1080 842 1135 Audivi
900 1079 1030 1150 qui,
1067 1095 1180 1149 prce
1226 1079 1444 1145 studio,
1488 1095 1599 1150 quo
1638 1080 1917 1136 ferebatur
1960 1081 2016 1135 in

442 1172 874 1238 Theodoretum,
926 1171 1031 1225 tria
1070 1171 1427 1227 vehementer
1473 1172 1833 1226 contenderet
1863 1189 1876 1224 ε
1906 1172 2019 1240 pri-

437 1263 858 1329 mum,‘dubiam
885 1277 1007 1317 esse
1027 1262 1387 1332 posteriorem
1415 1261 1777 1327 sanctionem,
1807 1269 1868 1315 ut
1897 1277 2019 1332 qua:

433 1356 621 1410 Griece
667 1370 778 1409 non
811 1354 1059 1423 legatur,
1094 1367 1202 1422 qua
1243 1351 1455 1407 ratione
1498 1352 1652 1423 rejici
1701 1352 1841 1407 solet
1873 1352 2018 1407 actio

434 1446 656 1501 concilii
699 1442 1166 1500 Chalcedonensis
1210 1442 1279 1498 de
1321 1443 1567 1509 Domno;
1609 1442 1873 1505 alterum,
1906 1458 2017 1496 non

434 1538 637 1593 debere
660 1537 718 1591 in
741 1551 807 1591 ea
832 1535 939 1606 legi
971 1534 1302 1590 Theodoreti
1334 1549 1557 1599 nomen,
1589 1534 1684 1589 sed
1716 1534 2016 1599 Theodori,

433 1645 543 1700 quo
560 1628 819 1698 magistro
831 1625 1118 1681 Nestorius
1134 1624 1326 1679 didicit
1340 1623 1594 1690 haeresin,
1608 1626 1871 1696 cujusque
1887 1625 2020 1679 scri-

436 1724 547 1785 pta,
566 1724 622 1769 et
645 1730 675 1769 a
693 1713 899 1769 sanctis
913 1713 1073 1784 387
1091 1712 1293 1785 Cyrillo
1318 1721 1374 1767 et
1390 1713 1582 1768 Proclo
1610 1713 1697 1768 ref
1697 1722 1844 1768 ntata
1867 1723 2014 1778 sunt,

436 1775 492 1861 et
511 1823 541 1861 a
566 1805 877 1861 Theodosio
893 1775 1154 1859 damnata
1177 1819 1300 1859 cum
1328 1805 1589 1874 operibus
1603 1805 1863 1868 Nestorii,
1888 1821 2014 1860 san—
2049 1775 2093 1835 Β

439 1897 623 1952 ctione
648 1896 852 1951 inserta
879 1894 1030 1949 Actis
1058 1910 1092 1949 v
1114 1893 1328 1966 synodi,
1361 1895 1544 1949 collat.
1615 1912 1629 1960 ;
1648 1905 2008 1965 postremum,

434 1985 728 2042 Thebdosii
772 1985 1131 2051 sanctionem,
1160 1994 1223 2041 ut
1262 2000 1394 2041 vera
1438 1985 1528 2051 sit,
1577 1986 1784 2042 nullius
1828 1998 2010 2042 tamen

432 2094 554 2134 esse
585 2077 869 2141 momenti,
916 2084 1210 2148 propterea
1246 2076 1395 2147 quod
1428 2076 1756 2149 Chrysaphii
1800 2079 2015 2134 artibus

431 2169 694 2238 subrepta
731 2168 803 2223 sit
831 2166 1149 2237 imperatori
1189 2166 1548 2237 imprudenti,
1574 2177 1631 2223 et
1660 2185 1691 2223 a
1739 2169 2012 2224 Marciano

431 2269 556 2331 post
588 2275 701 2315 rem
731 2259 1039 2314 accuratius
1066 2259 1426 2329 disceptatam
1457 2262 1709 2315 rescissa.

501 2372 614 2427 Xll.
640 2371 805 2428 Levia
825 2378 956 2427 sunt
980 2371 1207 2428 omnino
1228 2372 1345 2427 haec
1368 2372 1499 2439 tria;
1524 2382 1581 2428 et
1599 2374 1763 2444 primi
1786 2374 2010 2444 quidem

434 2465 643 2519 vanitas
669 2479 734 2519 ex
769 2479 838 2519 eo
862 2473 1030 2533 patet,
1052 2464 1199 2535 quod
1222 2465 1393 2519 multa
1424 2465 1553 2518 olim
1578 2465 1764 2521 Graece
1785 2468 2008 2537 scripta,

436 2571 583 2609 nunc
622 2555 815 2610 Latine
862 2563 1093 2619 tantum,
1146 2555 1231 2609 vel
1297 2556 1353 2609 in
1405 2556 1524 2626 ipsa
1573 2556 2011 2615 Chalcedonensi

431 2646 642 2718 synodo
673 2647 949 2717 leguntur.
981 2644 1141 2700 Certe
1171 2645 1362 2715 quinta
1389 2647 1630 2718 synodus
1660 2664 1770 2703 non
1804 2648 2012 2705 idcirco

432 2736 785 2807 despicienda
820 2743 923 2802 est,
952 2737 1083 2807 quia
1114 2736 1250 2792 Acta
1276 2736 1463 2792 Graeca
1500 2739 1808 2808 perierunt.
1852 2742 2010 2809 Quod

433 2838 648 2900 spectat
672 2828 997 2891 secundum,
1024 2828 1236 2883 sanctio
1276 2828 1536 2883 Marciani
1567 2832 2009 2889 emendationem

434 2918 504 2972 ab
551 2925 795 2971 amatore
856 2917 951 2971 illo
999 2916 1332 2972 Theodoreti
1373 2926 1635 2973 tentatam
1684 2921 2012 2978 temeritatis

431 3009 613 3080 arguit
644 3026 655 3061 :
696 3006 1133 3063 Theodosianam
1167 3008 1318 3062 enim
1351 3024 1477 3063 cum
1515 3011 1797 3079 rescindit,
1833 3014 2010 3069 mani-

431 3099 624 3154 festam
648 3098 780 3155 facit
810 3099 880 3154 de
905 3098 1254 3155 Theodoreto
1278 3100 1633 3156 mentionem.
1664 3103 2005 3161 Postremum
2041 3135 2084 3193 ο

430 3188 690 3259 denique,
731 3188 877 3259 quod
909 3189 1122 3245 sanctio
1148 3189 1476 3263 Chrysaphii
1507 3193 1721 3250 artibus
1749 3196 2010 3268 subrepta

432 3279 528 3343 sit,
558 3287 618 3333 ut
645 3279 862 3350 probet,
898 3280 1048 3335 illam
1082 3281 1221 3337 vitio
1252 3298 1364 3337 non
1409 3299 1621 3350 carere,
1663 3302 1776 3342 non
1813 3289 2012 3359 probat

432 3368 604 3426 fuisse
637 3371 882 3437 nullam;
930 3372 975 3427 si
1005 3380 1188 3429 autem
1225 3373 1331 3428 fuit
1355 3374 1560 3445 aliqua,
1601 3386 1836 3444 constat,
1862 3382 2011 3451 quod

433 3460 925 3516 demonstrandum
971 3470 1113 3527 erat,
1151 3463 1396 3535 dialogos
1440 3481 1639 3536 nempe
1673 3469 2011 3527 Theodoreti

435 3550 669 3607 flammis
689 3551 941 3607 addictos
965 3552 1154 3608 fuisse.
1179 3552 1336 3620 Quod
1359 3571 1526 3625 porro
1542 3556 1682 3612 dixit
1709 3558 2014 3630 imperator

437 3641 492 3694 in
520 3640 773 3712 dialogis,
819 3642 1124 3713 ambiguas,
1158 3651 1290 3709 etc.,
1341 3644 1622 3701 doctrinas
1652 3663 1773 3702 esse
1801 3650 2011 3718 editas;

433 3728 691 3798 quodque
740 3728 948 3797 addidi,
1006 3731 1177 3787 verbo
1239 3740 1401 3789 tenus
1442 3736 1765 3792 catholicam
1826 3739 2009 3806 ﬁdem,

432 3819 618 3891 reipsa
659 3820 1154 3879 Nestorianismum
1195 3826 1364 3893 tradi,
1411 3826 1571 3883 facile
1614 3828 2009 3900 deprehendet.

432 3914 526 3985 qui
569 3915 801 3970 eruditis
839 3916 1001 3972 simul
1047 3926 1103 3972 et
1158 3918 1392 3974 curiosis
1425 3920 1602 3975 oculis
1653 3938 1792 3991 opus
1838 3932 2011 3980 totum

434 4006 731 4075 pcrlegerit
781 4024 797 4063 :
839 4022 964 4061 nam
1008 4007 1077 4062 de
1135 4010 1523 4081 conjunctione
1581 4021 1900 4069 naturarum
1955 4017 2012 4072 in

433 4095 656 4150 Christo
673 4111 784 4150 non
806 4098 1069 4154 abhorret
1094 4101 1403 4171 inspeciem
1426 4118 1456 4157 a
1479 4106 1751 4161 sententia
1766 4106 2009 4175 Patrum,

436 4200 576 4255 quos
594 4185 782 4241 laudat
809 4188 1095 4257 plurimos,
1129 4191 1223 4246 scd
1246 4192 1314 4248 iis
1338 4201 1519 4249 tamen
1538 4195 1725 4250 verbis
1747 4197 2010 4268 loquitur,

439 4274 644 4344 quibus
665 4276 955 4333 Nestorius
985 4295 1119 4336 usus
1165 4290 1269 4348 est,
1312 4299 1543 4355 quaeque
1583 4294 1716 4342 tunc
1751 4293 2015 4361 temporis

438 4365 641 4421 merito
688 4376 944 4439 suspecta
996 4380 1155 4426 erant
1207 4390 1220 4426 :
1268 4389 1395 4429 nam
1451 4376 1625 4435 solius
1664 4379 2011 4452 ἐνοικήσεως,

435 4456 776 4528 ἀναλήψεως,
795 4459 1152 4532 προσλήψεως
1175 4472 1233 4519 et
1255 4464 1471 4536 λήψεως
1505 4469 1776 4524 meminit.

450 4612 463 4627 ε
506 4548 650 4605 Xlll.
697 4550 841 4617 Quin
866 4550 1034 4607 etiam
1062 4554 1359 4612 artiﬁciose
1394 4557 1889 4617 Nestorianismum
1925 4563 2015 4619 in-

437 4642 640 4708 sinuat,
672 4645 956 4700 autetiam
985 4645 1183 4716 probat
1224 4646 1267 4679 "’
1310 4665 1323 4701 :
1359 4664 1485 4703 nam
1511 4666 1637 4705 cum
1674 4653 1730 4706 in
1761 4654 2015 4711 confesso

439 4734 532 4799 sit,
554 4735 895 4794 admirabilis
917 4737 1065 4795 illius
1091 4739 1398 4805 sententiae,
1425 4741 1644 4798 Verbum
1666 4762 1791 4799 caro
1817 4747 2016 4816 factum

437 4831 514 4875 est
535 4835 584 4888 ιι,
611 4825 973 4899 intelligentia
994 4831 1265 4886 contineri
1297 4831 1628 4889 catholicum
1648 4835 1844 4907 dogma
1869 4855 1883 4903 ;
1910 4852 2015 4893 nec

441 4914 613 4981 possit
637 4915 863 4974 Joannis
911 4922 1205 5006 sententia,
1224 4922 1283 4977 .si
1319 4924 1483 4980 modo
1509 4926 1755 4997 rejicitur
1783 4929 2014 4984 Doceta-

442 5018 565 5057 rum
612 5019 791 5071 error,
837 5008 947 5063 nisi
991 5013 1235 5082 quinque
1282 5016 1460 5073 modis
1508 5017 1761 5090 intelligi,
1814 5020 2017 5089 quibus

437 5111 637 5167 nempe
661 5099 979 5172 contingere
1001 5112 1200 5173 potest,
1220 5115 1281 5160 ut
1303 5108 1608 5166 substantia
1631 5128 1739 5167 una
1774 5112 1892 5168 ﬁeri
1928 5113 2017 5167 di-

440 5197 596 5267 cgtnr
622 5188 816 5245 altera.
846 5192 899 5246 l°
930 5192 1035 5248 Per
1061 5195 1528 5266 informationem,
1549 5204 2015 5273 quemadmodum

508 5357 535 5386 ει
566 5344 722 5400 Joan.
757 5362 793 5411 ι,
829 5347 911 5401 lt.

2120 539 2654 602 transmutationem,
2678 553 2786 608 qua
2809 538 3023 594 ratione
3052 539 3198 596 dicta
3228 551 3315 597 est
3334 559 3473 613 aqua
3503 545 3560 599 in
3590 563 3709 601 nu-

2117 630 2268 699 ptiis,
2301 637 2563 699 operante
2592 629 2833 693 Christo,
2857 629 2999 687 facta
3024 632 3232 687 vinum.
3272 634 3329 687 3'
3363 635 3465 689 Per
3500 639 3709 692 confu-

2117 720 2327 774 sionem
2363 730 2422 775 et
2467 720 2799 785 mistionem,
2850 723 3126 792 quomodo
3165 724 3435 782 elementa
3467 728 3706 784 mistum

2118 809 2276 866 ﬁunt.
2312 812 2368 866 4ο
2383 811 2487 865 Per
2512 812 3166 883 hypostaticam~duarum
3191 822 3513 872 naturarum
3536 820 3709 874 unio-

2118 916 2266 967 nem,
2304 918 2414 972 quo
2450 912 2610 971 pacto
2637 902 2982 958 individuum
3021 915 3237 960 naturae
3262 908 3426 962 unius
3465 910 3704 981 cogitari

2119 1002 2302 1062 potest
2340 993 2456 1047 ﬁeri
2487 993 2739 1048 alterum.
2772 994 2826 1048 5°
2860 995 3104 1064 Denique
3138 1012 3237 1066 per
3268 1012 3474 1053 meram
3510 1002 3707 1069 σχέσιν

2119 1100 2224 1154 qua
2267 1085 2350 1138 vir
2388 1094 2444 1139 et
2479 1100 2616 1139 uxor
2650 1086 2787 1140 ﬁunt
2817 1101 2925 1141 una
2965 1102 3114 1153 caro,
3155 1105 3375 1158 unaque
3412 1092 3708 1146 moraliter

2118 1180 2372 1247 persona.
2405 1179 2647 1234 Primum
2677 1187 2733 1233 et
2762 1179 3065 1235 secundum
3093 1181 3355 1251 reprobat
3374 1182 3704 1239 Theodore—

2122 1276 2229 1333 tus,
2262 1268 2481 1339 dialogo
2510 1269 2690 1338 primo
2712 1310 2726 1333 ,
2766 1269 2862 1339 qui
2899 1269 3255 1325 Immutabilis
3297 1272 3541 1339 dicitur;
3580 1281 3703 1328 ter-

2120 1359 2256 1413 tium
2285 1359 2549 1425 secundo,
2578 1360 2671 1429 qui
2701 1359 3016 1430 Inconfusus
3039 1378 3058 1427 ;
3086 1371 3343 1432 quartum
3373 1363 3562 1428 tertio,
3598 1364 3704 1435 qui

2118 1450 2488 1522 Impassibilis.
2541 1450 2766 1506 Certum
2817 1453 2966 1506 enim
3017 1461 3103 1508 est
3146 1454 3344 1525 primo,
3400 1457 3704 1511 mutationi

2119 1558 2240 1599 esse
2269 1543 2586 1610 obnoxium,
2624 1545 2890 1615 quidquid
2922 1545 3007 1600 vel
3048 1545 3332 1602 informari
3380 1546 3575 1617 incipit
3608 1548 3705 1602 vel

2121 1635 2341 1690 misceri
2380 1652 2393 1688 :
2424 1634 2624 1690 deinde
2663 1635 2940 1705 propriam
2989 1635 3364 1704 operationem
3410 1651 3523 1690 non
3556 1636 3704 1690 reti-

2122 1726 2244 1781 neri
2295 1726 2366 1780 ab
2407 1741 2474 1781 eo
2522 1725 2668 1796 quod
2716 1724 3108 1790 confunditur;
3153 1725 3317 1780 tertio
3363 1724 3532 1797 388
3572 1741 3706 1780 esse

2121 1832 2464 1886 consequens
2518 1832 2586 1870 ex
2635 1830 2702 1870 eo
2746 1815 2895 1886 quod
2936 1816 3177 1871 Verbum
3217 1817 3461 1886 φυσικῶς
3492 1816 3706 1872 etmh’

2123 1909 2416 1962 ὑπόστασιν
2434 1908 2908 1962 humanaenaturaa
2927 1907 3295 1978 conjungitur,
3310 1914 3370 1962 ut
3388 1922 3518 1961 vere
3540 1907 3704 1963 dica-

2120 2008 2210 2055 tur
2242 2000 2406 2063 Deus,
2438 2014 2634 2070 passus
2658 2039 2671 2065 ,
2712 2007 2980 2062 mortuus,
3015 1998 3283 2068 sepultus,
3307 2007 3364 2053 et
3394 2014 3425 2052 a
3461 2001 3707 2055 mortuis

2118 2090 2458 2155 suscitatus;
2503 2105 2642 2159 quas
2679 2089 3004 2153 locutiones,
3045 2088 3197 2143 velut
3233 2104 3264 2143 a
3301 2097 3450 2143 recta
3479 2088 3704 2163 ratione

2119 2182 2503 2246 abhorrentes,
2539 2181 2740 2251 rejicit.
2780 2180 2971 2235 Restat
2996 2180 3167 2249 igitur
3202 2188 3263 2235 ut
3285 2180 3400 2234 sola
3433 2181 3619 2249 σχέσει
3641 2181 3704 2235 ἰιι

2119 2288 2289 2329 unum
2312 2273 2645 2329 conveniant
2674 2272 2846 2327 amba:
2872 2271 3079 2327 Christi
3103 2273 3119 2290 '
3143 2279 3374 2335 naturae,
3399 2271 3495 2341 qui
3518 2286 3705 2341 purus

2117 2364 2604 2420 Nestorianismus.

2190 2456 2329 2512 XIV.
2356 2457 2652 2527 Postquam
2675 2471 2810 2512 vero
2833 2456 2951 2511 haec
2982 2463 3039 2509 et
3070 2452 3263 2510 fusiori
3292 2453 3542 2510 oratione
3568 2468 3702 2523 pro-

2118 2559 2341 2606 secutus
2363 2558 2468 2615 est,
2500 2560 2557 2605 et
2578 2551 2731 2605 visus
2753 2549 2859 2605 sibi
2892 2549 3125 2619 dialogis
3153 2548 3331 2603 tribus
3348 2546 3658 2602 confecisse
3679 2584 3702 2614 ,

2116 2642 2330 2708 eadem,
2355 2643 2454 2698 lib.
2485 2658 2556 2707 rv,
2582 2641 2826 2712 pressius
2878 2641 3290 2696 dialecticorum
3322 2653 3477 2694 more
3522 2637 3704 2708 syllo-

2121 2732 2315 2804 gismis
2348 2732 2711 2804 quadraginta
2736 2731 2979 2798 conﬁcit,
2997 2734 3106 2796 vel,
3133 2740 3196 2787 ut
3214 2733 3329 2802 ipse
3354 2729 3707 2785 conﬁdenter

2116 2823 2214 2887 ait,
2257 2823 2621 2877 demonstrat.
2676 2823 2744 2876 Et
2798 2831 2949 2876 certe
3000 2822 3091 2876 vix
3136 2821 3307 2876 ullum
3350 2835 3410 2874 se
3453 2818 3705 2874 credidit

2116 2929 2256 2984 opus
2284 2912 2618 2970 elaboratius
2655 2912 2934 2979 edidisse;
2981 2911 3360 2982 quamobrem,
3406 2924 3531 2964 cum
3558 2908 3703 2962 Era-

2116 3006 2290 3062 nistes
2325 3007 2503 3076 ipsum
2537 3004 2832 3074 aliquando
2873 3004 3179 3059 monuisset
3211 3010 3271 3057 ut
3310 3016 3447 3073 quas
3475 3000 3702 3071 pollici-

2118 3109 2207 3156 tus
2232 3109 2354 3155 erat
2373 3098 2868 3155 demonstrationes
2893 3096 3186 3167 proferret,
3214 3094 3459 3151 monitu's
3477 3094 3703 3149 inducit

2116 3192 2404 3248 Eranisten
2434 3206 2658 3247 suarum
2692 3187 3220 3244 demonstrationum
3246 3187 3391 3242 vires
3413 3186 3700 3241 admiran-

2113 3293 2225 3339 tem
2254 3302 2267 3337 :
2301 3282 2448 3338 unde
2478 3281 2736 3351 colligere
2768 3286 2853 3334 est
2889 3293 3054 3349 quam
3088 3276 3318 3332 ﬁrmiter
3358 3283 3414 3331 et
3446 3275 3701 3346 quandiu

2114 3393 2228 3433 suae
2254 3376 2323 3431 de
2353 3374 2555 3431 unione
2597 3374 2819 3444 σχετικῇ
2855 3379 3177 3426 naturarum
3218 3368 3465 3441 opinioni
3504 3368 3703 3424 adhae-

2113 3469 2268 3525 serit.

2184 3560 2301 3616 XV.
2328 3560 2462 3615 Eam
2489 3573 2654 3630 porro
2677 3556 2849 3612 fuisse
2870 3564 3112 3611 mentem
3145 3553 3501 3619 Theodoreti,
3527 3569 3699 3624 quam

2114 3652 2375 3718 diximus,
2422 3650 2627 3706 Marius
2665 3648 2970 3711 Mercator,
3012 3662 3123 3702 non
3176 3646 3420 3717 ejusdem
3476 3654 3701 3701 tantum

2113 3740 2311 3806 aetatis,
2334 3739 2427 3794 sed
2461 3738 2710 3810 ejusdem
2745 3739 2909 3793 etiam
2944 3752 3159 3808 pugnae,
3195 3735 3327 3791 licet
3348 3752 3416 3791 ex
3435 3735 3695 3801 adverso,

2113 3830 2318 3895 socius,
2343 3830 2631 3885 evidenter
2652 3829 2848 3899 probat
2867 3828 3033 3883 allato
3048 3826 3360 3882 testimonio
3387 3841 3454 3880 ex
3475 3826 3623 3882 libro
3643 3845 3697 3881 vr

2112 3922 2416 3993 Pentalogii
2447 3923 2512 3977 ³⁸.
2547 3942 2566 3974 ι
2597 3921 2753 3988 Quod
2788 3920 3054 3975 Dominus
3074 3919 3143 3975 de
3170 3920 3293 3974 viro
3321 3926 3377 3975 et
3399 3934 3571 3973 uxore
3595 3919 3696 3981 ait,

2114 4022 2178 4069 ut
2197 4016 2310 4086 jam
2341 4030 2451 4070 non
2477 4023 2607 4070 sunt
2639 4013 2772 4078 duo,
2816 4012 2911 4068 sed
2943 4028 3052 4067 una
3079 4027 3230 4077 caro,
3267 4011 3482 4091 naturis
3497 4012 3700 4080 procul

2115 4106 2285 4162 dubio
2313 4106 2718 4171 constantibus,
2749 4104 2845 4159 sed
2879 4102 3266 4158 discretionem
3310 4101 3646 4156 habentibus
3680 4117 3696 4155 :

2115 4207 2171 4254 et
2192 4198 2336 4254 sicut
2357 4197 2432 4252 ibi
2467 4196 2604 4251 nihil
2628 4196 2787 4251 obest
2809 4195 3045 4251 duorum
3074 4208 3361 4257 numerus,
3394 4192 3700 4261 quominus

2116 4305 2225 4346 una
2261 4304 2390 4345 caro
2428 4288 2680 4353 dicatur;
2726 4287 2803 4342 ita
2832 4296 2889 4342 et
2919 4286 3011 4340 hic
3046 4298 3294 4356 persona:
3330 4285 3513 4337 unitas
3549 4282 3696 4337 nihil

2116 4383 2277 4437 obest
2307 4378 2631 4435 diﬁ‘erentiae
2655 4385 2997 4431 naturarum.
3024 4376 3271 4445 Denique
3301 4388 3427 4432 cum
3465 4382 3696 4427 naturas

2044 4467 2089 4521 D
2117 4472 2500 4535 discernimus,
2536 4471 2635 4526 Dei
2668 4469 2834 4525 Verbi
2875 4475 3125 4523 naturam
3156 4466 3422 4535 integram
3453 4463 3698 4518 dicimus

2118 4571 2175 4617 et
2207 4576 2496 4632 personam
2523 4560 2641 4615 sine
2669 4557 3014 4614 dubitatione
3034 4557 3334 4626 perfectam
3365 4571 3380 4608 :
3409 4569 3513 4609 nec
3541 4554 3698 4608 enim

2121 4655 2241 4708 sine
2263 4667 2499 4724 persona
2527 4652 2609 4707 fas
2637 4660 2721 4707 est
2739 4663 3053 4706 asseverare
3078 4646 3476 4711 substantiam;
3508 4643 3697 4714 perfe-

2120 4755 2266 4801 ctam
2294 4761 2513 4816 quoque
2549 4753 2802 4799 naturam
2832 4743 3125 4796 humanam
3162 4754 3288 4794 cum
3325 4753 3423 4792 sua
3453 4751 3697 4807 persona

2120 4837 2378 4893 similiter
2401 4834 2766 4899 conﬁtemur;
2821 4847 2947 4888 cum
2977 4846 3110 4885 vero
3138 4828 3204 4884 ad
3247 4827 3698 4899 conjunctionem

2119 4928 2467 4999 respicimus,
2506 4936 2640 4981 tunc
2668 4927 2841 4980 Deum
2878 4938 3041 4979 unam
3068 4936 3361 4994 personam
3401 4934 3699 4989 nuncupa-

2119 5035 2243 5076 mus
2260 5020 2325 5075 ”.
2367 5039 2385 5072 ι
2416 5019 2713 5089 Πρόσωπον
2757 5016 2913 5081 dicit,
2960 5030 3082 5085 quae
3120 5028 3228 5068 vox
3271 5011 3535 5078 moralis;
3581 5027 3700 5067 non

2121 5111 2439 5176 ὑπόστασιν,
2465 5126 2587 5181 quae
2612 5109 2857 5181 physica.
3016 5170 3022 5173 τ

2191 5204 2331 5259 XVI.
2358 5203 2529 5259 Mario
2552 5201 2841 5257 Mercatori
2864 5201 2939 5256 ita
2974 5200 3043 5256 de
3065 5198 3414 5255 Theodoreto
3431 5195 3699 5254 sentienti

1781 5475 2099 5537 SCﬂULle
2141 5480 2373 5537 ΝΟΤΑΞ.

510 5626 557 5659 ⁸⁷
585 5628 680 5684 l-lis
705 5629 920 5705 gemina
945 5629 1093 5696 vide,
1125 5645 1178 5700 ι).
1217 5630 1341 5686 176.
1420 5633 1463 5665 ³⁸
1501 5633 1622 5688 Vid.
1657 5633 1813 5689 Marii
1843 5637 2013 5691 Merra

2122 5636 2268 5705 )pp.,
2307 5643 2344 5689 t.
2382 5635 2477 5705 ",7
2505 5650 2560 5705 ι).
2610 5630 3217 5705 27l‘cdit._Garneri_i.

3347 5628 3390 5660 ³⁵
3422 5627 3566 5681 Loco
3596 5630 3695 5683 cit.

437 5693 538 5776 leg.
567 5707 684 5754 tunc
709 5693 928 5755 vdemum
964 5693 1141 5754 unam-
1174 5718 1451 5772 personant
1483 5705 1667 5757 merito
1701 5722 2085 5776 nuncupamus.
2122 5693 2206 5761 Ita
2222 5693 2445 5776 quoque,
2465 5693 2631 5759 habet
2655 5702 2885 5773 epistola
2912 5701 3113 5771 Pelagii
3141 5700 3206 5765 ll,
3228 5699 3295 5755 ad
3325 5698 3500 5753 Eliam
3524 5697 3700 5769 Aqui-

441 5764 720 5822 ieiensem.
