3926 6216
238 254 339 317 337

1412 245 1510 330 DE
1550 273 1804 332 LIBRIS
1840 273 2347 340 THEODORETI.

3401 282 3506 347 338

242 366 412 420 ﬁdem
449 366 585 423 facit
618 366 917 439 Gregorius
954 369 1197 443 Magnus,
1245 386 1370 427 cum
1418 375 1639 430 nomine
1682 375 1837 430 Pela—
1862 380 1910 436 A
1938 392 2058 434 esse
2088 390 2372 450 cuperent,
2403 397 2468 437 ex
2496 384 2681 439 multis
2703 385 2869 439 sectis
2892 385 3228 455 impietatem
3257 390 3507 443 emendi-

241 456 317 526 gii
354 456 401 512 ι]
437 459 695 515 scribens
732 459 800 515 ad
843 462 1135 533 episcopos
1181 464 1369 530 lstriae,
1404 466 1598 522 eadem
1634 468 1831 524 tribuit

242 547 625 614 Theodoreto,
658 567 780 622 quae
801 553 1102 621 Mercator;
1126 572 1229 612 nec
1254 557 1445 611 eadem
1472 566 1706 625 tantum,
1732 561 1830 616 sed

234 640 449 695 =iisdem
478 642 642 696 etiam
677 644 896 709 verbis,
934 661 1056 715 quae
1078 661 1146 700 ex
1174 645 1491 704 Mercatoris
1524 665 1689 719 opere
1733 666 1830 705 ex-

244 733 498 803 scripsit.

313 824 491 881 XV’II.
540 827 667 882 Scio
715 828 1005 886 Leontium
1049 840 1105 887 et
1149 843 1526 904 excerptorem
1562 852 1597 891 v
1638 836 1831 907 synodi

247 914 422 969 verba
448 915 566 971 haec
602 916 897 973 Theodoro
923 920 1306 991 Mopsuesteno
1330 922 1648 994 adjudicare
1688 942 1701 978 :
1732 941 1830 980 ve—

246 1017 372 1056 rum
400 1004 547 1059 nihil
578 1006 874 1062 admodum
907 1018 1011 1073 est,
1037 1010 1184 1079 quod
1213 1010 1338 1080 quis
1360 1012 1612 1079 miretur,
1645 1014 1830 1069 Theo-

248 1094 507 1151 doretum
537 1113 603 1151 ex
623 1097 919 1155 Theodoro
952 1101 1157 1171 aliquid
1199 1103 1498 1174 accepisse,
1539 1114 1671 1161 tunc
1704 1122 1829 1162 cum

246 1185 561 1253 discipulus
618 1187 942 1257 magistrum
984 1188 1325 1255 defenderet,
1369 1192 1829 1262 quemadmodum

249 1276 303 1328 in
318 1273 754 1332 Commentariis
770 1279 1109 1335 Psalmorum
1127 1280 1501 1354 Chrysostomi
1522 1286 1691 1341 verba
1708 1301 1833 1341 sen-

250 1368 566 1438 tentiasque
591 1378 896 1426 mutuatur.
916 1371 1073 1438 Vide,
1099 1388 1225 1442 quae
1243 1373 1484 1432 diximus
1509 1376 1576 1432 ad
1599 1376 1828 1432 citatum

249 1471 574 1530 excerptum
617 1461 676 1517 in
707 1465 1015 1534 posteriore
1043 1475 1196 1537 parte
1229 1466 1470 1538 Operum
1500 1468 1653 1523 Marii
1685 1469 1828 1525 Mer-

250 1552 479 1619 catoris,
509 1570 743 1625 quaeque
775 1556 831 1610 in
864 1558 1185 1613 recensione
1205 1556 1739 1615 Commentariorum
1774 1560 1830 1616 in

252 1642 375 1695 l‘sal
385 1659 522 1698 mos.

1934 481 2148 537 carunt,
2185 483 2241 528 et
2268 474 2408 529 hanc
2433 477 2799 546 perniciosam
2833 478 3066 534 bteresin
3108 478 3438 535 conﬂarunt.
3480 499 3499 532 ο

2002 562 2139 631 Ipsis
2163 563 2360 619 deinde
2388 565 2700 635 exprobrat,
2723 568 2869 637 quod
2891 567 3266 624 Orientalibus
3295 569 3506 624 calum-

1934 653 2080 707 niam
2112 661 2423 718 struerent;
2452 672 2577 711 nam
2606 668 2728 727 post
2745 658 2906 721 allata
2930 659 3243 712 testimonia
3269 657 3509 713 Athana-

1934 742 2023 808 sii,
2045 744 2139 812 qui
2172 743 2573 801 Alexandrinus
2598 748 2730 813 fuit;
2756 748 3004 819 Gregorii
3026 749 3375 815 Nazianzeni,
3410 751 3504 819 qui

1935 833 2245 902 Asiaticus;
2292 836 2586 902 Ambrosii,
2615 840 2707 908 qui
2752 840 2917 894 Italus
2957 858 2970 892 :
3011 849 3072 894 ut
3114 841 3311 910 reliqui
3357 839 3508 895 orbis

1935 925 2220 995 episcopos
2238 926 2507 990 laudaret,
2523 927 2881 983 Orientalium
2901 931 3015 985 sive
3036 931 3507 986 Antiocheuorum

1937 1016 2189 1071 meminit
2222 1017 2278 1071 in
2308 1017 2426 1072 haec
2456 1019 2624 1073 verba
2654 1020 2694 1051 '”
2728 1038 2741 1073 :
2777 1039 2795 1071 ‹
2836 1021 2965 1077 Post
2995 1023 3096 1076 ltos
3124 1023 3381 1077 convenit
3410 1023 3509 1076 do—

1935 1116 2118 1161 ctores
2142 1104 2450 1164 Orientales
2469 1109 2685 1165 audire.
2717 1109 2842 1164 Haec
2868 1112 3016 1165 enim
3046 1110 3206 1166 nobis
3239 1111 3352 1166 sola
3382 1127 3507 1180 pars

1935 1206 2108 1252 restat
2148 1214 2215 1253 ex
2257 1199 2393 1254 orbe
2437 1207 2731 1266 terrarum,
2771 1210 2827 1255 et
2855 1201 3087 1256 decebat
3118 1202 3223 1257 bos
3249 1202 3460 1271 primos
3492 1205 3508 1222 '

1936 1285 2311 1340 testimonium
2337 1286 2631 1355 perhibere
2657 1286 2897 1352 veritati,
2925 1289 3019 1357 qui
3046 1287 3351 1343 doctrinam
3378 1302 3511 1357 apo-

1934 1375 2182 1431 stolicam
2216 1377 2382 1447 primi
2422 1385 2552 1433 sunt
2579 1378 2816 1448 amplexi
2845 1394 2861 1431 ς
2892 1378 2987 1433 sed
3016 1379 3276 1448 quoniam
3308 1379 3506 1433 adver-

1934 1479 2028 1521 sus
2056 1466 2452 1537 primogenitos
2473 1467 2695 1538 pietatis
2724 1467 2867 1523 ﬁlios
2892 1469 3106 1540 linguas
3124 1477 3339 1524 vestras
3358 1469 3511 1523 acui-

1933 1557 2055 1619 stis,
2082 1558 2354 1613 mendacii
2377 1566 2555 1614 cotem
2579 1558 2742 1630 390
2771 1558 3118 1624 adhibentes,
3141 1559 3398 1614 ultimum
3427 1559 3510 1616 eis

1935 1649 2114 1704 locum
2164 1651 2437 1715 dedimus,
2486 1659 2564 1714 ut,
2614 1666 2738 1705 cum
2772 1652 2910 1707 alios
2959 1652 3114 1722 prius
3162 1652 3506 1718 audiveritis,

319 1732 508 1789 XVIH.
558 1736 637 1791 Ex
674 1736 783 1800 his,
830 1753 959 1808 quae
986 1739 1255 1795 hactenus
1294 1740 1463 1812 389
1487 1741 1635 1797 dicta
1678 1750 1827 1807 sunt,
1863 1712 1906 1772 Β
1934 1739 2131 1794 horum
2156 1741 2358 1796 dehinc
2383 1712 2528 1796 dicta
2552 1712 2690 1795 cum
2724 1712 3144 1796 illorum-dictis
3179 1712 3507 1812 comparati;

252 1834 468 1879 constat
516 1827 807 1882 Eranisten
864 1830 1234 1901 conscriptum
1277 1847 1399 1887 esse
1453 1842 1578 1888 ante
1624 1849 1830 1888 annum

255 1915 365 1970 448’
387 1917 454 1982 ",
504 1933 614 1986 quo
651 1935 797 1975 anno
846 1922 1067 1991 scripsit
1108 1923 1491 1981 Theodoretus
1520 1926 1782 1983 Dioscoro
1813 1947 1826 1983 :

257 2007 529 2075 quomodo
551 2010 701 2063 enim
734 2011 805 2065 ad
838 2026 977 2081 opus
997 2012 1131 2067 illud
1154 2026 1508 2084 provocasset
1530 2033 1675 2073 anno
1700 2018 1826 2082 448,

256 2099 368 2153 nisi
408 2101 784 2172 pervulgatum
828 2111 959 2158 tunc
994 2113 1141 2159 esset
1166 2107 1329 2161 etiam
1374 2108 1432 2161 in
1464 2106 1734 2180 IEgypto?
1762 2109 1830 2163 Et

259 2191 527 2258 quomodo
564 2196 907 2262 pervenisset
946 2196 999 2250 in
1019 2195 1332 2269 A‘Igyptum,
1360 2200 1412 2253 in
1444 2215 1618 2271 eaque
1658 2201 1828 2256 veluti

256 2282 626 2352 pervulgatum
655 2285 918 2354 quiddam
973 2298 1273 2359 notumque
1301 2290 1618 2356 haberetur,
1649 2293 1694 2348 si
1718 2308 1827 2348 non

260 2384 413 2429 antea
453 2375 508 2429 in
536 2378 823 2446 publicum
872 2380 1208 2448 prodiissct?
1229 2381 1456 2438 Constat
1490 2384 1657 2439 etiam
1691 2400 1827 2440 con-

263 2467 515 2536 scriptum
544 2484 664 2523 esse
690 2479 814 2538 post
844 2471 1056 2526 obitum
1080 2473 1292 2545 Cyrilli,
1320 2477 1476 2546 cujus
1507 2477 1695 2546 utique
1728 2477 1824 2532 de.

264 2557 424 2611 functi
462 2560 837 2615 testimonium
875 2563 1107 2618 aﬂ'ertur
1163 2565 1380 2637 dialogo
1415 2567 1679 2622 secundo.
1725 2568 1829 2623 De-

265 2646 446 2713 luncti,
497 2650 751 2720 inquam,
805 2653 937 2723 quia
998 2655 1234 2711 viventis
1272 2656 1479 2714 nullius
1530 2660 1828 2715 auctoritas

269 2737 562 2794 adhibetur.
593 2741 980 2813 Conscriptum
1007 2746 1174 2815 igitur
1204 2762 1325 2802 esse
1359 2757 1575 2817 oportet
1603 2764 1671 2804 eo
1694 2758 1830 2803 tem-

264 2830 407 2897 poris
434 2830 745 2926 iptervallo,
787 2833 942 2902 quod
962 2835 1029 2888 ab
1063 2850 1207 2889 anno
1246 2836 1350 2891 444
1378 2837 1452 2891 ad
1485 2853 1690 2894 annum
1723 2839 1828 2894 448

271 2920 576 2976 intermittit.

1934 1839 2037 1896 tes,
2064 1833 2419 1887 concordiam
2443 1832 2691 1887 omnium
2723 1832 3094 1898 admiremini,
3131 1840 3238 1887 etc.

2003 1923 2192 1978 Refert
2214 1937 2311 1978 eos
2332 1932 2522 1993 postea
2541 1922 2816 1977 Theodori
2838 1929 2896 1977 et
2914 1922 3137 1977 Diodori
3158 1929 3509 1977 accusatores

1930 2014 2123 2070 fuisse.
2174 2034 2192 2066 ς
2225 2013 2533 2069 Prolerrem
2567 2014 2732 2069 etiam
2768 2013 2866 2069 tibi
2903 2012 3331 2068 fortissimorum
3359 2014 3507 2067 veri-

1931 2107 2059 2161 tatis
2080 2114 2546 2176 propugnatorum
2574 2104 2796 2159 Diodori
2822 2114 2879 2160 et
2894 2103 3171 2160 Theodori
3198 2104 3507 2160 enarratio-

1930 2215 2051 2263 nes,
2084 2198 2188 2252 nisi
2234 2198 2478 2253 viderem
2518 2212 2618 2252 vos
2646 2196 2858 2251 infenso
2910 2196 2966 2251 in
3004 2196 3107 2251 hos
3148 2194 3334 2249 animo
3358 2209 3504 2258 esse,

1928 2289 2371 2361 Apollinarisque
2411 2289 2469 2343 in
2499 2304 2595 2343 eos
2618 2288 2747 2343 odio
2779 2297 2834 2342 et
2860 2286 3257 2343 malevolentiae
3282 2300 3503 2341 succes-

1929 2383 2102 2449 sisse;
2132 2382 2368 2438 vidisses
2389 2382 2556 2436 etiam
2582 2381 2686 2436 hos
2724 2380 2940 2436 caeteris
2968 2378 3328 2434 consonantia
3357 2380 3498 2432 scri-

1928 2476 2125 2546 psisse,
2157 2484 2217 2531 et
2254 2490 2323 2529 ex
2364 2474 2555 2530 divino
2587 2472 2737 2528 fonte
2770 2472 2972 2527 ﬂuenta
3019 2469 3291 2533 hausisse,
3326 2468 3500 2523 rivos-

1929 2582 2036 2637 que
2068 2574 2125 2620 et
2164 2565 2313 2636 ipsos
2360 2579 2579 2635 quoque
2619 2561 2858 2633 Spiritus
2907 2561 3225 2617 exstitisse:
3257 2557 3352 2613 sed
3400 2558 3503 2613 hos

1929 2657 2153 2728 quidem
2174 2657 2607 2728 praetermittam,
2632 2655 2759 2726 quia
2795 2651 3140 2724 implacabile
3165 2649 3369 2704 bellum
3403 2649 3502 2704 ad-

1930 2766 2123 2805 versus
2152 2764 2249 2805 eos
2271 2748 2593 2818 suscepistis
2626 2748 2690 2802 ".
2733 2766 2751 2798 ι

2001 2839 2153 2896 Facit
2171 2839 2334 2894 etiam
2363 2846 2529 2893 testes
2554 2836 2887 2907 Apollinaris
2907 2843 3226 2889 sectatores.
3257 2851 3276 2883 σ
3313 2830 3420 2886 Sed
3449 2839 3506 2886 et

1929 2947 2030 3004 ego
2070 2930 2168 2985 tibi
2211 2945 2405 2984 rursus
2446 2929 2791 2999 inopinatum
2830 2925 3115 2996 applicabo
3164 2923 3503 2987 remedium;

331 3011 463 3067 XIX.
490 3014 598 3069 Sed
641 3031 752 3084 quo
798 3014 1020 3071 deﬁnite
1067 3021 1356 3088 tempore?
1397 3020 1480 3075 An
1517 3024 1701 3077 statim
1754 3023 1824 3078 ab
1854 3044 1897 3102 ο
1931 3039 2101 3077 unum
2127 3023 2274 3077 enim
2303 3020 2647 3075 admirabilis
2676 3027 2876 3074 vestrae
2918 3017 3192 3071 haereseos
3221 3014 3504 3071 doctorem

269 3103 407 3158 obitu
430 3105 656 3176 Cyrilli?
698 3106 945 3176 Epistola
971 3117 1118 3164 certe
1155 3117 1287 3165 tunc
1316 3113 1517 3181 scripta
1563 3114 1632 3168 ad
1664 3114 1828 3169 Dom-

268 3212 405 3260 num,
434 3198 757 3268 concioque.
780 3198 1084 3256 Antiochia:
1125 3217 1308 3257 coram
1353 3204 1549 3259 eodem
1590 3207 1826 3276 praesule

268 3287 456 3354 habita,
488 3292 543 3346 in
565 3306 688 3344 eam
713 3292 1087 3362 conjecturam
1119 3293 1364 3348 animum
1385 3311 1496 3350 non
1519 3296 1714 3352 leviter
1740 3297 1826 3352 in-

270 3378 453 3434 clinant
493 3390 723 3450 propter
769 3384 1073 3453 argumenti
1121 3385 1535 3442 similitudinem
1578 3405 1591 3440 :
1633 3403 1825 3443 verum

273 3469 594 3539 imperatoris
636 3473 835 3537 verba,
894 3476 1402 3548 monachorumque
1453 3480 1721 3546 historia,
1770 3493 1826 3537 et

272 3575 374 3628 qua;
394 3560 533 3615 dicta
558 3573 710 3627 sunt,
741 3577 854 3617 rem
888 3564 1157 3621 conﬁcere
1180 3567 1458 3634 videntur,
1490 3579 1655 3642 atque
1688 3573 1826 3627 adeo

271 3651 499 3718 suadere,
551 3653 605 3707 id
647 3655 833 3724 operis
864 3655 1263 3714 a'l'hcodoreto
1296 3659 1552 3714 eﬂ'ectum
1605 3662 1827 3716 circiter

270 3757 455 3799 annum
502 3746 630 3811 446,
670 3757 960 3818 postquam
1014 3751 1083 3805 ab
1130 3751 1463 3821 imperatore
1501 3754 1689 3824 jussus
1740 3764 1825 3811 est

268 3833 378 3904 Cyri
412 3835 613 3892 ﬁnibus
654 3853 713 3893 se
750 3841 1053 3895 continere.
1095 3842 1290 3897 Jussus
1331 3851 1417 3898 est
1469 3855 1652 3901 autem
1683 3863 1827 3901 anno

268 3927 376 3991 445,
403 3940 460 3984 ut
486 3929 800 3985 confectum
824 3941 908 3987 est
932 3948 999 3987 ex
1034 3935 1195 4004 epist.
1220 3935 1281 3989 81
1314 3936 1383 3990 ad
1418 3937 1652 3993 Nonium
1691 3954 1825 3993 con-

270 4016 451 4075 sulem.

323 4129 435 4197 XX,
460 4133 667 4188 Verum
690 4144 753 4188 ut
772 4133 953 4188 adhuc
974 4134 1191 4204 planius
1216 4137 1567 4208 intelligatur,
1592 4140 1736 4209 quod
1760 4138 1827 4193 de

265 4234 496 4294 tempore
519 4224 950 4295 conscriptionis
982 4225 1189 4280 dictum
1219 4236 1323 4293 est,
1353 4229 1631 4298 inquirere
1663 4231 1824 4300 paulo

264 4314 568 4384 diligentius
625 4322 863 4384 oportet,
929 4331 1032 4385 qua
1096 4318 1384 4372 occasione
1444 4318 1825 4373 Theodoretus

265 4404 497 4479 Dialogus
518 4406 777 4462 ediderit.
810 4406 867 4461 ld
886 4424 1037 4473 vero,
1065 4420 1124 4462 ut
1149 4408 1260 4472 ﬁat,
1291 4410 1697 4465 observandum
1717 4421 1821 4473 est,

265 4514 388 4567 quos
417 4500 523 4555 sibi
549 4500 896 4555 adversarios
921 4501 1321 4571 impugnandos
1359 4512 1629 4572 preponat
1657 4522 1669 4557 :
1708 4505 1824 4559 suis

263 4593 394 4646 enim
416 4593 563 4664 ipsos
590 4609 703 4647 non
729 4610 839 4647 uno
870 4595 989 4648 loco
1016 4595 1427 4650 characteribus
1451 4595 1718 4667 depingit.

319 4683 382 4739 Et
402 4685 582 4755 primo
617 4685 839 4755 quidem
865 4685 921 4740 in
954 4686 1277 4743 Prml‘ationc
1309 4690 1404 4753 ait,
1440 4689 1609 4743 fuisse
1641 4690 1822 4744 homi-

261 4789 350 4829 nes
377 4776 587 4830 nullius
623 4776 886 4840 nominis,
915 4778 1231 4850 similesque
1261 4789 1315 4833 et
1347 4781 1658 4836 Alexandro
1686 4800 1823 4838 gera-

264 4869 356 4932 rio,
389 4871 482 4939 qui
518 4869 770 4939 apostolo
810 4869 1008 4934 Paulo;
1047 4879 1102 4925 et
1137 4871 1339 4934 Semei,
1390 4872 1483 4941 qui
1514 4874 1740 4940 Davidi;
1774 4884 1828 4929 et

264 4958 467 5027 llaneti,
501 4962 597 5032 qui
633 4961 912 5025 Ecclesiae,
954 4970 1180 5032 propter
1214 4978 1367 5016 vana:
1398 4963 1582 5033 gloriae
1607 4965 1825 5034 cupidi-

265 5056 436 5115 tatem,
488 5051 773 5121 negotium
815 5049 1112 5104 facessivit.
1167 5070 1185 5102 ι
1222 5050 1336 5104 Iloc
1378 5051 1578 5121 ipsum,
1624 5054 1824 5125 inquit,

264 5141 497 5196 nonnulli
519 5157 668 5196 nunc
693 5156 915 5211 quoque
948 5141 1175 5206 faciunt,
1212 5144 1305 5213 qui
1327 5145 1689 5213 expetendam
1714 5148 1828 5201 vir-

265 5230 384 5284 tutis
414 5232 640 5303 gloriam
672 5240 902 5303 propter
925 5232 1160 5298 labores,
1180 5234 1273 5303 qui
1303 5234 1447 5289 illam
1486 5239 1826 5306 praecedunt,

265 5318 536 5391 fugientes,
576 5323 954 5394 turpissimam
998 5331 1053 5379 et
1084 5324 1450 5379 miserrimam
1491 5327 1593 5380 sibi
1632 5327 1828 5381 famam

267 5425 509 5484 peperere
547 5436 561 5471 :
611 5431 739 5470 cum
773 5414 921 5469 enim
963 5432 1229 5470 novorum
1259 5416 1573 5487 dogmatum
1612 5421 1828 5488 patroni

1929 3113 2332 3184 Apollinarium
2355 3113 2412 3167 in
2444 3112 2687 3167 medium
2722 3108 3011 3171 adducam,
3040 3115 3096 3162 et
3114 3123 3225 3161 non
3250 3106 3411 3162 aliter
3442 3120 3506 3160 ac

1929 3206 2101 3261 sancti
2143 3206 2352 3268 Patres,
2397 3203 2619 3258 Verbum
2650 3217 2774 3255 caro
2807 3199 3005 3269 factum
3038 3206 3134 3263 est,
3171 3196 3505 3251 intellexisse

1928 3298 2215 3354 ostendam
2252 3297 2316 3350 ⁸³.
2349 3316 2367 3347 ι

1998 3390 2105 3445 Eos
2141 3387 2360 3443 tandem
2382 3384 2553 3441 veluti
2589 3384 2728 3450 Arii,
2751 3399 2859 3454 qua
2890 3390 3044 3454 parte
3068 3396 3196 3438 cum
3227 3379 3506 3450 Apollina-

1929 3483 2011 3537 rio
2045 3481 2341 3544 consentit,
2378 3478 2681 3549 discipulos
2718 3476 3039 3547 alloquitur.
3099 3472 3235 3528 Nam
3265 3477 3390 3549 post
3422 3469 3504 3524 ci—

1931 3582 2100 3629 tatum
2147 3572 2373 3629 Eusebii
2429 3569 2672 3627 Emiseni
2734 3583 2836 3640 pro
2886 3560 3505 3637 impatibilitate'Verbi

1930 3666 2302 3721 testimonium
2337 3682 2349 3718 :
2390 3682 2408 3714 ‹
2444 3662 2645 3718 Vidisti
2669 3661 2857 3722 etiam,
2886 3657 3161 3728 inquit“,
3189 3655 3355 3709 aliam
3386 3667 3504 3706 ma-

1929 3760 2224 3830 gistrorum
2264 3763 2574 3810 vestrorum
2615 3753 2867 3814 classem,
2913 3764 2943 3803 a
2977 3759 3347 3818 qua~passam
3382 3756 3507 3798 esse

1928 3848 2206 3919 Unigeniti
2237 3846 2585 3901 divinitatem
2623 3842 2882 3898 didicisse
2927 3856 3028 3895 nos
3062 3838 3326 3909 putastis,
3362 3836 3505 3890 hanc

1928 3939 2326 4010 blasphemiam
2362 3935 2665 4000 exsecrari,
2688 3943 2744 3989 et
2770 3932 3116 3987 divinitatem
3146 3927 3502 3999 impatibilem

1928 4032 2248 4102 praedicare,
2295 4038 2352 4084 et
2400 4042 2615 4089 eorum,
2655 4024 2749 4095 qui
2788 4022 3099 4094 passionem
3142 4020 3220 4074 illi
3263 4019 3505 4074 tribuere

1930 4122 2158 4186 audent,
2192 4127 2469 4175 catervam
2494 4116 2784 4186 dissipare.
2816 4132 2834 4164 ι

1997 4233 2410 4290 Observandum
2437 4231 2662 4302 pariter,
2689 4244 2829 4299 quos
2850 4245 3045 4299 passus
3070 4227 3142 4282 sit
3166 4226 3280 4297 ipse
3305 4225 3502 4280 adver-

1929 4327 2132 4389 sarios,
2169 4325 2393 4380 eosdem
2428 4338 2625 4392 nempe
2672 4337 2811 4392 quos
2857 4321 3128 4375 Diodorus
3161 4326 3216 4373 et
3249 4315 3504 4370 Tlicodo~

1933 4433 2046 4471 rus.
2097 4416 2173 4483 1d;
2198 4422 2415 4484 constat
2443 4429 2510 4467 ex
2544 4414 2802 4483 pericope
2839 4409 3084 4481 epistolae
3124 4407 3189 4459 ad
3217 4406 3501 4465 frenatum,

1933 4511 2090 4579 cujus
2116 4517 2273 4562 antea
2300 4505 2504 4560 mentio
2525 4504 2665 4558 facta
2694 4512 2797 4559 est.

2006 4601 2147 4655 XXI.
2181 4600 2262 4654 Ex
2294 4599 2380 4652 his
2408 4597 2663 4667 colligere
2698 4594 2831 4648 mihi
2873 4608 3032 4664 posse
3070 4590 3280 4654 videor,
3307 4587 3502 4642 adver-

1933 4693 2109 4749 sarios
2131 4706 2268 4761 quos
2297 4686 2691 4760 oppugnandos
2713 4686 2816 4741 sibi
2838 4682 3274 4755 opponit,.fuisse
3304 4679 3359 4733 in
3377 4693 3503 4749 spe-

1932 4786 2071 4841 ciem
2106 4782 2425 4845 monachos,
2448 4780 2564 4834 sive
2590 4793 2728 4847 quos
2759 4777 3028 4830 Armenos
3058 4771 3307 4827 meminit
3335 4769 3501 4824 Libe-

1933 4886 2103 4941 ratus,
2153 4875 2267 4928 sive
2306 4872 2401 4943 qui
2436 4870 2773 4926 Pboeniciam
2818 4865 3271 4933 Palazstiuamque
3315 4870 3502 4933 postea

1932 4970 2349 5022 commoverunt
2399 4978 2411 5012 :
2451 4975 2577 5014 nam
2622 4967 2678 5014 et
2713 4954 2938 5011 obscuri
2971 4953 3210 5008 nominis
3241 4952 3501 5016 fuerunt;

1931 5067 1986 5112 et
2025 5053 2398 5111 Orientalibus
2432 5048 2708 5120 episcopis
2746 5048 3075 5102 calumniam
3120 5045 3403 5108 fecerunt;
3449 5049 3505 5095 ct

1934 5147 2160 5204 Diodori
2201 5144 2587 5213 Theodorique
2632 5141 2832 5212 scripta
2891 5140 3044 5194 velut
3084 5138 3340 5194 hmrctica
3389 5144 3503 5189 tra—

1934 5240 2233 5301 duxerunt,
2258 5232 2655 5304 etApollinarii
2676 5231 2904 5301 Ariique
2934 5240 3119 5301 partes
3144 5227 3317 5284 secuti
3341 5232 3501 5288 sunt;

1932 5334 1988 5380 et
2016 5325 2071 5378 in
2111 5324 2247 5377 urbe
2276 5322 2424 5392 regia
2470 5321 2753 5391 Eutychen
2804 5335 2928 5373 cum
2976 5318 3093 5373 suis
3135 5316 3416 5371 monachis
3447 5315 3502 5368 in

1933 5433 2180 5475 errorem
2224 5415 2595 5486 impulerunt;
2642 5422 2696 5468 ct
2746 5413 3094 5468 Theodoreto
3138 5412 3351 5479 “neque
3406 5424 3503 5476 per

1591 5577 1908 5633 SCIIULZII
1947 5573 2177 5632 ΝΟΤΑΞ.

321 5670 361 5701 ⁸³
382 5674 515 5727 Ante
535 5688 750 5727 annum
786 5670 890 5741 M6
923 5672 1157 5741 scriptus
1181 5672 1381 5725 dicitur
1403 5689 1587 5740 supra.
1618 5690 1670 5740 p.
1697 5675 1819 5729 206.
1849 5674 1966 5730 Vid.
2001 5681 2177 5727 tamen
2198 5688 2250 5740 ιι.
2272 5670 2394 5725 52!).

261 5747 296 5797 ι.
319 5741 397 5811 1V,
421 5761 473 5817 p.
507 5745 593 5800 48.
677 5744 725 5775 ³³
754 5740 918 5806 Ibid,
947 5759 999 5812 p.
1034 5740 1127 5797 70.
1206 5742 1248 5773 λλ
1274 5742 1434 5807 Ibid,
1473 5760 1525 5814 p.
1560 5745 1680 5800 205:2.

2508 5670 2543 5699 ὀι
2580 5669 2697 5723 vui.
2735 5677 2769 5721 ι.
2800 5668 2884 5731 Iv,
2921 5684 2970 5735 ι».
3006 5666 3069 5719 ηίῦ
3102 5680 3217 5732 εριιι
3312 5662 3351 5691 ’⁵³
3380 5659 3501 5717 Vid-
