3926 6216
468 259 571 321 339

1561 266 1937 327 GARNERII
1978 265 2477 332 DISSERTATIO
2514 273 2574 332 II

3618 275 3732 341 340

471 366 756 441 Eutychen
778 367 1106 443 Chrysapbii
1134 373 1375 443 suscepti
1405 372 1490 428 sui
1526 374 1773 444 potentia
1805 373 2041 430 abuten-
2071 376 2114 433 A
2145 375 2532 433 ecclesiasticae
2563 378 2809 434 historiae
2828 378 3161 452 colliguntur
3181 379 3337 437 utilia
3364 381 3469 438 ista
3494 381 3538 415 "
3561 384 3731 454 quin-

471 470 603 525 tem,
629 459 970 531 clericosque
1001 460 1273 519 Osroenes
1305 463 1618 533 provinciae,
1650 465 1927 536 negotium
1957 465 2042 521 fe-

468 561 685 609 cerunt.
716 554 827 609 Hos
854 569 990 625 ergo
1009 553 1065 608 in
1086 569 1326 617 secessu,
1352 570 1478 609 cum
1496 570 1642 625 aeger
1665 556 1885 613 animus
1910 572 2043 612 con-

468 658 708 713 coquere
760 657 874 697 non
925 653 1112 713 posset
1159 643 1413 713 iujuriam
1476 658 1645 712 quam
1689 644 2042 700 continenter

469 735 719 788 versabat
753 734 948 788 avidus
970 733 1236 799 ultionis;
1264 734 1384 798 hos,
1431 735 1678 804 inquam,
1718 735 1870 791 velut
1911 734 2038 791 ﬁdei

466 828 671 892 hostes,
703 826 925 881 fallente
959 826 1097 891 zelo,
1132 825 1501 896 profligandos
1530 826 1791 896 suscepit.

535 916 699 972 XXII.
716 916 1004 971 Eranisten
1027 915 1196 986 igitur
1215 916 1518 971 elaboravit
1542 925 1790 987 tempore
1806 916 2034 971 manda-

464 1015 580 1058 tum
626 1004 979 1074 imperatoris
1010 1020 1135 1060 mox
1164 1014 1449 1074 sequente,
1489 1005 1543 1059 id
1580 1013 1684 1069 est,
1728 1021 1872 1061 anno
1906 1005 2032 1061 446.

460 1094 793 1158 Elaboravit,
845 1095 1103 1164 inquam;
1130 1109 1257 1148 nam
1294 1102 1409 1149 tota
1446 1110 1579 1149 usus
1623 1103 1709 1150 est
1746 1095 1800 1149 vi
1834 1096 2033 1152 mentis

460 1200 592 1248 sum,
634 1193 878 1255 totaque,
905 1201 1012 1255 qua
1034 1185 1252 1240 valebat
1275 1186 1597 1255 plurimum,
1628 1198 1747 1241 arte
1770 1186 1838 1241 ad
1864 1188 2033 1242 lecto-

459 1291 581 1330 rum
621 1278 837 1331 animos
873 1277 1026 1331 Suavi
1081 1277 1317 1347 quadam
1351 1276 1610 1348 facilique
1663 1278 2030 1335 collocutione

456 1364 635 1433 primo
681 1363 839 1433 quasi
884 1363 1254 1428 fascinandos,
1302 1364 1500 1420 deinde
1548 1366 1671 1421 suis.
1702 1365 2031 1438 syllogismis

456 1454 856 1524 illaqueandos,
893 1465 956 1510 ut
991 1457 1095 1511 sibi
1131 1456 1476 1521 viderentur,
1520 1457 1577 1512 in
1629 1467 1811 1528 partes
1855 1459 2026 1514 collo-

454 1555 687 1617 quentes
724 1563 834 1603 non
865 1548 1042 1604 aliena
1092 1549 1306 1605 ratione
1357 1548 1506 1615 duci,
1555 1550 1657 1608 sed
1692 1558 1886 1622 sponte
1926 1567 2028 1607 sua

452 1655 661 1694 ventre.

2144 479 2251 534 que
2291 482 2304 518 :

2211 555 2264 608 l.
2312 555 2433 611 Non
2485 571 2646 626 posse
2688 557 2914 613 defendi
2958 560 3278 629 opinionem
3327 561 3575 627 Barouii,
3626 562 3728 632 qui

2138 646 2359 702 videtur
2382 648 2609 715 sentire,
2637 649 2693 704 id
2717 650 2901 720 operis
2933 650 3148 706 editum
3173 651 3346 708 fuisse
3374 664 3500 722 post
3530 652 3726 707 conci-

2137 735 2271 790 lium
2299 735 2764 804 Chalcedonense,
2804 753 2949 794 anno
2978 738 3078 794 451
3113 740 3472 795 celebratum.

2207 826 2260 880 2.
2308 827 2426 882 Non
2476 828 2798 895 audiendos,
2846 831 2942 901 qui
2981 840 3201 902 putant,
3246 847 3440 888 veram
3481 847 3553 887 ex
3596 830 3726 888 istis

2135 919 2292 975 libris
2313 920 2575 991 Eutychis
2604 924 2935 978 sententiam
2969 924 3201 996 intelligi
3231 924 3461 991 debere,
3502 941 3632 980 cum
3664 925 3724 980 in

2135 1011 2269 1080 ipsis
2293 1011 2445 1067 aliud
2477 1013 2592 1068 fere
2628 1014 2768 1070 nihil
2796 1016 3184 1072 Theodoretus
3211 1017 3531 1073 adversario
3546 1018 3723 1088 ‘obji-

2135 1103 2262 1168 ciat,
2294 1120 2457 1173 quam
2482 1105 2631 1175 quod
2663 1106 2795 1162 olim
2816 1106 3040 1178 Cyrillo,
3057 1107 3171 1163 sive
3195 1107 3253 1162 in
3275 1108 3720 1178 reprehensione

2133 1192 2372 1263 capitum
2407 1194 2523 1251 sive
2557 1194 2613 1250 in
2646 1196 2771 1251 aliis
2803 1197 3026 1268 scriptis
3062 1198 3196 1252 vitio
3229 1199 3480 1254 verterit.

2201 1283 2235 1337 3
2264 1284 2333 1341 ⁸⁸.
2376 1287 2498 1341 Non
2554 1287 2891 1344 audiendum
2945 1289 3153 1360 pariter
3210 1288 3562 1346 Gennadium
3615 1292 3722 1361 qui

2128 1376 2335 1446 scripta
2382 1378 2496 1445 illa,
2546 1396 2669 1450 qua:
2709 1391 2869 1437 vocat
2902 1382 3086 1448 fortia,
3122 1382 3392 1439 adversus
3422 1384 3724 1454 Eutychen

2127 1467 2296 1523 fuisse
2326 1470 2493 1525 tradit
2519 1490 2537 1525 :»
2561 1487 2685 1527 cum
2724 1474 2872 1529 enim
2900 1474 3218 1542 ederentur,
3253 1477 3501 1532 nondum
3546 1476 3721 1534 deliri

2125 1561 2275 1616 senis
2301 1561 2576 1632 impietas,
2600 1580 2671 1619 ne
2701 1564 2862 1636 392
2889 1561 2944 1621 in
2977 1565 3092 1636 ipsa
3115 1565 3338 1637 quidem
3371 1567 3508 1623 urbe
3536 1568 3717 1638 regia,

2127 1652 2393 1721 patefacta
2431 1662 2579 1719 erat;
2631 1665 2781 1711 certe
2832 1656 2889 1711 in
2928 1658 3212 1727 publicum
3252 1675 3365 1713 non
3421 1659 3715 1729 prodierat

520 1728 679 1798 391
719 1729 910 1784 XXIII.
948 1729 1144 1823 Operis
1181 1746 1348 1800 porro
1364 1732 1581 1823 totius,
1603 1732 1750 1823 quod
1793 1733 2023 1823 dialogis
2058 1716 2098 1771 Β
2125 1716 2252 1799 ante
2278 1753 2509 1800 mortem
2535 1716 2745 1812 Procli,
2770 1755 2825 1802 et
2853 1716 3259 1805 ordinationem
3292 1716 3563 1818 Flaviani,
3582 1768 3715 1823 qua:

453 1818 630 1873 tribus
661 1827 718 1872 et
747 1835 857 1873 uno
885 1818 1327 1890 syllogismorum
1364 1820 1509 1875 libro
1537 1822 1868 1888 absolvitur,
1905 1821 2023 1878 haec

448 1916 555 1971 est,
596 1917 657 1963 ut
680 1911 792 1980 jam
836 1924 904 1965 ex
934 1920 1089 1979 parte
1134 1910 1344 1966 dictum
1383 1921 1489 1977 est,
1521 1912 1835 1969 methodus.
1882 1913 2021 1969 Cum

448 1997 555 2052 tria
574 1997 679 2053 sibi
701 1997 951 2070 dogmata
973 1999 1369 2069 proposuisset,
1391 2015 1501 2054 non
1524 2000 1804 2071 probanda
1834 2000 2016 2066 modo,

444 2085 543 2141 sed
570 2085 759 2151 etiam,
794 2095 856 2142 ut
884 2086 1003 2157 ipse
1030 2088 1253 2157 quidem
1283 2090 1549 2159 loquitur,
1569 2091 2015 2159 demonstranda,

445 2175 516 2230 de
551 2174 718 2230 Verbi
762 2174 1229 2242 immutabilitate,
1270 2181 1338 2232 de
1372 2178 1660 2235 ineonfusa
1695 2189 2017 2236 naturarum

444 2263 670 2328 unione,
690 2272 748 2319 et
764 2264 1202 2335 impassibilitate
1230 2266 1556 2334 divinitatis,
1590 2269 1803 2340 singula
1825 2271 2015 2342 singu-

440 2354 513 2410 lis
535 2353 768 2425 dialogis
793 2354 1007 2410 ratione
1034 2355 1300 2425 primum,
1340 2356 1542 2413 deinde
1566 2358 1792 2414 Patrum
1822 2368 2014 2416 aucto-

440 2445 604 2499 ritate
644 2444 968 2511 conﬁrmat,
1007 2454 1070 2501 ut
1109 2462 1221 2501 non
1263 2454 1373 2502 tam
1415 2464 1590 2514 suam,
1635 2465 1798 2520 quam
1847 2451 2015 2507 totius

437 2535 592 2592 orbis
641 2536 941 2592 Christiani
1010 2538 1317 2595 doctrinam
1368 2540 1587 2595 tradere
1651 2532 1905 2597 videatur
1942 2542 2007 2597 ".

436 2625 626 2682 Patres
657 2627 804 2683 enim
840 2628 1115 2699 producit,
1151 2630 1246 2700 qui
1279 2645 1471 2687 omnes
1500 2632 1689 2687 mundi
1721 2642 1905 2703 partes
1942 2634 2008 2688 il-

436 2719 763 2784 lustrarunt,
783 2720 984 2789 quibus
1001 2721 1180 2790 ipsum
1205 2722 1372 2776 etiam
1391 2723 1791 2793 Apollinarium
1816 2720 2009 2779 adver-

430 2809 702 2866 sariorum
743 2810 1067 2883 magistrum
1108 2812 1261 2868 addit
1308 2830 1321 2868 :
1354 2813 1593 2885 denique
1627 2815 1773 2885 quod
1814 2815 2005 2871 fusiori

428 2899 680 2956 oratione
724 2900 782 2956 in
825 2900 1060 2972 dialogis
1106 2901 1476 2970 disseruerat,
1537 2906 1812 2961 contrahit
1862 2906 2006 2963 libro

427 2999 627 3059 quarto
662 2990 717 3045 in
754 2992 1120 3063 syllogismos,
1141 2993 1344 3063 quibus
1370 3009 1487 3049 rem
1516 2997 1762 3063 omnino,
1799 3006 1859 3052 ut
1882 2998 2004 3068 qui-

427 3079 551 3135 dem
585 3081 689 3136 sibi
723 3081 946 3138 videtur
972 3098 1151 3154 posse,
1184 3084 1458 3140 conﬁciat.

498 3170 687 3227 XXIV.
737 3174 888 3229 [nter
920 3174 1326 3232 ecclesiasticos
1368 3184 1718 3244 tractatores,
1757 3193 1996 3248 quorum

423 3264 749 3319 auctoritate
773 3266 970 3332 utitur,
1009 3267 1311 3323 Diodorum
1340 3269 1666 3325 Tarsensem
1688 3310 1704 3335 ,
1738 3269 1996 3326 Theodo-

423 3368 657 3422 rumque
696 3354 1139 3425 Mopsuestenum
1176 3374 1287 3413 non
1328 3366 1611 3426 recenset,
1644 3362 1894 3432 quamvis
1938 3371 1996 3417 et

422 3443 672 3499 celebres
713 3454 902 3502 essent
943 3462 1010 3504 ea
1056 3457 1403 3519 tempestate,
1443 3458 1499 3505 et
1524 3465 1621 3506 eos
1657 3450 1775 3521 ipse
1816 3453 1990 3523 magi-

418 3550 659 3600 atrorum
688 3546 811 3602 loco
838 3547 1086 3604 haberet.
1123 3549 1271 3604 Facti
1305 3565 1497 3605 causas
1536 3550 1717 3618 aﬁ'ert,
1753 3563 1815 3609 ut
1844 3554 1989 3609 dixi-

418 3649 563 3700 mus,
593 3635 651 3690 in
675 3635 893 3708 dialogo
920 3638 975 3704 i,
1003 3648 1060 3695 et
1080 3639 1245 3710 epist.
1275 3641 1342 3696 16
1363 3641 1431 3696 ad
1461 3641 1726 3698 Irenaeum
1748 3643 1990 3715 idipsum

417 3724 708 3782 mirantem
738 3727 803 3782 ‘°.

483 3816 649 3876 XXV.
677 3819 759 3875 Ex
780 3820 981 3891 quibus
1007 3822 1211 3878 litteris
1245 3823 1468 3897 affulget
1493 3827 1610 3893 lux,
1638 3828 1697 3882 in
1731 3844 1838 3899 qua
1873 3845 1983 3885 non

408 3921 476 3961 ea
498 3916 728 3974 tantum,
743 3926 865 3981 quae
882 3912 1140 3980 diximus,
1159 3914 1391 3971 clariora
1412 3916 1562 3984 ﬁant,
1587 3919 1681 3975 sed
1703 3920 1808 3975 alia
1830 3937 1983 3991 quae-

409 3996 536 4052 dam
558 3999 866 4069 videantur,
892 4012 948 4058 et
967 4005 1189 4074 quidem
1205 4007 1369 4078 digna
1401 4008 1564 4064 scitu.
1591 4011 1646 4064 1ο
1664 4011 1980 4083 Apologiam

410 4103 508 4155 pro
547 4087 778 4145 Diodoro
822 4099 880 4147 et
912 4092 1177 4150 Theodoro
1227 4096 1489 4168 scriptam
1533 4114 1656 4156 esse
1689 4112 1816 4159 ante
1850 4104 1984 4159 Era-

408 4176 615 4232 uisten.
670 4179 727 4233 2°
768 4181 961 4238 Editos
1000 4200 1122 4240 esse
1152 4186 1403 4260 Dialogos
1446 4199 1574 4248 ante
1621 4193 1896 4264 dejectum
1948 4212 1981 4252 e

406 4267 537 4324 sede
558 4268 846 4337 lrenaum,
866 4275 962 4344 qui
984 4275 1228 4348 dejectus
1242 4289 1481 4337 estanno
1501 4282 1625 4338 448.
1653 4284 1709 4339 5ο
1719 4285 1978 4343 Occasio-

404 4373 529 4415 nem
556 4361 839 4417 scribendi
873 4380 942 4420 ex
970 4371 1319 4428 accusatione
1352 4380 1550 4429 ortam.
1574 4377 1632 4431 4ο
1653 4377 1976 4437 Theodore-

403 4458 520 4506 tum
555 4467 875 4510 communes
896 4472 1115 4526 passum
1148 4474 1268 4517 esse
1295 4478 1419 4518 cum
1440 4464 1683 4524 Diodoro
1705 4476 1762 4524 et
1790 4469 1975 4527 Theo-

399 4541 537 4599 doro
601 4545 963 4603 adversarios.
1038 4551 1096 4605 5°
1148 4552 1342 4609 Natam
1408 4555 1539 4612 inde
1605 4563 1975 4621 accusationis

398 4650 653 4713 causam,
695 4639 841 4708 quod
894 4649 1194 4714 utrumque
1236 4646 1558 4717 magistrum
1610 4652 1968 4724 defendisset,

396 4728 551 4792 quasi
573 4727 763 4784 eadem
790 4731 926 4802 ipse,
954 4746 1077 4805 qua:
1100 4735 1201 4801 illi,
1229 4739 1481 4806 sentiret,
1507 4741 1613 4799 hoc
1632 4752 1736 4809 est,
1767 4746 1965 4803 Filium

396 4812 452 4867 in
479 4819 619 4872 duos
654 4818 795 4877 ﬁlios
821 4824 1114 4882 divideret.
1157 4828 1213 4884 6°
1245 4827 1513 4889 Habuisse
1546 4834 1602 4888 in
1638 4837 1824 4891 animo
1868 4839 1970 4893 im-

393 4914 704 4973 peratorem
725 4913 839 4982 jam
868 4914 995 4974 inde
1026 4916 1097 4975 ab
1120 4936 1266 4976 anno
1295 4924 1400 4978 M7
1426 4924 1719 4981 consilium
1761 4943 1967 4984 convo-

392 4996 580 5053 canda:
600 4998 795 5071 synodi
825 5010 1117 5078 generalis,
1150 5014 1244 5068 sed
1283 5014 1416 5071 illud
1441 5017 1764 5088 deposuisse
1791 5021 1968 5079 donec

390 5100 537 5179 anno
573 5089 700 5155 449,
740 5104 865 5162 post
901 5109 1079 5156 motas
1115 5103 1184 5157 ab
1207 5102 1452 5179 Eutyche
1497 5110 1707 5177 turbas,
1753 5128 1966 5169 resum-

386 5175 498 5245 psit
525 5196 538 5232 :
565 5195 674 5250 qua
704 5181 773 5239 de
806 5201 866 5241 re
902 5188 1131 5259 legenda
1170 5205 1253 5250 est
1294 5175 1524 5268 epistola
1562 5202 1634 5260 ad
1662 5175 1959 5261 Domuum.

462 5276 478 5292 '
506 5268 692 5330 XXVI.
726 5275 807 5331 Ex
842 5277 911 5333 iis
941 5296 1062 5350 qua:
1101 5282 1168 5338 de
1209 5294 1455 5357 tempore
1483 5294 1781 5351 constituta
1811 5307 1959 5363 sunt,

2123 1834 2350 1904 contigit
2372 1836 2475 1890 sub
2501 1832 2664 1891 ﬁnem
2694 1837 2822 1892 anni
2847 1837 2972 1894 446.

2188 1927 2241 1981 4.
2263 1926 2460 1981 Mirum
2484 1926 2540 1981 in
2562 1927 2785 1983 modum
2802 1928 2914 1983 falli
2949 1929 3208 2000 opinione
3228 1946 3328 1988 sua
3349 1931 3709 1988 Alberti’num

2120 2014 2576 2087 Blondellumque
2602 2016 2974 2085 Calvinianos,
3019 2020 3114 2090 qui
3155 2037 3278 2092 qua:
3313 2022 3712 2081 Theodoretus

2119 2103 2279 2159 all'ert
2313 2105 2624 2161 testimonia
2661 2107 2908 2173 Patrum,
2950 2108 3143 2165 eadem
3179 2126 3305 2166 eum
3347 2112 3435 2176 iis,
3479 2129 3604 2183 quae
3647 2114 3707 2169 in

2118 2196 2339 2251 concilii
2360 2196 2985 2256 ChalcedonensisActis
3007 2201 3285 2273 leguntur,
3310 2204 3558 2276 subjecta
3581 2207 3707 2276 epi-

2114 2289 2269 2343 stolae
2301 2289 2474 2344 sancti
2501 2288 2702 2346 Leonis
2731 2290 2797 2346 ad
2834 2291 3176 2360 Flavianum,
3219 2309 3330 2348 non
3357 2296 3706 2352 erubescunt

2115 2375 2300 2433 dicere
2334 2395 2365 2432 a
2400 2378 2750 2435 Theodoreto
2781 2395 2849 2436 ex
2877 2380 3109 2450 epistola
3135 2383 3310 2439 sancti
3341 2382 3545 2439 Leonis
3573 2400 3703 2440 esse

2114 2479 2352 2538 sumpta.
2377 2471 2529 2525 Nihil
2553 2471 2701 2526 enim
2721 2471 2831 2527 dici
2851 2472 3035 2542 potuit
3069 2481 3165 2528 aut
3187 2472 3553 2549 ignorantius,
3591 2485 3699 2533 aut

2115 2559 2512 2631 impudentius.
2540 2563 2678 2619 Nam
2711 2564 2995 2620 Eranistes
3021 2575 3353 2637 pervagatus
3378 2576 3483 2632 est,
3521 2568 3702 2625 etiam

2111 2652 2167 2709 in
2190 2652 2504 2726 Egyptum,
2529 2664 2656 2711 ante
2683 2665 3006 2726 conceptam
3036 2656 3373 2729 missamque
3401 2658 3701 2729 epistolam

2110 2746 2282 2801 sancti
2306 2745 2528 2812 Leonis,
2554 2748 2758 2819 quippe
2778 2763 2904 2803 cum
2928 2748 3053 2804 data
3079 2750 3152 2805 sit
3182 2766 3326 2806 anno
3349 2751 3473 2814 449.
3498 2750 3701 2810 Idibus

2105 2835 2260 2902 Julii,
2282 2836 2503 2893 Asterie
2530 2848 2587 2894 et
2608 2839 2915 2911 Protogene
2943 2854 3087 2897 coss.
3121 2841 3361 2912 scriptus
3383 2842 3692 2913 Eranistes,

2107 2943 2269 2997 quam
2300 2929 2632 2996 tardissime,
2669 2947 2815 2987 anno
2835 2934 2959 2989 446.

2029 3045 2072 3105 c
2179 3018 2232 3073 5.
2260 3018 2545 3090 Nuperum
2575 3021 2848 3078 editorem
2866 3022 3107 3094 Operum
3136 3027 3314 3081 sancti
3345 3026 3549 3083 Leonis
3575 3028 3691 3083 im-

2104 3111 2409 3180 prudenter
2428 3113 2723 3172 adhaesisse
2743 3115 3057 3174 Calvinistis
3088 3118 3211 3175 istis
3237 3119 3477 3186 duobus,
3506 3129 3568 3176 et
3590 3138 3691 3179 se-

2103 3202 2345 3257 cundum
2367 3218 2463 3261 eos
2485 3206 2813 3261 sententiam
2843 3205 3070 3274 dixisse,
3107 3217 3169 3263 ut
3191 3224 3279 3264 me
3309 3210 3598 3266 damnaret
3624 3213 3690 3269 in

2101 3293 2249 3349 notis
2280 3293 2348 3348 ad
2377 3310 2414 3349 ιι
2438 3304 2650 3367 partem
2671 3295 2912 3367 Operum
2944 3298 3100 3353 Marii
3139 3298 3458 3356 Mercatoris
3494 3302 3690 3359 obiter

2098 3385 2188 3440 his
2220 3384 2289 3440 de
2307 3385 2639 3441 testimoniis
2659 3387 2925 3442 locutum.
2954 3387 3129 3456 Quam
3153 3389 3437 3446 immerito
3464 3390 3520 3446 id
3550 3406 3689 3465 cge-

2098 3477 2192 3541 rit,
2220 3476 2469 3533 dicemus
2497 3477 2601 3532 sub
2630 3476 2794 3535 ﬁnem
2824 3480 2893 3534 ".
3358 3528 3359 3533 η

2167 3567 2379 3623 XXVII.
2415 3569 2712 3639 Postquam
2755 3570 2968 3627 dictum
3010 3571 3080 3627 de
3118 3580 3367 3643 tempore
3404 3584 3462 3630 et
3488 3575 3682 3632 causis

2093 3655 2437 3729 Polymorphi
2455 3673 2553 3713 seu
2574 3661 2860 3725 Eranistce,
2894 3662 3146 3734 sequitur
3173 3663 3456 3733 deinceps,
3489 3676 3553 3720 ut
3586 3665 3683 3721 in-

2094 3745 2372 3812 dieentur,
2399 3763 2521 3817 quae
2543 3748 2887 3806 observanda
2907 3752 2962 3807 in
2988 3753 3076 3808 his
3099 3753 3330 3825 dialogis
3352 3754 3677 3811 videantur.

2094 3837 2235 3892 Sunt
2263 3848 2444 3894 autem
2472 3840 2575 3894 ista
2603 3843 2878 3913 praecipue
2905 3855 3117 3915 septem

2156 3929 2199 3983 Ι.
2233 3929 2615 3988 Theodoretus
2653 3949 2770 3990 non
2812 3937 3076 4005 postulat,
3121 3939 3237 3995 sive
3295 3955 3421 3997 eum
3470 3941 3679 3999 scribit

2090 4018 2259 4075 Leoni
2292 4022 2559 4092 pontiﬁci,
2577 4025 2692 4080 sive
2720 4040 2844 4080 cum
2867 4027 3078 4083 Renato
3102 4030 3446 4102 presbytero,
3470 4046 3541 4087 ex
3564 4032 3678 4088 hoc

2090 4111 2521 4185 iibrojudicium
2546 4117 2615 4172 de
2652 4134 2750 4174 sua
2786 4118 2895 4174 ﬁde
2931 4121 3177 4176 exerceri
3212 4140 3226 4176 :
3261 4131 3477 4193 poterat
3515 4124 3676 4182 enim

2090 4203 2219 4260 inde
2242 4206 2512 4273 damnari,
2550 4224 2675 4264 cum
2698 4212 3102 4282 propositiones
3133 4223 3372 4285 quatuor
3398 4232 3429 4271 a
3459 4215 3679 4289 Cyrillo

2087 4311 2347 4362 assertas,
2377 4307 2435 4355 et
2470 4300 2540 4356 ab
2572 4302 2817 4358 Ecclesia
2847 4315 3115 4373 receptas,
3162 4307 3303 4362 Deus
3344 4325 3534 4379 passus
3566 4317 3674 4376 est,

2008 4399 2055 4454 ι)
2084 4406 2268 4459 passus
2285 4401 2361 4445 est
2393 4408 2573 4458 carne,
2598 4411 2786 4465 passus
2816 4404 2892 4450 est
2915 4398 3113 4463 volens,
3137 4417 3323 4471 passus
3356 4410 3431 4455 est
3462 4403 3672 4473 impas-

2079 4480 2321 4548 sibiliter,
2356 4483 2468 4539 imo
2485 4492 2541 4539 et
2565 4484 2698 4540 alias
2721 4488 2924 4554 passim
2972 4488 3184 4555 obvias,
3214 4491 3575 4547 vehementer
3608 4502 3670 4549 et

2080 4588 2221 4643 pene
2255 4574 2518 4632 iracunde
2538 4577 2841 4649 impugnet.
2871 4579 3014 4646 Quid
3041 4597 3173 4654 ergo
3198 4600 3376 4639 causa:
3408 4583 3536 4650 fuit,
3560 4601 3667 4641 cur

2078 4665 2208 4720 olim
2245 4668 2564 4727 Gennadius
2601 4674 2797 4744 scripta
2841 4674 3044 4744 fortia?
3088 4693 3188 4732 cur
3230 4679 3454 4735 Patrum
3497 4692 3665 4738 aetate

2076 4756 2379 4813 Gentianus
2404 4757 2691 4825 Hervetus,
2715 4780 2842 4834 Opus
2864 4766 3002 4820 nulli
3021 4767 3180 4823 alteri
3201 4773 3620 4841 postponendum
3637 4774 3667 4827 2

2070 4859 2172 4899 cur
2197 4846 2290 4900 alii
2310 4864 2461 4904 nunc
2484 4851 2637 4906 velut
2661 4854 2935 4911 catholica
2963 4856 3093 4926 ﬁdei
3113 4860 3366 4915 eximium
3387 4865 3658 4934 specimen

2068 4941 2335 4996 extollant
2355 4942 2381 4995 ?
2674 4940 2677 4943 ’

2140 5031 2193 5086 2.
2242 5031 2613 5105 Temporibus
2649 5036 2833 5093 Photii
2877 5056 2991 5096 uno
3022 5043 3329 5115 eodemque
3368 5047 3657 5106 volumine

2073 5135 2238 5190 opera
2273 5123 2377 5179 tria
2407 5127 2921 5199 compingebantur,
2955 5132 3084 5188 libri
3112 5135 3372 5191 nimirum
3403 5138 3656 5210 quinque

2072 5208 2404 5268 Theodoreti
2443 5215 2708 5273 adversus
2737 5230 2981 5276 sanctam
3006 5222 3339 5293 Ephesinam
3376 5208 3651 5299 synodum

2068 5310 2125 5356 et
2157 5311 2408 5360 sanctum
2438 5305 2727 5379 Cyrillum,
2771 5326 3059 5369 sermones
3097 5314 3373 5385 Eutherii,
3417 5329 3473 5375 et
3515 5320 3651 5378 Era-

1710 5452 2030 5513 SCIlULle
2064 5459 2292 5517 NOTAE.

682 5542 987 5622 "tilitatem
1038 5536 1323 5622 hypgthesi
1371 5541 1439 5598 de
1483 5546 1687 5622 callido
1718 5550 2129 5622 Nestorianismi
2172 5560 2486 5619 insinuandi
2512 5567 2764 5622 consilio.

2868 5569 2914 5601 “
2943 5571 3063 5627 Vid.
3097 5587 3152 5641 p.
3179 5568 3301 5630 515“.
3405 5575 3450 5606 ⁸⁷
3492 5576 3640 5632 Edit.

445 5591 459 5607 ,
744 5591 760 5598 _
821 5591 833 5598 ,
1052 5591 1323 5639 “1"”---
1377 5591 1438 5598 ψ-
1487 5591 1680 5629 ...ω-...υ
1718 5591 2129 5637 “tutu-mquam-
2171 5591 2485 5640 _mamuunui
2512 5591 2764 5622 consulo.
2868 5591 2914 5601 "
2951 5591 3063 5627 για.
3097 5591 3152 5641 ρ.
3179 5591 3301 5630 διδ).
3405 5591 3447 5606 ”
3492 5591 3640 5632 EG".

377 5594 677 5715 gignis-[.238];
698 5609 972 5715 vitaliter.
1121 5607 1242 5663 Vid.
1270 5625 1454 5681 supra,
1488 5631 1542 5685 p.
1584 5616 1706 5673 257.
1784 5621 1829 5653 δ’
1855 5623 1961 5679 Sed
1990 5628 2269 5686 tntercrdit
2301 5631 2403 5688 ista
2427 5634 2747 5706 disputatio,
2776 5640 2859 5695 vel
2878 5641 2946 5696 ab
2977 5641 3279 5709 Harduino,
3316 5654 3374 5701 ut
3402 5646 3640 5715 videtur,

375 5675 667 5733 suppressa
698 5676 800 5724 est.
