3926 6216
251 272 351 336 3i]

1419 276 1515 335 DE
1548 277 1802 336 LIBRIS
1839 277 2349 341 THEODOBETI.

3412 282 3516 348 342

244 382 442 439 nistes.
493 380 575 435 An
614 394 727 434 non
770 378 904 434 licet
940 379 1088 445 inde,
1131 379 1253 435 sine
1296 381 1627 438 temeritatis
1668 381 1829 447 vitio,
1862 385 1905 442 Α
1938 385 2113 439 tinum
2139 384 2517 450 Calvinistam,
2546 385 2641 456 qui
2670 393 2725 441 et
2751 386 2866 456 ipse
2896 386 3210 445 inconsqu
3245 388 3516 446 abductus

245 474 539 545 conjicere,
580 480 704 543 post
738 470 1059 527 combustos
1095 472 1338 527 Nestorii
1372 473 1563 539 libros,
1594 475 1837 544 proscri-

250 574 453 637 ptaque
471 563 747 619 Theodori
771 570 827 619 et
846 563 1072 618 Diodori
1098 572 1379 634 excerpta,
1406 565 1663 620 volumen
1687 566 1835 621 istud

252 657 550 722 exstitisse,
590 656 746 727 quasi
789 654 1099 728 symbolum
1130 655 1387 710 factionis
1424 656 1836 727 Acephalorum

256 751 473 805 illorum
501 749 570 815 ’°,
595 764 834 818 quorum
864 748 1115 802 meminit
1140 747 1450 815 Liberatus,
1482 763 1835 820 quorumque

258 842 331 894 ait
352 839 766 894 Theodoretum
798 845 966 908 caput
994 838 1305 893 exstitisse?

325 930 376 984 3.
402 930 657 993 Causam,
698 945 800 985 cur
819 930 888 984 de
916 930 1157 987 Diodoro
1192 941 1247 988 et
1270 931 1565 989 Theodoro
1594 933 1830 997 siluerit,

257 1021 409 1078 aﬂ'ert
446 1021 659 1091 dialogo
690 1022 875 1092 primo
908 1022 1013 1078 sub
1037 1022 1223 1089 ﬁnem,
1262 1023 1356 1079 ubi
1384 1034 1508 1095 post
1545 1026 1707 1080 allata
1733 1024 1834 1080 Pa-

260 1124 399 1168 trum
427 1114 735 1168 testimonia
768 1114 1061 1170 Eranisten
1086 1116 1360 1171 allocutus
1388 1134 1402 1170 :
1447 1135 1465 1168 ι
1499 1116 1831 1183 Proferrcm,

263 1201 431 1271 inquit
467 1201 536 1266 ",
573 1201 675 1256 tibi
706 1201 1138 1257 fortissimorum
1180 1204 1433 1259 veritatis
1460 1211 1832 1275 propugnato-

261 1310 375 1346 rum
400 1292 616 1347 Diodori
641 1301 697 1348 et
722 1293 999 1349 Theodori
1022 1296 1425 1360 enarrationes,
1450 1295 1555 1351 nisi
1586 1295 1833 1350 viderem

261 1384 592 1439 tosiufenso
637 1386 693 1440 in
722 1386 829 1442 hos
870 1387 1053 1441 animo
1098 1403 1241 1452 esse,
1285 1388 1733 1459 Apollinarisque
1774 1387 1832 1442 in

261 1474 412 1545 393
452 1490 547 1530 eos
573 1475 704 1530 odio
736 1484 791 1531 et
822 1477 1222 1532 malevolentiae
1248 1478 1581 1534 successisse
1621 1496 1634 1532 :
1661 1476 1834 1533 vidis-

262 1579 346 1618 ses
367 1565 509 1619 enim
533 1565 637 1619 hos
664 1567 832 1620 etiam
869 1567 1085 1622 caeteris
1133 1569 1492 1625 consonantia
1520 1568 1829 1639 scripsisse,

263 1665 315 1709 et
330 1672 389 1709 ex
407 1655 595 1712 divino
622 1657 772 1713 fonte
798 1658 1002 1714 ﬂuenta
1022 1660 1296 1725 hausisse,
1318 1662 1578 1730 rivosque
1597 1669 1653 1715 et
1682 1661 1833 1731 ipsos

1939 474 2047 529 fuit
2073 476 2130 530 in
2159 491 2408 532 errorem
2435 492 2504 532 ex
2530 477 2599 532 iis
2636 492 2758 547 qua:
2787 476 3060 534 Baronius
3108 480 3168 533 in
3220 478 3513 535 Annalibus

1937 566 2218 622 mandavit
2254 569 2483 639 scripto.

2015 677 2033 710 α
2073 659 2375 726 lntercidit,
2412 660 2687 717 incertum
2741 677 2853 733 quo
2890 677 3045 728 casu,
3096 661 3365 734 particula
3399 663 3514 719 haec

1937 750 2102 823 hujus
2127 752 2556 809 concertationis
2578 754 2646 808 “.
2676 773 2695 806 ι

2076 882 2104 953 §
2130 883 2196 939 ll.
2224 883 2612 942 Hareticarum
2641 888 2948 959 fabularum
2986 888 3105 945 libri
3133 891 3379 963 quinque.

2006 1014 2047 1068 l.
2080 1015 2253 1086 Hujus
2278 1016 2468 1087 operis
2510 1026 2701 1087 aperta
2727 1035 3002 1090 nusquam
3049 1022 3279 1087 mentio,
3311 1031 3512 1093 praeter

1934 1121 2099 1175 quam
2159 1107 2216 1162 in
2265 1108 2573 1177 quaestione
2619 1110 2794 1180 prima
2841 1111 2899 1166 in
2947 1112 3250 1169 Leviticum
3304 1114 3372 1179 ",
3418 1114 3511 1172 ubi

1936 1198 2322 1255 Theodoretus
2374 1201 2685 1271 inquirens,
2741 1218 2843 1257 cur
2894 1205 3043 1259 Deus
3089 1205 3196 1261 sibi
3246 1206 3514 1263 sacriﬁcia

1933 1290 2124 1345 offerri
2154 1292 2438 1347 voluerit:
2490 1311 2510 1345 c
2554 1293 2631 1348 De
2679 1294 2787 1359 bis,
2834 1295 3218 1361 ait,'diximus
3246 1298 3433 1353 multis
3456 1299 3512 1354 in

1934 1381 2092 1446 locis,
2125 1389 2241 1436 tum
2300 1383 2357 1437 in
2392 1383 2480 1439 his
2525 1399 2648 1454 qua;
2691 1394 2884 1441 contra
2922 1385 3141 1443 Graecos
3167 1390 3509 1459 scripsimus,

1933 1482 2049 1528 tum
2096 1474 2152 1527 in
2176 1474 2243 1529 iis
2271 1490 2394 1544 qua:
2422 1476 2688 1532 adversus
2711 1478 2968 1543 bmrcses,
2990 1498 3008 1531 ι
3042 1488 3149 1535 etc.
3173 1480 3337 1555 395
3366 1482 3512 1539 Tan-

1934 1574 2050 1620 tum
2065 1567 2343 1622 silentium
2361 1567 2429 1623 de
2448 1576 2683 1624 tractatu
2697 1577 2805 1625 tam
2825 1571 3110 1627 elaborato
3122 1572 3326 1628 mirum
3335 1573 3511 1629 videri

1932 1672 2046 1711 non
2082 1657 2268 1720 debet,
2304 1657 2349 1711 si
2395 1659 2563 1714 modo
2619 1661 2905 1731 scripserit
2948 1662 3334 1719 Theodoretus
3391 1674 3514 1735 post

265 1762 468 1817 quoque
488 1747 730 1818 Spiritus
763 1749 1037 1804 exstitisse
1064 1767 1078 1803 :
1106 1749 1201 1804 sed
1240 1722 1342 1804 hos
1363 1722 1585 1819 quid-em
1608 1722 1833 1820 praeter-
1865 1722 1905 1782 Β
1932 1750 2229 1805 concilium
2249 1749 2701 1809 Chalcedonense
2722 1722 2749 1820 ;⁸
2775 1753 2831 1809 id
2880 1768 3013 1809 vero
3052 1770 3201 1810 nunc
3248 1722 3514 1826 indagan-

266 1838 485 1903 Inittam,
517 1838 648 1910 quia
682 1839 1030 1910 implacabile
1056 1841 1263 1897 bellum
1292 1840 1559 1896 adversus
1587 1856 1685 1897 eos
1705 1856 1830 1898 sus-

266 1929 497 1998 cepistis.
533 1948 552 1980 ι

329 2021 378 2074 4.
401 2021 776 2077 Theodoretus
808 2023 895 2079 vel
936 2038 1049 2079 non
1096 2030 1182 2079 est
1211 2032 1407 2079 auctor
1455 2022 1831 2093 Expositionis

267 2112 318 2166 in
348 2110 627 2167 Canticum
662 2113 1031 2179 canticorum,
1088 2129 1210 2184 quae
1255 2130 1406 2170 nunc
1456 2115 1710 2180 habetur,
1741 2115 1829 2171 vel

265 2204 679 2259 sententiamde
732 2203 1028 2260 Theodoro
1088 2206 1392 2262 enormiter
1449 2208 1825 2273 commutavit,

264 2298 341 2351 vel
372 2297 829 2352 mendacissimus
868 2295 973 2350 fuit
1000 2295 1462 2367 planissimusque
1512 2297 1734 2362 histrio,
1766 2306 1829 2352 ut

262 2390 351 2459 qui
377 2389 633 2445 eumdem
662 2389 969 2453 hominem,
1013 2403 1167 2444 nunc
1195 2407 1215 2441 ‹
1250 2388 1613 2444 fortissimum
1659 2389 1828 2445 fuisse

264 2480 495 2535 veritatis
552 2489 1043 2550 propugnatorem,
1093 2478 1456 2535 consonantia
1503 2493 1630 2532 cum
1696 2477 1826 2532 ﬁdei

264 2571 525 2640 magistris
542 2571 820 2636 locutum,
843 2586 911 2626 ex
933 2570 1122 2626 divino
1146 2569 1296 2626 fonte
1326 2569 1530 2625 ﬂuenta
1554 2570 1823 2633 hausisse,

264 2662 427 2716 rivum
488 2663 731 2734 Spiritus
779 2664 954 2719 sancti
1008 2663 1286 2718 exstitisse
1338 2680 1358 2713 ι
1404 2661 1580 2727 dicat;
1612 2674 1760 2716 nunc
1782 2661 1826 2693 ⁵³

270 2770 285 2801 ι
317 2759 686 2809 contextorem
724 2753 1054 2817 fabularum,
1098 2769 1169 2809 ne
1194 2752 1433 2830 aniculis
1473 2753 1698 2822 quidem
1737 2753 1824 2807 di-

262 2858 498 2912 gnarum,
522 2844 786 2900 falsarum
816 2853 875 2900 et
903 2844 1343 2915 perniciosarum
1377 2842 1700 2913 opinionum
1729 2858 1828 2898 au-

262 2940 477 2999 ctorem,
505 2934 784 2989 hominem
813 2934 1126 3005 insipientis
1150 2934 1351 2998 cordis,
1382 2934 1475 3003 qui
1498 2934 1825 2989 calumniam

266 3024 478 3095 Spiritui
529 3033 725 3083 sancto
770 3027 957 3092 faciat,
992 3028 1086 3097 qui
1134 3027 1254 3081 suis
1300 3026 1357 3080 in
1404 3027 1827 3097 cogitationibus
1852 3068 1895 3127 ο

265 3126 558 3184 evanescat,
602 3119 806 3174 divina:
854 3118 1155 3190 Scriptura:
1192 3118 1651 3175 consuetudinem
1672 3119 1827 3192 igno-

266 3219 387 3274 rem
412 3220 519 3266 etc.

329 3303 377 3359 5.
420 3304 479 3359 In
509 3304 727 3375 dialogo
768 3302 950 3374 primo
998 3305 1150 3360 locus
1196 3314 1282 3361 est
1337 3305 1405 3360 de
1451 3305 1820 3370 Eucharistia,

264 3406 412 3459 quem
431 3379 854 3450 Sacramentarii
878 3394 1120 3450 haeretici
1136 3411 1237 3465 pro
1260 3411 1319 3451 se
1341 3396 1823 3461 solentadducere,

264 3483 511 3540 Catholici
563 3501 765 3556 purum
809 3486 1085 3541 hereseos
1110 3488 1405 3543 ostendere
1448 3488 1717 3543 nituntur.
1748 3488 1825 3543 De

266 3575 374 3646 ipso
403 3578 707 3635 disseretur
732 3577 998 3651 prolixius
1045 3578 1435 3635 dissertatione
1482 3588 1746 3649 sequente
1776 3580 1825 3612 ⁵⁸

267 3684 376 3739 cap.
396 3669 445 3724 5.

326 3762 373 3813 6.
397 3762 486 3816 Est
509 3762 681 3816 etiam
743 3760 798 3815 in
833 3760 1050 3832 dialogo
1102 3762 1270 3817 tertio
1320 3762 1477 3817 locus
1523 3761 1591 3817 de
1638 3766 1822 3828 causa;

265 3865 358 3903 cur
385 3853 691 3906 moriantur
718 3859 776 3906 et
818 3851 953 3922 justi
1002 3860 1061 3907 et
1106 3859 1449 3922 peccatores,
1475 3852 1569 3921 qui
1601 3852 1823 3906 videtur

267 3941 540 4012 Pelagiana
569 3944 749 3998 errori
794 3943 864 3998 de
908 3953 1130 4013 peccato
1164 3944 1417 4013 originali
1451 3943 1654 3999 favere.
1717 3944 1825 4000 Sed

267 4030 347 4085 hic
370 4034 568 4102 pariter
602 4036 660 4088 in
708 4034 1095 4090 dissertatione
1148 4044 1411 4106 sequente
1465 4049 1585 4106 cap.
1624 4036 1658 4091 4
1713 4045 1825 4092 tra-

264 4123 506 4179 elabitur.

330 4219 375 4270 7.
408 4217 578 4273 Tanta
634 4228 721 4274 est
762 4219 1105 4291 dialogorum
1158 4220 1495 4277 Theodoreti
1531 4237 1656 4281 cum
1709 4237 1827 4277 ser-

267 4308 508 4363 monibus
530 4308 786 4364 Eutherii
815 4310 1191 4374 consonantia,
1219 4317 1281 4363 ut
1305 4310 1470 4364 ambo
1510 4310 1824 4377 videantur,

1932 1842 2084 1898 dum.

1999 1934 2068 1989 ll.
2097 1934 2331 2006 Scripsit
2364 1951 2497 1992 sane
2524 1946 2653 2007 post
2677 1937 2883 1993 editam
2912 1938 3157 1995 Danielis
3182 1947 3241 1995 et
3262 1939 3509 2011 Apostoli

1928 2028 2365 2098 expositionem:
2401 2046 2527 2085 nam
2547 2030 2694 2085 libro
2723 2047 2775 2095 v,
2805 2046 2927 2101 cap.
2948 2031 3020 2085 2'5
3047 2049 3062 2085 :
3094 2050 3112 2083 ι
3147 2032 3293 2097 Habe,
3320 2033 3416 2097 ait,
3442 2033 3510 2087 de

1929 2118 2271 2175 Antichristo
2297 2135 2329 2176 e
2366 2119 2553 2175 divina
2585 2119 2870 2191 Scriptura
2908 2121 3237 2189 didicimus;
3269 2138 3509 2179 summa-

1930 2212 2027 2266 tim
2063 2220 2271 2276 autem,
2326 2228 2449 2282 quae
2503 2213 2573 2267 ad
2606 2213 2773 2267 illum
2819 2223 3091 2284 spectant,
3144 2216 3506 2287 scripsimus,

1927 2302 2191 2370 quoniam
2242 2309 2302 2357 et
2346 2302 2627 2358 Danielem
2676 2304 3025 2373 prophetam,
3083 2313 3141 2361 et
3188 2305 3508 2375 Apostolum

1928 2393 2390 2463 interpretantes,
2443 2393 2713 2464 prolixius
2769 2393 2839 2449 de
2875 2394 2998 2465 ejus
3045 2395 3287 2450 adventu
3335 2395 3507 2451 locuti

1927 2499 2138 2550 sumus,
2190 2491 2248 2539 et
2296 2480 2456 2540 facile
2489 2493 2574 2540 est
2622 2486 3056 2541 commentarios
3082 2485 3209 2541 illos
3239 2485 3413 2551 adire,
3461 2484 3505 2540 si

1927 2575 2053 2646 quis
2068 2576 2238 2640 volet,
2272 2575 2330 2630 in
2351 2576 2531 2645 iisque
2562 2577 2829 2646 reperire,
2862 2576 2909 2631 si
2939 2575 3071 2647 quid
3096 2576 3203 2631 hoc
3227 2576 3351 2632 loco
3374 2590 3513 2647 pras-

1928 2666 2284 2722 termisimus.
2316 2684 2337 2718 ι
2386 2665 2636 2722 Alterum
2667 2681 2808 2735 opus
2848 2665 2916 2721 ad
2962 2681 3167 2721 annum
3218 2664 3346 2728 429,
3376 2667 3511 2721 alte-

1927 2770 2051 2809 rum
2084 2754 2151 2809 ad
2176 2769 2382 2811 annum
2425 2755 2532 2810 455
2576 2755 2839 2826 pertinet.
2870 2755 3106 2826 Scripsit
3155 2755 3326 2826 igitur
3378 2766 3504 2827 post

1925 2865 2130 2905 annum
2161 2850 2287 2905 435.

1996 2942 2087 2997 lli.
2137 2942 2258 2997 Non
2316 2942 2537 3012 scripsit
2585 2949 2712 2997 ante
2763 2942 2891 2996 anni
2923 2941 3028 2997 449
3070 2940 3509 2997 ﬁnemznullam

1927 3034 2073 3089 enim
2113 3034 2169 3087 in
2192 3033 2399 3088 litteris
2426 3033 2495 3088 ad
2520 3042 2771 3089 sanctum
2798 3034 3039 3089 Leonem
3075 3033 3143 3087 de
3172 3032 3329 3087 libris
3358 3031 3508 3086 hisce

1934 3124 2271 3180 mentionem
2310 3124 2459 3189 facit,
2482 3123 2729 3178 facturus
2752 3126 2961 3192 utique,
2988 3121 3035 3176 si
3055 3120 3346 3190 compositi
3379 3128 3512 3174 tunc

1932 3215 2202 3281 fuissent;
2232 3215 2503 3284 siquidem
2542 3214 2598 3267 in
2648 3214 2844 3284 quinto
2889 3212 3236 3283 apertissime
3275 3209 3502 3266 catholi-

1933 3321 2052 3361 cam
2073 3306 2141 3360 de
2164 3304 2542 3360 incarnatione
2562 3303 2726 3359 ﬁdem
2752 3302 3061 3374 profitetur,
3089 3310 3152 3357 ut
3169 3316 3295 3356 mox
3318 3315 3512 3355 sumus

1932 3395 2235 3453 ostensuri.

2004 3488 2238 3558 Scripsit
2256 3495 2380 3558 post
2391 3487 2750 3557 compositam
2763 3484 3170 3540 ecclesiasticam
3192 3483 3507 3545 Historiam,

1931 3596 2056 3635 nam
2097 3579 2196 3635 lib.
2228 3595 2302 3645 iv,
2335 3593 2455 3649 cap.
2486 3579 2538 3643 l,
2559 3592 2685 3632 cum
2713 3577 2783 3633 de
2807 3575 2940 3632 Ario
2965 3574 3257 3638 scriberet,
3282 3574 3509 3644 ejusque

1933 3683 2165 3727 mortem
2202 3670 2444 3725 breviter
2468 3678 2725 3725 narraret
2750 3686 2765 3735 ;
2802 3686 2820 3720 ι
2860 3667 2966 3724 Sed
2992 3682 3119 3722 cuni
3143 3666 3279 3730 haec,
3308 3664 3503 3735 inquit.

1936 3766 1992 3821 in
2017 3764 2368 3819 ecclesiastica
2395 3762 2635 3817 Historia
2659 3760 2880 3830 copiose
2933 3757 3373 3827 conscripserim,
3414 3770 3510 3811 su»

1933 3868 2337 3926 pervacaneum
2365 3859 2499 3922 puto
2534 3852 2625 3906 hic
2658 3851 2862 3906 dicere.
2905 3868 2923 3899 ι
2964 3849 3031 3904 Et
3070 3863 3190 3918 cap.
3213 3849 3269 3913 2,
3299 3847 3399 3903 ubi
3439 3846 3511 3901 de

1932 3947 2182 4002 Eudoxio
2204 3959 2385 4000 sermo
2422 3952 2544 3998 est:
2584 3940 2829 3997 illorum
2864 3939 3111 3995 omnium
3137 3939 3191 3994 in
3228 3951 3396 4009 opere
3415 3937 3510 3992 illo

1933 4036 2179 4092 memini.
2219 4054 2238 4087 ι
2268 4034 2501 4105 Scripsit
2520 4047 2655 4104 ergo
2676 4041 2799 4102 post
2819 4047 3027 4086 annum
3057 4030 3188 4085 450.

2002 4130 2089 4185 IV.
2115 4129 2235 4184 Non
2277 4126 2500 4198 scripsit
2548 4133 2676 4180 ante
2714 4124 3009 4180 concilium
3037 4122 3506 4183 Chalcedoneuse.

1933 4224 1979 4278 si
2003 4221 2186 4293 quarti
2232 4220 2361 4275 libri
2406 4227 2574 4289 caput
2607 4218 2883 4281 ultimum,
2909 4216 3055 4287 quod
3109 4215 3178 4270 ad
3224 4215 3507 4287 Eutychen

1934 4316 2195 4385 pertinet,
2231 4311 2646 4383 supposititium
2678 4325 2787 4364 non
2811 4318 2930 4364 est:
2968 4308 3034 4363 lis
3062 4306 3210 4362 enim
3241 4306 3370 4361 inde
3396 4311 3508 4360 tota

269 4397 395 4454 facta
415 4401 849 4471 conspiratione,
902 4401 1248 4471 impugnasse
1279 4403 1572 4457 nonnullas
1609 4411 1828 4458 senten-
1861 4429 1903 4483 ι)
1935 4404 2093 4459 facile
2126 4403 2428 4459 deciditur.
2492 4401 2628 4456 Nam
2665 4398 3048 4454 Theod‘oretus
3086 4397 3142 4451 in
3187 4395 3509 4450 Pricfatione

270 4489 380 4556 tias,
406 4492 609 4561 quibus
656 4492 948 4558 Catholici,
1000 4502 1055 4547 et
1116 4493 1422 4563 praesertim
1474 4492 1730 4564 Cyrillus,
1770 4494 1825 4548 in

270 4581 470 4650 negotio
499 4583 900 4639 incarnationis
930 4584 998 4638 ad
1025 4595 1262 4640 mentem
1297 4600 1449 4639 suam
1474 4585 1824 4654 aperiendam

271 4672 341 4725 usi
366 4684 567 4729 essent.

329 4764 650 4836 Priusquam
675 4766 979 4835 imponitur
1014 4765 1140 4820 ﬁnis
1186 4767 1273 4821 his
1323 4766 1825 4830 observationibus,

271 4857 537 4912 tractanda
560 4867 645 4912 est
669 4873 836 4913 causa
884 4859 1081 4928 nuperi
1121 4860 1352 4915 editoris
1381 4860 1623 4930 Operum
1651 4859 1826 4913 sancti

273 4942 470 5012 Leonis,
499 4948 596 5018 qui
641 4950 898 5019 opinatus
942 4958 1028 5005 est
1056 4952 1347 5006 Eranisten
1395 4967 1426 5006 a
1478 4951 1826 5005 Theodoreto

273 5037 516 5107 scriptum
550 5049 676 5111 post
731 5042 1027 5096 concilium
1060 5041 1532 5108 Chalcedonense,
1583 5041 1688 5096 hoc
1721 5050 1826 5104 est,

274 5136 376 5191 post
397 5145 600 5184 annum
638 5130 777 5197 451;
803 5147 910 5201 qua
934 5131 987 5187 in
1011 5132 1270 5203 opinione
1294 5142 1516 5187 secutus
1537 5141 1622 5185 est
1641 5133 1830 5186 Alber-

1934 4496 2104 4550 totius
2128 4495 2314 4566 operis
2341 4491 2595 4565 spondet,
2625 4506 2684 4545 se
2725 4509 2742 4542 ι
2795 4489 2853 4543 in
2898 4496 3098 4559 quarto
3150 4487 3294 4541 libro
3319 4499 3511 4540 recen-

1935 4589 2103 4643 tiores
2124 4587 2364 4642 bzerescs
2390 4586 2891 4639 demonstraturum
2918 4578 3034 4634 Arii
3071 4585 3126 4632 et
3152 4575 3429 4640 Eunomii,
3452 4584 3509 4631 et

1935 4688 2208 4751 quotquot
2242 4686 2365 4749 post
2390 4677 2511 4731 illas
2544 4679 2915 4736 emerserunt,
2945 4685 3121 4739 usque
3153 4668 3220 4722 ad
3260 4666 3506 4722 ultimam

1937 4772 2098 4837 lianc,
2123 4784 2290 4839 Quam
2316 4767 2584 4823 Dominus
2634 4763 2931 4830 derepente
2959 4758 3216 4813 funditus
3237 4757 3509 4829 exstirpa-

1936 4862 2033 4915 vit.
2068 4879 2086 4911 ι
2114 4860 2329 4926 Quibus
2349 4856 2538 4913 verbis
2559 4854 2737 4909 videri
2769 4860 2953 4922 potest
2981 4849 3252 4904 indicasse
3277 4849 3507 4904 bmresin

1937 4949 2351 5020 Eutychianam,
2374 4960 2538 5016 quam
2566 4942 2811 4997 ultimam
2846 4941 3092 4995 omnium
3119 4939 3279 4994 initio
3315 4940 3509 5010 capitis

1936 5040 2133 5095 decimi
2159 5040 2305 5095 tertii
2340 5037 2589 5093 nominat
2612 5037 2681 5099 ",
2717 5048 2991 5104 quamque
3027 5032 3247 5104 passim
3280 5031 3342 5085 iu
3387 5033 3509 5100 epi-

1936 5131 2091 5186 stolis
2108 5145 2301 5184 novam
2321 5124 2555 5183 haeresin
2570 5130 2866 5190 vocat,nec
2882 5122 2989 5178 alio
3011 5121 3231 5178 nomine
3252 5119 3506 5190 appellat.

1598 5307 1917 5364 SCllULle
1956 5306 2187 5362 NOTE.

321 5447 358 5519 ‘A"
383 5448 501 5505 Vid.
527 5462 725 5517 supra,
745 5444 950 5519 p._i69._
981 5446 1161 5519 “_V'id.
1185 5456 1222 5500 t.
1242 5447 1328 5519 iV,
1354 5463 1409 5519 p.
1434 5448 1519 5500 48.
1564 5446 2094 5519 f‘iV’itheodorcti
2121 5442 2601 5519 Brmfatdeant.
2619 5440 2855 5519 cantio,
2880 5447 3139 5519 etsupra,
3159 5451 3212 5519 p.
3232 5434 3334 5519 269‘
3356 5449 3507 5519 seqq.

478 5507 763 5594 sequente:
796 5515 1134 5594 Ambiguitas
1158 5507 1330 5594 cst_i_u_
1352 5507 1438 5571 bis
1469 5516 1672 5594 verbis,
1715 5517 1990 5594 siquidem
2020 5515 2230 5594 in_edit.
2261 5514 2434 5594 priori
2468 5512 2553 5594 bis
2578 5507 3279 5594 pbsitusﬂesttit‘ulusdiss:
3294 5507 3509 5594 tertiam

259 5586 366 5645 Vide
393 5583 584 5646 autem
634 5587 789 5640 illam
818 5601 938 5655 qua:
966 5583 1040 5640 in.
1062 5586 1163 5640 hac
1200 5587 1443 5641 editione
1470 5589 1688 5640 nomine
1717 5583 2120 5641 dissertationis
2154 5583 2328 5638 tertia:
2364 5583 2706 5655 inscribitur.

2788 5577 2831 5610 ’δ
2860 5577 3173 5632 Harduinus
3212 5573 3318 5626 hoc
3351 5573 3510 5628 scho~

254 5643 359 5715 lion
392 5643 662 5727 subjecit.
744 5658 793 5688 ”
824 5643 945 5711 Vid.
984 5657 1146 5712 etiam
1187 5673 1373 5727 supra,
1408 5674 1462 5727 ρ.
1516 5658 1641 5723 256,
1672 5657 1844 5711 schol.
1877 5658 1928 5713 5.
2007 5659 2050 5689 ⁵⁵
2086 5655 2229 5712 Edil.
2266 5655 2418 5724 prior
2454 5653 2691 5707 habebat
2739 5648 3048 5703 duodecimi.
3102 5645 3358 5698 Errorcm
3400 5643 3510 5715 jam

252 5730 367 5788 vidit
394 5730 686 5790 Oudinus.
