  <div class='ocr_page' id='page_1' title='image "/cluster/home/n/w/nwhite01/storage/ocr_20150623/84 pt.5/mdp.39015010572884/180.png"; bbox 0 0 3926 6216; ppageno 0'>
   <div class='ocr_carea' id='block_1_1' title="bbox 250 296 354 360">
    <p class='ocr_par' dir='ltr' id='par_1_1' title="bbox 250 296 354 360">
     <span class='ocr_line' id='line_1_1' title="bbox 250 296 354 360; baseline 0 -3"><span class='ocrx_word' id='word_1_1' title='bbox 250 296 354 360; x_wconf 69' lang='grc'>345</span> 
     </span>
    </p>
   </div>
   <div class='ocr_carea' id='block_1_2' title="bbox 1404 254 2359 361">
    <p class='ocr_par' dir='ltr' id='par_1_2' title="bbox 1404 254 2359 361">
     <span class='ocr_line' id='line_1_2' title="bbox 1404 254 2359 361; baseline 0.001 -3"><span class='ocrx_word' id='word_1_2' title='bbox 1404 254 1515 359; x_wconf 76' lang='lat' dir='ltr'><strong>nu</strong></span> <span class='ocrx_word' id='word_1_3' title='bbox 1556 301 1810 361; x_wconf 81' lang='lat' dir='ltr'><strong>LIBRIS</strong></span> <span class='ocrx_word' id='word_1_4' title='bbox 1846 300 2359 361; x_wconf 78' lang='lat' dir='ltr'><strong>THEODORETI.</strong></span> 
     </span>
    </p>
   </div>
   <div class='ocr_carea' id='block_1_3' title="bbox 3401 300 3507 366">
    <p class='ocr_par' dir='ltr' id='par_1_3' title="bbox 3401 300 3507 366">
     <span class='ocr_line' id='line_1_3' title="bbox 3401 300 3507 366; baseline 0 0"><span class='ocrx_word' id='word_1_5' title='bbox 3401 300 3507 366; x_wconf 71' lang='grc'><strong>346</strong></span> 
     </span>
    </p>
   </div>
   <div class='ocr_carea' id='block_1_4' title="bbox 256 402 3504 481">
    <p class='ocr_par' dir='ltr' id='par_1_4' title="bbox 256 402 3504 481">
     <span class='ocr_line' id='line_1_4' title="bbox 256 402 3504 481; baseline 0.002 -23"><span class='ocrx_word' id='word_1_6' title='bbox 256 415 369 467; x_wconf 79' lang='lat' dir='ltr'><strong>net,</strong></span> <span class='ocrx_word' id='word_1_7' title='bbox 426 402 782 475; x_wconf 83' lang='lat' dir='ltr'><strong>disceptanda</strong></span> <span class='ocrx_word' id='word_1_8' title='bbox 821 402 1142 476; x_wconf 85' lang='lat' dir='ltr'><strong>diligentius</strong></span> <span class='ocrx_word' id='word_1_9' title='bbox 1193 407 1251 462; x_wconf 91' lang='lat' dir='ltr'><strong>in</strong></span> <span class='ocrx_word' id='word_1_10' title='bbox 1305 407 1698 467; x_wconf 74' lang='lat' dir='ltr'><strong>dissertatione</strong></span> <span class='ocrx_word' id='word_1_11' title='bbox 1752 411 1820 465; x_wconf 92' lang='lat' dir='ltr'><strong>de</strong></span> <span class='ocrx_word' id='word_1_12' title='bbox 1850 414 1895 471; x_wconf 78' lang='grc' dir='ltr'><strong>Α</strong></span> <span class='ocrx_word' id='word_1_13' title='bbox 1926 420 1987 464; x_wconf 82' lang='grc' dir='ltr'><strong>ιιι</strong></span> <span class='ocrx_word' id='word_1_14' title='bbox 2020 426 2087 465; x_wconf 78' lang='lat' dir='ltr'><strong>ex</strong></span> <span class='ocrx_word' id='word_1_15' title='bbox 2119 410 2285 466; x_wconf 88' lang='lat' dir='ltr'><strong>allato</strong></span> <span class='ocrx_word' id='word_1_16' title='bbox 2314 409 2628 466; x_wconf 91' lang='lat' dir='ltr'><strong>testimonio</strong></span> <span class='ocrx_word' id='word_1_17' title='bbox 2666 418 2898 466; x_wconf 91' lang='lat' dir='ltr'><strong>constat.</strong></span> <span class='ocrx_word' id='word_1_18' title='bbox 2949 410 3095 481; x_wconf 83' lang='lat' dir='ltr'><strong>Ergo</strong></span> <span class='ocrx_word' id='word_1_19' title='bbox 3136 420 3264 466; x_wconf 90' lang='lat' dir='ltr'><strong>ante</strong></span> <span class='ocrx_word' id='word_1_20' title='bbox 3299 428 3504 466; x_wconf 89' lang='lat' dir='ltr'><strong>annum</strong></span> 
     </span>
    </p>
   </div>
   <div class='ocr_carea' id='block_1_5' title="bbox 258 496 589 567">
    <p class='ocr_par' dir='ltr' id='par_1_5' title="bbox 258 496 589 567">
     <span class='ocr_line' id='line_1_5' title="bbox 258 496 589 567; baseline -0.006 -16"><span class='ocrx_word' id='word_1_21' title='bbox 258 496 432 567; x_wconf 84' lang='lat' dir='ltr'><strong>ipsius</strong></span> <span class='ocrx_word' id='word_1_22' title='bbox 460 496 589 550; x_wconf 82' lang='lat' dir='ltr'><strong>fide.</strong></span> 
     </span>
    </p>
   </div>
   <div class='ocr_carea' id='block_1_6' title="bbox 325 585 1828 661">
    <p class='ocr_par' dir='ltr' id='par_1_6' title="bbox 325 585 1828 661">
     <span class='ocr_line' id='line_1_6' title="bbox 325 585 1828 661; baseline 0.003 -20"><span class='ocrx_word' id='word_1_23' title='bbox 325 586 467 641; x_wconf 82' lang='lat' dir='ltr'><strong>XIII.</strong></span> <span class='ocrx_word' id='word_1_24' title='bbox 515 585 622 642; x_wconf 88' lang='lat' dir='ltr'><strong>Sed</strong></span> <span class='ocrx_word' id='word_1_25' title='bbox 651 603 751 642; x_wconf 91' lang='lat' dir='ltr'><strong>cur</strong></span> <span class='ocrx_word' id='word_1_26' title='bbox 773 588 940 644; x_wconf 87' lang='lat' dir='ltr'><strong>etiam</strong></span> <span class='ocrx_word' id='word_1_27' title='bbox 972 589 1355 645; x_wconf 86' lang='lat' dir='ltr'><strong>Theodoretus</strong></span> <span class='ocrx_word' id='word_1_28' title='bbox 1386 591 1443 645; x_wconf 91' lang='lat' dir='ltr'><strong>in</strong></span> <span class='ocrx_word' id='word_1_29' title='bbox 1486 606 1653 661; x_wconf 90' lang='lat' dir='ltr'><strong>opere</strong></span> <span class='ocrx_word' id='word_1_30' title='bbox 1712 598 1828 647; x_wconf 88' lang='lat' dir='ltr'><strong>toto</strong></span> 
     </span>
    </p>
   </div>
   <div class='ocr_carea' id='block_1_7' title="bbox 260 672 1824 751">
    <p class='ocr_par' dir='ltr' id='par_1_7' title="bbox 260 672 1824 751">
     <span class='ocr_line' id='line_1_7' title="bbox 260 672 1824 751; baseline 0.004 -24"><span class='ocrx_word' id='word_1_31' title='bbox 260 689 437 744; x_wconf 86' lang='lat' dir='ltr'><strong>neque</strong></span> <span class='ocrx_word' id='word_1_32' title='bbox 488 672 743 745; x_wconf 84' lang='lat' dir='ltr'><strong>Origeuis</strong></span> <span class='ocrx_word' id='word_1_33' title='bbox 786 677 1058 744; x_wconf 94' lang='lat' dir='ltr'><strong>meminit,</strong></span> <span class='ocrx_word' id='word_1_34' title='bbox 1122 694 1301 749; x_wconf 90' lang='lat' dir='ltr'><strong>neque</strong></span> <span class='ocrx_word' id='word_1_35' title='bbox 1370 678 1824 751; x_wconf 88' lang='lat' dir='ltr'><strong>Origenistarum,</strong></span> 
     </span>
    </p>
   </div>
   <div class='ocr_carea' id='block_1_8' title="bbox 262 769 1828 841">
    <p class='ocr_par' dir='ltr' id='par_1_8' title="bbox 262 769 1828 841">
     <span class='ocr_line' id='line_1_8' title="bbox 262 769 1828 841; baseline 0.004 -20"><span class='ocrx_word' id='word_1_36' title='bbox 262 781 493 837; x_wconf 86' lang='lat' dir='ltr'><strong>quorum</strong></span> <span class='ocrx_word' id='word_1_37' title='bbox 518 775 701 821; x_wconf 88' lang='lat' dir='ltr'><strong>tamen</strong></span> <span class='ocrx_word' id='word_1_38' title='bbox 723 769 933 823; x_wconf 82' lang='lat' dir='ltr'><strong>sciebat</strong></span> <span class='ocrx_word' id='word_1_39' title='bbox 950 785 1169 825; x_wconf 89' lang='lat' dir='ltr'><strong>errores</strong></span> <span class='ocrx_word' id='word_1_40' title='bbox 1189 786 1219 825; x_wconf 92' lang='lat' dir='ltr'><strong>a</strong></span> <span class='ocrx_word' id='word_1_41' title='bbox 1244 770 1552 841; x_wconf 90' lang='lat' dir='ltr'><strong>Theophilo</strong></span> <span class='ocrx_word' id='word_1_42' title='bbox 1585 772 1828 827; x_wconf 77' lang='lat' dir='ltr'><strong>Alexan-</strong></span> 
     </span>
    </p>
   </div>
   <div class='ocr_carea' id='block_1_9' title="bbox 269 855 1832 928">
    <p class='ocr_par' dir='ltr' id='par_1_9' title="bbox 269 855 1832 928">
     <span class='ocr_line' id='line_1_9' title="bbox 269 855 1832 928; baseline 0.004 -19"><span class='ocrx_word' id='word_1_43' title='bbox 269 855 447 919; x_wconf 89' lang='lat' dir='ltr'><strong>drino,</strong></span> <span class='ocrx_word' id='word_1_44' title='bbox 467 856 525 911; x_wconf 91' lang='lat' dir='ltr'><strong>in</strong></span> <span class='ocrx_word' id='word_1_45' title='bbox 548 855 793 912; x_wconf 90' lang='lat' dir='ltr'><strong>homiliis</strong></span> <span class='ocrx_word' id='word_1_46' title='bbox 828 858 1209 928; x_wconf 83' lang='lat' dir='ltr'><strong>paschalibus;</strong></span> <span class='ocrx_word' id='word_1_47' title='bbox 1247 859 1316 914; x_wconf 90' lang='lat' dir='ltr'><strong>ab</strong></span> <span class='ocrx_word' id='word_1_48' title='bbox 1340 860 1648 924; x_wconf 82' lang='lat' dir='ltr'><strong>Anastasio,</strong></span> <span class='ocrx_word' id='word_1_49' title='bbox 1681 876 1832 916; x_wconf 91' lang='lat' dir='ltr'><strong>sum-</strong></span> 
     </span>
    </p>
   </div>
   <div class='ocr_carea' id='block_1_10' title="bbox 269 946 1830 1019">
    <p class='ocr_par' dir='ltr' id='par_1_10' title="bbox 269 946 1830 1019">
     <span class='ocr_line' id='line_1_10' title="bbox 269 946 1830 1019; baseline 0.003 -17"><span class='ocrx_word' id='word_1_50' title='bbox 269 964 355 1002; x_wconf 89' lang='lat' dir='ltr'><strong>mo</strong></span> <span class='ocrx_word' id='word_1_51' title='bbox 379 946 659 1017; x_wconf 81' lang='lat' dir='ltr'><strong>pontiﬁce,</strong></span> <span class='ocrx_word' id='word_1_52' title='bbox 695 948 754 1002; x_wconf 91' lang='lat' dir='ltr'><strong>in</strong></span> <span class='ocrx_word' id='word_1_53' title='bbox 806 949 1008 1004; x_wconf 84' lang='lat' dir='ltr'><strong>litteris</strong></span> <span class='ocrx_word' id='word_1_54' title='bbox 1054 949 1122 1004; x_wconf 90' lang='lat' dir='ltr'><strong>ad</strong></span> <span class='ocrx_word' id='word_1_55' title='bbox 1160 949 1442 1006; x_wconf 87' lang='lat' dir='ltr'><strong>Orientem</strong></span> <span class='ocrx_word' id='word_1_56' title='bbox 1502 951 1718 1019; x_wconf 87' lang='lat' dir='ltr'><strong>missis;</strong></span> <span class='ocrx_word' id='word_1_57' title='bbox 1760 951 1830 1006; x_wconf 89' lang='lat' dir='ltr'><strong>ab</strong></span> 
     </span>
    </p>
   </div>
   <div class='ocr_carea' id='block_1_11' title="bbox 268 1038 1833 1109">
    <p class='ocr_par' dir='ltr' id='par_1_11' title="bbox 268 1038 1833 1109">
     <span class='ocr_line' id='line_1_11' title="bbox 268 1038 1833 1109; baseline 0.001 -15"><span class='ocrx_word' id='word_1_58' title='bbox 268 1038 710 1109; x_wconf 88' lang='lat' dir='ltr'><strong>imperatoribus,</strong></span> <span class='ocrx_word' id='word_1_59' title='bbox 743 1038 803 1093; x_wconf 91' lang='lat' dir='ltr'><strong>in</strong></span> <span class='ocrx_word' id='word_1_60' title='bbox 823 1039 1019 1095; x_wconf 86' lang='lat' dir='ltr'><strong>edictis</strong></span> <span class='ocrx_word' id='word_1_61' title='bbox 1043 1055 1142 1109; x_wconf 90' lang='lat' dir='ltr'><strong>per</strong></span> <span class='ocrx_word' id='word_1_62' title='bbox 1172 1047 1345 1095; x_wconf 90' lang='lat' dir='ltr'><strong>totum</strong></span> <span class='ocrx_word' id='word_1_63' title='bbox 1382 1041 1686 1096; x_wconf 84' lang='lat' dir='ltr'><strong>Romanum</strong></span> <span class='ocrx_word' id='word_1_64' title='bbox 1730 1041 1833 1097; x_wconf 86' lang='lat' dir='ltr'><strong>im-</strong></span> 
     </span>
    </p>
   </div>
   <div class='ocr_carea' id='block_1_12' title="bbox 268 1128 1830 1201">
    <p class='ocr_par' dir='ltr' id='par_1_12' title="bbox 268 1128 1830 1201">
     <span class='ocr_line' id='line_1_12' title="bbox 268 1128 1830 1201; baseline 0.003 -20"><span class='ocrx_word' id='word_1_65' title='bbox 268 1128 474 1197; x_wconf 85' lang='lat' dir='ltr'><strong>perium</strong></span> <span class='ocrx_word' id='word_1_66' title='bbox 498 1128 825 1199; x_wconf 86' lang='lat' dir='ltr'><strong>propositis,</strong></span> <span class='ocrx_word' id='word_1_67' title='bbox 887 1144 1008 1184; x_wconf 90' lang='lat' dir='ltr'><strong>esse</strong></span> <span class='ocrx_word' id='word_1_68' title='bbox 1038 1130 1414 1201; x_wconf 82' lang='lat' dir='ltr'><strong>proscriptos?</strong></span> <span class='ocrx_word' id='word_1_69' title='bbox 1452 1132 1655 1186; x_wconf 90' lang='lat' dir='ltr'><strong>Verum</strong></span> <span class='ocrx_word' id='word_1_70' title='bbox 1693 1131 1830 1186; x_wconf 86' lang='lat' dir='ltr'><strong>nihil</strong></span> 
     </span>
    </p>
   </div>
   <div class='ocr_carea' id='block_1_13' title="bbox 271 1219 1832 1292">
    <p class='ocr_par' dir='ltr' id='par_1_13' title="bbox 271 1219 1832 1292">
     <span class='ocr_line' id='line_1_13' title="bbox 271 1219 1832 1292; baseline 0.002 -18"><span class='ocrx_word' id='word_1_71' title='bbox 271 1219 502 1282; x_wconf 88' lang='lat' dir='ltr'><strong>illorum,</strong></span> <span class='ocrx_word' id='word_1_72' title='bbox 540 1219 685 1275; x_wconf 84' lang='lat' dir='ltr'><strong>sicut</strong></span> <span class='ocrx_word' id='word_1_73' title='bbox 717 1228 773 1275; x_wconf 92' lang='lat' dir='ltr'><strong>et</strong></span> <span class='ocrx_word' id='word_1_74' title='bbox 794 1220 1235 1291; x_wconf 80' lang='lat' dir='ltr'><strong>Pelagianorum,</strong></span> <span class='ocrx_word' id='word_1_75' title='bbox 1280 1221 1594 1277; x_wconf 87' lang='lat' dir='ltr'><strong>meminisse</strong></span> <span class='ocrx_word' id='word_1_76' title='bbox 1628 1221 1832 1292; x_wconf 89' lang='lat' dir='ltr'><strong>prode—</strong></span> 
     </span>
    </p>
   </div>
   <div class='ocr_carea' id='block_1_14' title="bbox 272 1309 1834 1382">
    <p class='ocr_par' dir='ltr' id='par_1_14' title="bbox 272 1309 1834 1382">
     <span class='ocr_line' id='line_1_14' title="bbox 272 1309 1834 1382; baseline 0.003 -19"><span class='ocrx_word' id='word_1_77' title='bbox 272 1319 350 1364; x_wconf 87' lang='lat' dir='ltr'><strong>rat</strong></span> <span class='ocrx_word' id='word_1_78' title='bbox 387 1309 455 1364; x_wconf 84' lang='lat' dir='ltr'><strong>ad</strong></span> <span class='ocrx_word' id='word_1_79' title='bbox 490 1310 829 1374; x_wconf 83' lang='lat' dir='ltr'><strong>institutum,</strong></span> <span class='ocrx_word' id='word_1_80' title='bbox 863 1310 1009 1381; x_wconf 90' lang='lat' dir='ltr'><strong>quod</strong></span> <span class='ocrx_word' id='word_1_81' title='bbox 1035 1310 1298 1376; x_wconf 80' lang='lat' dir='ltr'><strong>diximus,</strong></span> <span class='ocrx_word' id='word_1_82' title='bbox 1330 1312 1595 1382; x_wconf 87' lang='lat' dir='ltr'><strong>carpendi</strong></span> <span class='ocrx_word' id='word_1_83' title='bbox 1622 1312 1834 1368; x_wconf 85' lang='lat' dir='ltr'><strong>scilicet</strong></span> 
     </span>
    </p>
   </div>
   <div class='ocr_carea' id='block_1_15' title="bbox 272 1399 1832 1473">
    <p class='ocr_par' dir='ltr' id='par_1_15' title="bbox 272 1399 1832 1473">
     <span class='ocr_line' id='line_1_15' title="bbox 272 1399 1832 1473; baseline 0.001 -19"><span class='ocrx_word' id='word_1_84' title='bbox 272 1399 493 1465; x_wconf 81' lang='lat' dir='ltr'><strong>occulte,</strong></span> <span class='ocrx_word' id='word_1_85' title='bbox 532 1400 676 1454; x_wconf 90' lang='lat' dir='ltr'><strong>etin</strong></span> <span class='ocrx_word' id='word_1_86' title='bbox 706 1400 973 1457; x_wconf 79' lang='lat' dir='ltr'><strong>invidiam</strong></span> <span class='ocrx_word' id='word_1_87' title='bbox 1010 1401 1248 1456; x_wconf 81' lang='lat' dir='ltr'><strong>vocandi</strong></span> <span class='ocrx_word' id='word_1_88' title='bbox 1292 1401 1588 1473; x_wconf 82' lang='lat' dir='ltr'><strong>Cyrilliana</strong></span> <span class='ocrx_word' id='word_1_89' title='bbox 1629 1402 1832 1472; x_wconf 84' lang='lat' dir='ltr'><strong>capita,</strong></span> 
     </span>
    </p>
   </div>
   <div class='ocr_carea' id='block_1_16' title="bbox 276 1490 1828 1562">
    <p class='ocr_par' dir='ltr' id='par_1_16' title="bbox 276 1490 1828 1562">
     <span class='ocr_line' id='line_1_16' title="bbox 276 1490 1828 1562; baseline 0.003 -20"><span class='ocrx_word' id='word_1_90' title='bbox 276 1498 539 1560; x_wconf 83' lang='lat' dir='ltr'><strong>tutamque</strong></span> <span class='ocrx_word' id='word_1_91' title='bbox 563 1490 628 1544; x_wconf 83' lang='lat' dir='ltr'><strong>de</strong></span> <span class='ocrx_word' id='word_1_92' title='bbox 653 1508 763 1546; x_wconf 81' lang='lat' dir='ltr'><strong>una</strong></span> <span class='ocrx_word' id='word_1_93' title='bbox 787 1500 903 1562; x_wconf 79' lang='lat' dir='ltr'><strong>post</strong></span> <span class='ocrx_word' id='word_1_94' title='bbox 927 1493 1218 1547; x_wconf 84' lang='lat' dir='ltr'><strong>unitionem</strong></span> <span class='ocrx_word' id='word_1_95' title='bbox 1240 1501 1436 1547; x_wconf 83' lang='lat' dir='ltr'><strong>natura</strong></span> <span class='ocrx_word' id='word_1_96' title='bbox 1458 1494 1790 1549; x_wconf 86' lang='lat' dir='ltr'><strong>sententiam</strong></span> <span class='ocrx_word' id='word_1_97' title='bbox 1813 1508 1828 1546; x_wconf 88' lang='lat'><strong>:</strong></span> 
     </span>
    </p>
   </div>
   <div class='ocr_carea' id='block_1_17' title="bbox 275 1582 1834 1656">
    <p class='ocr_par' dir='ltr' id='par_1_17' title="bbox 275 1582 1834 1656">
     <span class='ocr_line' id='line_1_17' title="bbox 275 1582 1834 1656; baseline 0.003 -21"><span class='ocrx_word' id='word_1_98' title='bbox 275 1583 419 1652; x_wconf 80' lang='lat' dir='ltr'><strong>cujus</strong></span> <span class='ocrx_word' id='word_1_99' title='bbox 459 1582 756 1637; x_wconf 62' lang='lat' dir='ltr'><strong>sententia</strong></span> <span class='ocrx_word' id='word_1_100' title='bbox 794 1582 934 1637; x_wconf 90' lang='lat' dir='ltr'><strong>duas</strong></span> <span class='ocrx_word' id='word_1_101' title='bbox 962 1593 1151 1654; x_wconf 85' lang='lat' dir='ltr'><strong>partes</strong></span> <span class='ocrx_word' id='word_1_102' title='bbox 1203 1584 1516 1641; x_wconf 87' lang='lat' dir='ltr'><strong>discernere</strong></span> <span class='ocrx_word' id='word_1_103' title='bbox 1551 1601 1834 1656; x_wconf 88' lang='lat' dir='ltr'><strong>nunquam</strong></span> 
     </span>
    </p>
   </div>
   <div class='ocr_carea' id='block_1_18' title="bbox 274 1672 1828 1748">
    <p class='ocr_par' dir='ltr' id='par_1_18' title="bbox 274 1672 1828 1748">
     <span class='ocr_line' id='line_1_18' title="bbox 274 1672 1828 1748; baseline 0.005 -23"><span class='ocrx_word' id='word_1_104' title='bbox 274 1672 341 1727; x_wconf 85' lang='lat' dir='ltr'><strong>ita</strong></span> <span class='ocrx_word' id='word_1_105' title='bbox 370 1673 558 1737; x_wconf 84' lang='lat' dir='ltr'><strong>valuit,</strong></span> <span class='ocrx_word' id='word_1_106' title='bbox 590 1681 652 1728; x_wconf 92' lang='lat' dir='ltr'><strong>ut</strong></span> <span class='ocrx_word' id='word_1_107' title='bbox 675 1674 1027 1739; x_wconf 86' lang='lat' dir='ltr'><strong>catholicam,</strong></span> <span class='ocrx_word' id='word_1_108' title='bbox 1056 1691 1178 1746; x_wconf 73' lang='lat' dir='ltr'><strong>quae</strong></span> <span class='ocrx_word' id='word_1_109' title='bbox 1209 1677 1419 1748; x_wconf 81' lang='lat' dir='ltr'><strong>Cyrilli,</strong></span> <span class='ocrx_word' id='word_1_110' title='bbox 1443 1677 1513 1732; x_wconf 90' lang='lat' dir='ltr'><strong>ab</strong></span> <span class='ocrx_word' id='word_1_111' title='bbox 1550 1678 1828 1743; x_wconf 69' lang='lat' dir='ltr'><strong>haaretiea,</strong></span> 
     </span>
    </p>
   </div>
   <div class='ocr_carea' id='block_1_19' title="bbox 272 1763 1722 1840">
    <p class='ocr_par' dir='ltr' id='par_1_19' title="bbox 272 1763 1722 1840">
     <span class='ocr_line' id='line_1_19' title="bbox 272 1763 1722 1840; baseline 0.002 -21"><span class='ocrx_word' id='word_1_112' title='bbox 272 1763 417 1833; x_wconf 78' lang='lat'><strong>397</strong></span> <span class='ocrx_word' id='word_1_113' title='bbox 464 1780 587 1833; x_wconf 74' lang='lat' dir='ltr'><strong>qua:</strong></span> <span class='ocrx_word' id='word_1_114' title='bbox 604 1764 926 1834; x_wconf 77' lang='lat' dir='ltr'><strong>Apollinarii</strong></span> <span class='ocrx_word' id='word_1_115' title='bbox 951 1774 1047 1820; x_wconf 90' lang='lat' dir='ltr'><strong>aut</strong></span> <span class='ocrx_word' id='word_1_116' title='bbox 1080 1766 1364 1838; x_wconf 82' lang='lat' dir='ltr'><strong>Eutychis,</strong></span> <span class='ocrx_word' id='word_1_117' title='bbox 1389 1771 1722 1840; x_wconf 88' lang='lat' dir='ltr'><strong>sejungeret.</strong></span> 
     </span>
    </p>
   </div>
   <div class='ocr_carea' id='block_1_20' title="bbox 332 1855 1833 1932">
    <p class='ocr_par' dir='ltr' id='par_1_20' title="bbox 332 1855 1833 1932">
     <span class='ocr_line' id='line_1_20' title="bbox 332 1855 1833 1932; baseline 0.006 -22"><span class='ocrx_word' id='word_1_118' title='bbox 332 1855 464 1911; x_wconf 74' lang='lat' dir='ltr'><strong>XIV.</strong></span> <span class='ocrx_word' id='word_1_119' title='bbox 491 1855 642 1927; x_wconf 90' lang='lat' dir='ltr'><strong>Opus</strong></span> <span class='ocrx_word' id='word_1_120' title='bbox 664 1857 772 1915; x_wconf 86' lang='lat' dir='ltr'><strong>hoc</strong></span> <span class='ocrx_word' id='word_1_121' title='bbox 791 1874 936 1914; x_wconf 89' lang='lat' dir='ltr'><strong>anno</strong></span> <span class='ocrx_word' id='word_1_122' title='bbox 960 1860 1096 1915; x_wconf 67' lang='grc'><strong>1345</strong></span> <span class='ocrx_word' id='word_1_123' title='bbox 1115 1861 1338 1930; x_wconf 89' lang='lat' dir='ltr'><strong>prodiit,</strong></span> <span class='ocrx_word' id='word_1_124' title='bbox 1366 1863 1603 1932; x_wconf 90' lang='lat' dir='ltr'><strong>primum</strong></span> <span class='ocrx_word' id='word_1_125' title='bbox 1647 1862 1833 1918; x_wconf 65' lang='lat' dir='ltr'><strong>Graece</strong></span> 
     </span>
    </p>
   </div>
   <div class='ocr_carea' id='block_1_21' title="bbox 276 1946 1833 2019">
    <p class='ocr_par' dir='ltr' id='par_1_21' title="bbox 276 1946 1833 2019">
     <span class='ocr_line' id='line_1_21' title="bbox 276 1946 1833 2019; baseline 0.004 -18"><span class='ocrx_word' id='word_1_126' title='bbox 276 1946 449 2001; x_wconf 67' lang='lat' dir='ltr'><strong>Romae</strong></span> <span class='ocrx_word' id='word_1_127' title='bbox 482 1947 788 2017; x_wconf 86' lang='lat' dir='ltr'><strong>Ardingelli</strong></span> <span class='ocrx_word' id='word_1_128' title='bbox 842 1947 1149 2005; x_wconf 88' lang='lat' dir='ltr'><strong>Cardinalis</strong></span> <span class='ocrx_word' id='word_1_129' title='bbox 1178 1965 1345 2019; x_wconf 83' lang='lat' dir='ltr'><strong>cura;</strong></span> <span class='ocrx_word' id='word_1_130' title='bbox 1390 1952 1590 2008; x_wconf 82' lang='lat' dir='ltr'><strong>deinde</strong></span> <span class='ocrx_word' id='word_1_131' title='bbox 1641 1952 1833 2008; x_wconf 88' lang='lat' dir='ltr'><strong>Latine</strong></span> 
     </span>
    </p>
   </div>
   <div class='ocr_carea' id='block_1_22' title="bbox 274 2037 1833 2112">
    <p class='ocr_par' dir='ltr' id='par_1_22' title="bbox 274 2037 1833 2112">
     <span class='ocr_line' id='line_1_22' title="bbox 274 2037 1833 2112; baseline 0.004 -19"><span class='ocrx_word' id='word_1_132' title='bbox 274 2037 527 2093; x_wconf 81' lang='lat' dir='ltr'><strong>Gentiano</strong></span> <span class='ocrx_word' id='word_1_133' title='bbox 569 2038 809 2095; x_wconf 85' lang='lat' dir='ltr'><strong>IIerveto</strong></span> <span class='ocrx_word' id='word_1_134' title='bbox 839 2041 1166 2112; x_wconf 69' lang='lat' dir='ltr'><strong>interprete.</strong></span> <span class='ocrx_word' id='word_1_135' title='bbox 1211 2042 1409 2104; x_wconf 89' lang='lat' dir='ltr'><strong>Latino</strong></span> <span class='ocrx_word' id='word_1_136' title='bbox 1457 2060 1713 2101; x_wconf 87' lang='lat' dir='ltr'><strong>sermone</strong></span> <span class='ocrx_word' id='word_1_137' title='bbox 1746 2047 1833 2100; x_wconf 92' lang='lat' dir='ltr'><strong>in-</strong></span> 
     </span>
    </p>
   </div>
   <div class='ocr_carea' id='block_1_23' title="bbox 278 2133 1834 2209">
    <p class='ocr_par' dir='ltr' id='par_1_23' title="bbox 278 2133 1834 2209">
     <span class='ocr_line' id='line_1_23' title="bbox 278 2133 1834 2209; baseline 0.005 -24"><span class='ocrx_word' id='word_1_138' title='bbox 278 2138 596 2202; x_wconf 85' lang='lat' dir='ltr'><strong>terpretatus</strong></span> <span class='ocrx_word' id='word_1_139' title='bbox 625 2142 711 2187; x_wconf 89' lang='lat' dir='ltr'><strong>est</strong></span> <span class='ocrx_word' id='word_1_140' title='bbox 750 2133 1070 2189; x_wconf 76' lang='lat' dir='ltr'><strong>Victorinus</strong></span> <span class='ocrx_word' id='word_1_141' title='bbox 1098 2133 1413 2207; x_wconf 87' lang='lat' dir='ltr'><strong>Strigelius,</strong></span> <span class='ocrx_word' id='word_1_142' title='bbox 1446 2138 1674 2209; x_wconf 88' lang='lat' dir='ltr'><strong>ejusque</strong></span> <span class='ocrx_word' id='word_1_143' title='bbox 1706 2154 1834 2195; x_wconf 86' lang='lat' dir='ltr'><strong>ver-</strong></span> 
     </span>
    </p>
   </div>
   <div class='ocr_carea' id='block_1_24' title="bbox 279 2222 1835 2300">
    <p class='ocr_par' dir='ltr' id='par_1_24' title="bbox 279 2222 1835 2300">
     <span class='ocr_line' id='line_1_24' title="bbox 279 2222 1835 2300; baseline 0.006 -26"><span class='ocrx_word' id='word_1_144' title='bbox 279 2222 418 2276; x_wconf 79' lang='lat' dir='ltr'><strong>sione</strong></span> <span class='ocrx_word' id='word_1_145' title='bbox 472 2237 606 2278; x_wconf 87' lang='lat' dir='ltr'><strong>usus</strong></span> <span class='ocrx_word' id='word_1_146' title='bbox 656 2232 742 2278; x_wconf 89' lang='lat' dir='ltr'><strong>est</strong></span> <span class='ocrx_word' id='word_1_147' title='bbox 777 2223 992 2279; x_wconf 77' lang='lat' dir='ltr'><strong>Marcus</strong></span> <span class='ocrx_word' id='word_1_148' title='bbox 1050 2225 1370 2283; x_wconf 89' lang='lat' dir='ltr'><strong>Beumlerus</strong></span> <span class='ocrx_word' id='word_1_149' title='bbox 1427 2228 1482 2283; x_wconf 92' lang='lat' dir='ltr'><strong>in</strong></span> <span class='ocrx_word' id='word_1_150' title='bbox 1512 2245 1611 2284; x_wconf 90' lang='lat' dir='ltr'><strong>sua</strong></span> <span class='ocrx_word' id='word_1_151' title='bbox 1662 2229 1835 2300; x_wconf 82' lang='lat' dir='ltr'><strong>logica</strong></span> 
     </span>
    </p>
   </div>
   <div class='ocr_carea' id='block_1_25' title="bbox 280 2312 1837 2390">
    <p class='ocr_par' dir='ltr' id='par_1_25' title="bbox 280 2312 1837 2390">
     <span class='ocr_line' id='line_1_25' title="bbox 280 2312 1837 2390; baseline 0.007 -24"><span class='ocrx_word' id='word_1_152' title='bbox 280 2312 506 2383; x_wconf 75' lang='lat' dir='ltr'><strong>synopsi,</strong></span> <span class='ocrx_word' id='word_1_153' title='bbox 551 2329 661 2384; x_wconf 90' lang='lat' dir='ltr'><strong>qua</strong></span> <span class='ocrx_word' id='word_1_154' title='bbox 701 2315 945 2386; x_wconf 89' lang='lat' dir='ltr'><strong>singulas</strong></span> <span class='ocrx_word' id='word_1_155' title='bbox 996 2317 1160 2372; x_wconf 89' lang='lat' dir='ltr'><strong>trium</strong></span> <span class='ocrx_word' id='word_1_156' title='bbox 1202 2317 1541 2390; x_wconf 76' lang='lat' dir='ltr'><strong>dialogorum</strong></span> <span class='ocrx_word' id='word_1_157' title='bbox 1595 2321 1837 2377; x_wconf 86' lang='lat' dir='ltr'><strong>rationes</strong></span> 
     </span>
    </p>
   </div>
   <div class='ocr_carea' id='block_1_26' title="bbox 278 2401 1836 2479">
    <p class='ocr_par' dir='ltr' id='par_1_26' title="bbox 278 2401 1836 2479">
     <span class='ocr_line' id='line_1_26' title="bbox 278 2401 1836 2479; baseline 0.007 -23"><span class='ocrx_word' id='word_1_158' title='bbox 278 2401 338 2457; x_wconf 87' lang='lat' dir='ltr'><strong>ad</strong></span> <span class='ocrx_word' id='word_1_159' title='bbox 365 2403 591 2457; x_wconf 83' lang='lat' dir='ltr'><strong>formam</strong></span> <span class='ocrx_word' id='word_1_160' title='bbox 615 2405 1008 2477; x_wconf 75' lang='lat' dir='ltr'><strong>syllogisticam</strong></span> <span class='ocrx_word' id='word_1_161' title='bbox 1034 2407 1235 2479; x_wconf 79' lang='lat' dir='ltr'><strong>exegit,</strong></span> <span class='ocrx_word' id='word_1_162' title='bbox 1260 2418 1319 2464; x_wconf 90' lang='lat' dir='ltr'><strong>ut</strong></span> <span class='ocrx_word' id='word_1_163' title='bbox 1345 2425 1534 2465; x_wconf 90' lang='lat' dir='ltr'><strong>earum</strong></span> <span class='ocrx_word' id='word_1_164' title='bbox 1563 2412 1676 2466; x_wconf 85' lang='lat' dir='ltr'><strong>vim</strong></span> <span class='ocrx_word' id='word_1_165' title='bbox 1719 2429 1836 2467; x_wconf 88' lang='lat' dir='ltr'><strong>ma-</strong></span> 
     </span>
    </p>
   </div>
   <div class='ocr_carea' id='block_1_27' title="bbox 279 2496 1839 2574">
    <p class='ocr_par' dir='ltr' id='par_1_27' title="bbox 279 2496 1839 2574">
     <span class='ocr_line' id='line_1_27' title="bbox 279 2496 1839 2574; baseline 0.004 -22"><span class='ocrx_word' id='word_1_166' title='bbox 279 2496 512 2552; x_wconf 85' lang='lat' dir='ltr'><strong>nifestius</strong></span> <span class='ocrx_word' id='word_1_167' title='bbox 554 2498 569 2516; x_wconf 85' lang='lat'>&#39;</span> <span class='ocrx_word' id='word_1_168' title='bbox 599 2497 940 2555; x_wconf 85' lang='lat' dir='ltr'><strong>ostenderet.</strong></span> <span class='ocrx_word' id='word_1_169' title='bbox 968 2497 1125 2555; x_wconf 85' lang='lat' dir='ltr'><strong>Hunc</strong></span> <span class='ocrx_word' id='word_1_170' title='bbox 1172 2501 1419 2558; x_wconf 88' lang='lat' dir='ltr'><strong>laborem</strong></span> <span class='ocrx_word' id='word_1_171' title='bbox 1467 2504 1727 2574; x_wconf 87' lang='lat' dir='ltr'><strong>suscepit,</strong></span> <span class='ocrx_word' id='word_1_172' title='bbox 1778 2513 1839 2558; x_wconf 91' lang='lat' dir='ltr'><strong>ut</strong></span> 
     </span>
    </p>
   </div>
   <div class='ocr_carea' id='block_1_28' title="bbox 280 2587 1837 2664">
    <p class='ocr_par' dir='ltr' id='par_1_28' title="bbox 280 2587 1837 2664">
     <span class='ocr_line' id='line_1_28' title="bbox 280 2587 1837 2664; baseline 0.004 -20"><span class='ocrx_word' id='word_1_173' title='bbox 280 2587 625 2657; x_wconf 83' lang='lat' dir='ltr'><strong>Ubiquitariis</strong></span> <span class='ocrx_word' id='word_1_174' title='bbox 663 2587 896 2657; x_wconf 87' lang='lat' dir='ltr'><strong>aliisque</strong></span> <span class='ocrx_word' id='word_1_175' title='bbox 950 2589 1244 2658; x_wconf 63' lang='lat' dir='ltr'><strong>haereticis,</strong></span> <span class='ocrx_word' id='word_1_176' title='bbox 1294 2592 1651 2664; x_wconf 86' lang='lat' dir='ltr'><strong>Zuinglianus</strong></span> <span class='ocrx_word' id='word_1_177' title='bbox 1720 2594 1837 2664; x_wconf 90' lang='lat' dir='ltr'><strong>ipse</strong></span> 
     </span>
    </p>
   </div>
   <div class='ocr_carea' id='block_1_29' title="bbox 281 2678 1838 2744">
    <p class='ocr_par' dir='ltr' id='par_1_29' title="bbox 281 2678 1838 2744">
     <span class='ocr_line' id='line_1_29' title="bbox 281 2678 1838 2744; baseline 0.005 -13"><span class='ocrx_word' id='word_1_178' title='bbox 281 2679 354 2732; x_wconf 79' lang='lat' dir='ltr'><strong>vel</strong></span> <span class='ocrx_word' id='word_1_179' title='bbox 374 2678 739 2744; x_wconf 86' lang='lat' dir='ltr'><strong>Lutheranus,</strong></span> <span class='ocrx_word' id='word_1_180' title='bbox 762 2678 1172 2737; x_wconf 89' lang='lat' dir='ltr'><strong>Theodoretum</strong></span> <span class='ocrx_word' id='word_1_181' title='bbox 1218 2683 1393 2738; x_wconf 91' lang='lat' dir='ltr'><strong>autin</strong></span> <span class='ocrx_word' id='word_1_182' title='bbox 1418 2699 1578 2739; x_wconf 90' lang='lat' dir='ltr'><strong>suum</strong></span> <span class='ocrx_word' id='word_1_183' title='bbox 1616 2700 1838 2741; x_wconf 88' lang='lat' dir='ltr'><strong>sensum</strong></span> 
     </span>
    </p>
   </div>
   <div class='ocr_carea' id='block_1_30' title="bbox 284 2769 1590 2832">
    <p class='ocr_par' dir='ltr' id='par_1_30' title="bbox 284 2769 1590 2832">
     <span class='ocr_line' id='line_1_30' title="bbox 284 2769 1590 2832; baseline 0.006 -10"><span class='ocrx_word' id='word_1_184' title='bbox 284 2769 612 2826; x_wconf 76' lang='lat' dir='ltr'><strong>trahentibus</strong></span> <span class='ocrx_word' id='word_1_185' title='bbox 653 2780 745 2826; x_wconf 88' lang='lat' dir='ltr'><strong>aut</strong></span> <span class='ocrx_word' id='word_1_186' title='bbox 776 2771 1243 2828; x_wconf 86' lang='lat' dir='ltr'><strong>calumniantibus</strong></span> <span class='ocrx_word' id='word_1_187' title='bbox 1274 2775 1590 2832; x_wconf 87' lang='lat' dir='ltr'><strong>obsisteret.</strong></span> 
     </span>
    </p>
   </div>
   <div class='ocr_carea' id='block_1_31' title="bbox 494 2915 1599 2987">
    <p class='ocr_par' dir='ltr' id='par_1_31' title="bbox 494 2915 1599 2987">
     <span class='ocr_line' id='line_1_31' title="bbox 494 2915 1599 2987; baseline 0.005 -17"><span class='ocrx_word' id='word_1_188' title='bbox 494 2915 520 2987; x_wconf 62' lang='grc' dir='ltr'>ᾗ</span> <span class='ocrx_word' id='word_1_189' title='bbox 545 2918 631 2972; x_wconf 88' lang='lat' dir='ltr'><strong>III.</strong></span> <span class='ocrx_word' id='word_1_190' title='bbox 653 2916 935 2973; x_wconf 77' lang='lat' dir='ltr'><strong>Orationes</strong></span> <span class='ocrx_word' id='word_1_191' title='bbox 963 2920 1137 2973; x_wconf 81' lang='lat' dir='ltr'><strong>decem</strong></span> <span class='ocrx_word' id='word_1_192' title='bbox 1159 2920 1222 2973; x_wconf 85' lang='lat' dir='ltr'><strong>de</strong></span> <span class='ocrx_word' id='word_1_193' title='bbox 1244 2921 1599 2978; x_wconf 77' lang='lat' dir='ltr'><strong>Providentia.</strong></span> 
     </span>
    </p>
   </div>
   <div class='ocr_carea' id='block_1_32' title="bbox 346 3053 1834 3125">
    <p class='ocr_par' dir='ltr' id='par_1_32' title="bbox 346 3053 1834 3125">
     <span class='ocr_line' id='line_1_32' title="bbox 346 3053 1834 3125; baseline 0 -15"><span class='ocrx_word' id='word_1_194' title='bbox 346 3053 386 3110; x_wconf 91' lang='lat' dir='ltr'><strong>l.</strong></span> <span class='ocrx_word' id='word_1_195' title='bbox 418 3055 563 3109; x_wconf 82' lang='lat' dir='ltr'><strong>Nihil</strong></span> <span class='ocrx_word' id='word_1_196' title='bbox 603 3055 709 3111; x_wconf 90' lang='lat' dir='ltr'><strong>hac</strong></span> <span class='ocrx_word' id='word_1_197' title='bbox 750 3056 1191 3121; x_wconf 84' lang='lat' dir='ltr'><strong>elucubratione,</strong></span> <span class='ocrx_word' id='word_1_198' title='bbox 1229 3072 1349 3125; x_wconf 83' lang='lat' dir='ltr'><strong>quae</strong></span> <span class='ocrx_word' id='word_1_199' title='bbox 1393 3054 1584 3112; x_wconf 88' lang='lat' dir='ltr'><strong>decem</strong></span> <span class='ocrx_word' id='word_1_200' title='bbox 1627 3071 1834 3111; x_wconf 81' lang='lat' dir='ltr'><strong>sermo-</strong></span> 
     </span>
    </p>
   </div>
   <div class='ocr_carea' id='block_1_33' title="bbox 285 3145 1835 3218">
    <p class='ocr_par' dir='ltr' id='par_1_33' title="bbox 285 3145 1835 3218">
     <span class='ocr_line' id='line_1_33' title="bbox 285 3145 1835 3218; baseline 0.001 -19"><span class='ocrx_word' id='word_1_201' title='bbox 285 3145 434 3201; x_wconf 88' lang='lat' dir='ltr'><strong>uibus</strong></span> <span class='ocrx_word' id='word_1_202' title='bbox 457 3146 788 3213; x_wconf 82' lang='lat' dir='ltr'><strong>absolvitur,</strong></span> <span class='ocrx_word' id='word_1_203' title='bbox 815 3156 913 3202; x_wconf 92' lang='lat' dir='ltr'><strong>aut</strong></span> <span class='ocrx_word' id='word_1_204' title='bbox 938 3147 1288 3218; x_wconf 84' lang='lat' dir='ltr'><strong>eloquentius</strong></span> <span class='ocrx_word' id='word_1_205' title='bbox 1316 3155 1411 3201; x_wconf 91' lang='lat' dir='ltr'><strong>aut</strong></span> <span class='ocrx_word' id='word_1_206' title='bbox 1431 3146 1835 3211; x_wconf 89' lang='lat' dir='ltr'><strong>admirabilius,</strong></span> 
     </span>
    </p>
   </div>
   <div class='ocr_carea' id='block_1_34' title="bbox 285 3237 1840 3305">
    <p class='ocr_par' dir='ltr' id='par_1_34' title="bbox 285 3237 1840 3305">
     <span class='ocr_line' id='line_1_34' title="bbox 285 3237 1840 3305; baseline 0.001 -12"><span class='ocrx_word' id='word_1_207' title='bbox 285 3252 386 3293; x_wconf 89' lang='lat' dir='ltr'><strong>non</strong></span> <span class='ocrx_word' id='word_1_208' title='bbox 414 3237 589 3294; x_wconf 90' lang='lat' dir='ltr'><strong>dicam</strong></span> <span class='ocrx_word' id='word_1_209' title='bbox 615 3254 648 3294; x_wconf 87' lang='lat' dir='ltr'><strong>a</strong></span> <span class='ocrx_word' id='word_1_210' title='bbox 678 3238 1049 3305; x_wconf 89' lang='lat' dir='ltr'><strong>Theodoreto,</strong></span> <span class='ocrx_word' id='word_1_211' title='bbox 1074 3240 1169 3296; x_wconf 85' lang='lat' dir='ltr'><strong>sed</strong></span> <span class='ocrx_word' id='word_1_212' title='bbox 1193 3240 1261 3295; x_wconf 92' lang='lat' dir='ltr'><strong>ab</strong></span> <span class='ocrx_word' id='word_1_213' title='bbox 1289 3240 1397 3295; x_wconf 87' lang='lat' dir='ltr'><strong>alio</strong></span> <span class='ocrx_word' id='word_1_214' title='bbox 1420 3238 1549 3303; x_wconf 91' lang='lat' dir='ltr'><strong>ullo,</strong></span> <span class='ocrx_word' id='word_1_215' title='bbox 1576 3238 1840 3294; x_wconf 83' lang='lat' dir='ltr'><strong>felicioris</strong></span> 
     </span>
    </p>
   </div>
   <div class='ocr_carea' id='block_1_35' title="bbox 286 3330 1839 3402">
    <p class='ocr_par' dir='ltr' id='par_1_35' title="bbox 286 3330 1839 3402">
     <span class='ocr_line' id='line_1_35' title="bbox 286 3330 1839 3402; baseline 0.003 -20"><span class='ocrx_word' id='word_1_216' title='bbox 286 3330 434 3384; x_wconf 89' lang='lat' dir='ltr'><strong>etiam</strong></span> <span class='ocrx_word' id='word_1_217' title='bbox 463 3330 688 3388; x_wconf 64' lang='lat' dir='ltr'><strong>Graecia:</strong></span> <span class='ocrx_word' id='word_1_218' title='bbox 712 3331 1006 3402; x_wconf 85' lang='lat' dir='ltr'><strong>scriptore,</strong></span> <span class='ocrx_word' id='word_1_219' title='bbox 1028 3331 1084 3387; x_wconf 89' lang='lat' dir='ltr'><strong>in</strong></span> <span class='ocrx_word' id='word_1_220' title='bbox 1123 3333 1264 3388; x_wconf 89' lang='lat' dir='ltr'><strong>hanc</strong></span> <span class='ocrx_word' id='word_1_221' title='bbox 1300 3347 1415 3387; x_wconf 91' lang='lat' dir='ltr'><strong>rem</strong></span> <span class='ocrx_word' id='word_1_222' title='bbox 1465 3332 1674 3387; x_wconf 90' lang='lat' dir='ltr'><strong>editum</strong></span> <span class='ocrx_word' id='word_1_223' title='bbox 1712 3340 1794 3387; x_wconf 88' lang='lat' dir='ltr'><strong>est</strong></span> <span class='ocrx_word' id='word_1_224' title='bbox 1823 3349 1839 3399; x_wconf 90' lang='lat'><strong>;</strong></span> 
     </span>
    </p>
   </div>
   <div class='ocr_carea' id='block_1_36' title="bbox 288 3423 1838 3494">
    <p class='ocr_par' dir='ltr' id='par_1_36' title="bbox 288 3423 1838 3494">
     <span class='ocr_line' id='line_1_36' title="bbox 288 3423 1838 3494; baseline 0.002 -19"><span class='ocrx_word' id='word_1_225' title='bbox 288 3431 344 3476; x_wconf 91' lang='lat' dir='ltr'><strong>ut</strong></span> <span class='ocrx_word' id='word_1_226' title='bbox 383 3423 435 3479; x_wconf 91' lang='lat' dir='ltr'><strong>in</strong></span> <span class='ocrx_word' id='word_1_227' title='bbox 467 3423 585 3494; x_wconf 88' lang='lat' dir='ltr'><strong>ipsa</strong></span> <span class='ocrx_word' id='word_1_228' title='bbox 633 3424 880 3480; x_wconf 82' lang='lat' dir='ltr'><strong>voluisse</strong></span> <span class='ocrx_word' id='word_1_229' title='bbox 952 3425 1207 3481; x_wconf 89' lang='lat' dir='ltr'><strong>videatur</strong></span> <span class='ocrx_word' id='word_1_230' title='bbox 1276 3434 1472 3480; x_wconf 91' lang='lat' dir='ltr'><strong>auctor</strong></span> <span class='ocrx_word' id='word_1_231' title='bbox 1526 3424 1838 3492; x_wconf 88' lang='lat' dir='ltr'><strong>ostendere,</strong></span> 
     </span>
    </p>
   </div>
   <div class='ocr_carea' id='block_1_37' title="bbox 285 3514 1844 3586">
    <p class='ocr_par' dir='ltr' id='par_1_37' title="bbox 285 3514 1844 3586">
     <span class='ocr_line' id='line_1_37' title="bbox 285 3514 1844 3586; baseline 0.001 -19"><span class='ocrx_word' id='word_1_232' title='bbox 285 3524 532 3581; x_wconf 88' lang='lat' dir='ltr'><strong>quantum</strong></span> <span class='ocrx_word' id='word_1_233' title='bbox 560 3515 618 3569; x_wconf 89' lang='lat' dir='ltr'><strong>in</strong></span> <span class='ocrx_word' id='word_1_234' title='bbox 657 3522 778 3569; x_wconf 88' lang='lat' dir='ltr'><strong>arte</strong></span> <span class='ocrx_word' id='word_1_235' title='bbox 804 3514 1044 3571; x_wconf 86' lang='lat' dir='ltr'><strong>oratoria</strong></span> <span class='ocrx_word' id='word_1_236' title='bbox 1073 3515 1303 3579; x_wconf 87' lang='lat' dir='ltr'><strong>valeret,</strong></span> <span class='ocrx_word' id='word_1_237' title='bbox 1329 3531 1604 3586; x_wconf 89' lang='lat' dir='ltr'><strong>quamque</strong></span> <span class='ocrx_word' id='word_1_238' title='bbox 1657 3522 1844 3584; x_wconf 87' lang='lat' dir='ltr'><strong>posset</strong></span> 
     </span>
    </p>
   </div>
   <div class='ocr_carea' id='block_1_38' title="bbox 284 3605 1846 3676">
    <p class='ocr_par' dir='ltr' id='par_1_38' title="bbox 284 3605 1846 3676">
     <span class='ocr_line' id='line_1_38' title="bbox 284 3605 1846 3676; baseline 0.002 -20"><span class='ocrx_word' id='word_1_239' title='bbox 284 3605 739 3674; x_wconf 85' lang='lat' dir='ltr'><strong>eloquentissimis</strong></span> <span class='ocrx_word' id='word_1_240' title='bbox 758 3605 1069 3676; x_wconf 87' lang='lat' dir='ltr'><strong>quibusque</strong></span> <span class='ocrx_word' id='word_1_241' title='bbox 1110 3605 1375 3660; x_wconf 87' lang='lat' dir='ltr'><strong>invidiam</strong></span> <span class='ocrx_word' id='word_1_242' title='bbox 1405 3620 1626 3660; x_wconf 89' lang='lat' dir='ltr'><strong>movere</strong></span> <span class='ocrx_word' id='word_1_243' title='bbox 1658 3623 1670 3658; x_wconf 92' lang='lat'>:</span> <span class='ocrx_word' id='word_1_244' title='bbox 1709 3605 1846 3661; x_wconf 89' lang='lat' dir='ltr'><strong>scri-</strong></span> 
     </span>
    </p>
   </div>
   <div class='ocr_carea' id='block_1_39' title="bbox 287 3695 1513 3767">
    <p class='ocr_par' dir='ltr' id='par_1_39' title="bbox 287 3695 1513 3767">
     <span class='ocr_line' id='line_1_39' title="bbox 287 3695 1513 3767; baseline 0.001 -18"><span class='ocrx_word' id='word_1_245' title='bbox 287 3695 427 3751; x_wconf 89' lang='lat' dir='ltr'><strong>benti</strong></span> <span class='ocrx_word' id='word_1_246' title='bbox 450 3695 632 3751; x_wconf 82' lang='lat' dir='ltr'><strong>forsan</strong></span> <span class='ocrx_word' id='word_1_247' title='bbox 660 3695 967 3767; x_wconf 79' lang='lat' dir='ltr'><strong>indignatio</strong></span> <span class='ocrx_word' id='word_1_248' title='bbox 1000 3711 1098 3750; x_wconf 85' lang='lat' dir='ltr'><strong>sua</strong></span> <span class='ocrx_word' id='word_1_249' title='bbox 1121 3695 1378 3749; x_wconf 79' lang='lat' dir='ltr'><strong>auxiliata</strong></span> <span class='ocrx_word' id='word_1_250' title='bbox 1411 3705 1513 3750; x_wconf 88' lang='lat' dir='ltr'><strong>est.</strong></span> 
     </span>
    </p>
   </div>
   <div class='ocr_carea' id='block_1_40' title="bbox 350 3787 1841 3858">
    <p class='ocr_par' dir='ltr' id='par_1_40' title="bbox 350 3787 1841 3858">
     <span class='ocr_line' id='line_1_40' title="bbox 350 3787 1841 3858; baseline -0.001 -16"><span class='ocrx_word' id='word_1_251' title='bbox 350 3788 411 3842; x_wconf 89' lang='lat' dir='ltr'><strong>Il.</strong></span> <span class='ocrx_word' id='word_1_252' title='bbox 438 3788 589 3843; x_wconf 85' lang='lat' dir='ltr'><strong>Hanc</strong></span> <span class='ocrx_word' id='word_1_253' title='bbox 614 3787 723 3843; x_wconf 90' lang='lat' dir='ltr'><strong>sibi</strong></span> <span class='ocrx_word' id='word_1_254' title='bbox 761 3787 1010 3843; x_wconf 88' lang='lat' dir='ltr'><strong>vindicat</strong></span> <span class='ocrx_word' id='word_1_255' title='bbox 1032 3787 1417 3842; x_wconf 81' lang='lat' dir='ltr'><strong>Theodoretus</strong></span> <span class='ocrx_word' id='word_1_256' title='bbox 1440 3788 1673 3858; x_wconf 90' lang='lat' dir='ltr'><strong>epistola</strong></span> <span class='ocrx_word' id='word_1_257' title='bbox 1719 3787 1841 3841; x_wconf 77' lang='lat' dir='ltr'><strong>H5.</strong></span> 
     </span>
    </p>
   </div>
   <div class='ocr_carea' id='block_1_41' title="bbox 294 3878 1846 3952">
    <p class='ocr_par' dir='ltr' id='par_1_41' title="bbox 294 3878 1846 3952">
     <span class='ocr_line' id='line_1_41' title="bbox 294 3878 1846 3952; baseline -0.003 -17"><span class='ocrx_word' id='word_1_258' title='bbox 294 3898 310 3928; x_wconf 80' lang='grc' dir='ltr'><strong>ι</strong></span> <span class='ocrx_word' id='word_1_259' title='bbox 340 3878 533 3950; x_wconf 86' lang='lat' dir='ltr'><strong>Scripsi</strong></span> <span class='ocrx_word' id='word_1_260' title='bbox 561 3879 811 3949; x_wconf 66' lang='lat' dir='ltr'><strong>quaedam</strong></span> <span class='ocrx_word' id='word_1_261' title='bbox 833 3879 1099 3934; x_wconf 88' lang='lat' dir='ltr'><strong>adversus</strong></span> <span class='ocrx_word' id='word_1_262' title='bbox 1120 3880 1320 3952; x_wconf 83' lang='lat' dir='ltr'><strong>Magos,</strong></span> <span class='ocrx_word' id='word_1_263' title='bbox 1358 3880 1449 3950; x_wconf 87' lang='lat' dir='ltr'><strong>qui</strong></span> <span class='ocrx_word' id='word_1_264' title='bbox 1480 3889 1609 3933; x_wconf 90' lang='lat' dir='ltr'><strong>sunt</strong></span> <span class='ocrx_word' id='word_1_265' title='bbox 1634 3879 1687 3932; x_wconf 81' lang='lat' dir='ltr'><strong>in</strong></span> <span class='ocrx_word' id='word_1_266' title='bbox 1718 3879 1846 3933; x_wconf 75' lang='lat' dir='ltr'><strong>Pe:-</strong></span> 
     </span>
    </p>
   </div>
   <div class='ocr_carea' id='block_1_42' title="bbox 290 3974 1848 4040">
    <p class='ocr_par' dir='ltr' id='par_1_42' title="bbox 290 3974 1848 4040">
     <span class='ocr_line' id='line_1_42' title="bbox 290 3974 1848 4040; baseline -0.001 -12"><span class='ocrx_word' id='word_1_267' title='bbox 290 3975 419 4040; x_wconf 86' lang='lat' dir='ltr'><strong>side,</strong></span> <span class='ocrx_word' id='word_1_268' title='bbox 454 3976 561 4030; x_wconf 91' lang='lat' dir='ltr'><strong>alia</strong></span> <span class='ocrx_word' id='word_1_269' title='bbox 582 3975 652 4030; x_wconf 91' lang='lat' dir='ltr'><strong>de</strong></span> <span class='ocrx_word' id='word_1_270' title='bbox 678 3974 938 4030; x_wconf 89' lang='lat' dir='ltr'><strong>universa</strong></span> <span class='ocrx_word' id='word_1_271' title='bbox 970 3974 1341 4039; x_wconf 90' lang='lat' dir='ltr'><strong>Providentia,</strong></span> <span class='ocrx_word' id='word_1_272' title='bbox 1378 3995 1396 4026; x_wconf 74' lang='grc' dir='ltr'><strong>ι</strong></span> <span class='ocrx_word' id='word_1_273' title='bbox 1450 3983 1557 4029; x_wconf 93' lang='lat' dir='ltr'><strong>etc.</strong></span> <span class='ocrx_word' id='word_1_274' title='bbox 1592 3974 1848 4029; x_wconf 84' lang='lat' dir='ltr'><strong>Vindicat</strong></span> 
     </span>
    </p>
   </div>
   <div class='ocr_carea' id='block_1_43' title="bbox 285 4065 1845 4131">
    <p class='ocr_par' dir='ltr' id='par_1_43' title="bbox 285 4065 1845 4131">
     <span class='ocr_line' id='line_1_43' title="bbox 285 4065 1845 4131; baseline 0.001 -12"><span class='ocrx_word' id='word_1_275' title='bbox 285 4067 525 4122; x_wconf 89' lang='lat' dir='ltr'><strong>etiamin</strong></span> <span class='ocrx_word' id='word_1_276' title='bbox 554 4065 955 4122; x_wconf 88' lang='lat' dir='ltr'><strong>commentario</strong></span> <span class='ocrx_word' id='word_1_277' title='bbox 998 4066 1197 4121; x_wconf 91' lang='lat' dir='ltr'><strong>Psalmi</strong></span> <span class='ocrx_word' id='word_1_278' title='bbox 1238 4083 1398 4129; x_wconf 74' lang='lat' dir='ltr'><strong>vatt,</strong></span> <span class='ocrx_word' id='word_1_279' title='bbox 1449 4068 1564 4131; x_wconf 91' lang='lat' dir='ltr'><strong>ubi,</strong></span> <span class='ocrx_word' id='word_1_280' title='bbox 1607 4082 1733 4121; x_wconf 92' lang='lat' dir='ltr'><strong>cum</strong></span> <span class='ocrx_word' id='word_1_281' title='bbox 1777 4068 1845 4121; x_wconf 86' lang='lat' dir='ltr'><strong>de</strong></span> 
     </span>
    </p>
   </div>
   <div class='ocr_carea' id='block_1_44' title="bbox 288 4157 1842 4229">
    <p class='ocr_par' dir='ltr' id='par_1_44' title="bbox 288 4157 1842 4229">
     <span class='ocr_line' id='line_1_44' title="bbox 288 4157 1842 4229; baseline 0.001 -19"><span class='ocrx_word' id='word_1_282' title='bbox 288 4158 474 4228; x_wconf 86' lang='lat' dir='ltr'><strong>injusta</strong></span> <span class='ocrx_word' id='word_1_283' title='bbox 502 4166 681 4214; x_wconf 89' lang='lat' dir='ltr'><strong>morte</strong></span> <span class='ocrx_word' id='word_1_284' title='bbox 733 4157 957 4214; x_wconf 86' lang='lat' dir='ltr'><strong>Christo</strong></span> <span class='ocrx_word' id='word_1_285' title='bbox 978 4158 1125 4213; x_wconf 89' lang='lat' dir='ltr'><strong>illata</strong></span> <span class='ocrx_word' id='word_1_286' title='bbox 1165 4175 1266 4229; x_wconf 90' lang='lat' dir='ltr'><strong>per</strong></span> <span class='ocrx_word' id='word_1_287' title='bbox 1304 4159 1583 4214; x_wconf 88' lang='lat' dir='ltr'><strong>diabolum</strong></span> <span class='ocrx_word' id='word_1_288' title='bbox 1618 4168 1842 4229; x_wconf 82' lang='lat' dir='ltr'><strong>ageret:</strong></span> 
     </span>
    </p>
   </div>
   <div class='ocr_carea' id='block_1_45' title="bbox 296 4247 1907 4319">
    <p class='ocr_par' dir='ltr' id='par_1_45' title="bbox 296 4247 1907 4319">
     <span class='ocr_line' id='line_1_45' title="bbox 296 4247 1907 4319; baseline -0.002 -15"><span class='ocrx_word' id='word_1_289' title='bbox 296 4265 315 4297; x_wconf 76' lang='lat'><strong>¢</strong></span> <span class='ocrx_word' id='word_1_290' title='bbox 346 4248 479 4313; x_wconf 72' lang='lat' dir='ltr'><strong>Haec,</strong></span> <span class='ocrx_word' id='word_1_291' title='bbox 531 4248 734 4318; x_wconf 88' lang='lat' dir='ltr'><strong>inquit,</strong></span> <span class='ocrx_word' id='word_1_292' title='bbox 783 4247 1052 4319; x_wconf 89' lang='lat' dir='ltr'><strong>injustitia</strong></span> <span class='ocrx_word' id='word_1_293' title='bbox 1099 4247 1248 4301; x_wconf 90' lang='lat' dir='ltr'><strong>illius</strong></span> <span class='ocrx_word' id='word_1_294' title='bbox 1279 4247 1501 4318; x_wconf 89' lang='lat' dir='ltr'><strong>quidem</strong></span> <span class='ocrx_word' id='word_1_295' title='bbox 1552 4248 1845 4318; x_wconf 89' lang='lat' dir='ltr'><strong>imperium</strong></span> <span class='ocrx_word' id='word_1_296' title='bbox 1900 4285 1907 4292; x_wconf 63' lang='grc' dir='ltr'><strong>ι</strong></span> 
     </span>
    </p>
   </div>
   <div class='ocr_carea' id='block_1_46' title="bbox 287 4338 1848 4408">
    <p class='ocr_par' dir='ltr' id='par_1_46' title="bbox 287 4338 1848 4408">
     <span class='ocr_line' id='line_1_46' title="bbox 287 4338 1848 4408; baseline 0.001 -18"><span class='ocrx_word' id='word_1_297' title='bbox 287 4340 493 4403; x_wconf 78' lang='lat' dir='ltr'><strong>evertit,</strong></span> <span class='ocrx_word' id='word_1_298' title='bbox 527 4338 848 4394; x_wconf 86' lang='lat' dir='ltr'><strong>hominibus</strong></span> <span class='ocrx_word' id='word_1_299' title='bbox 873 4346 1058 4393; x_wconf 90' lang='lat' dir='ltr'><strong>autem</strong></span> <span class='ocrx_word' id='word_1_300' title='bbox 1092 4338 1302 4394; x_wconf 89' lang='lat' dir='ltr'><strong>inferos</strong></span> <span class='ocrx_word' id='word_1_301' title='bbox 1333 4340 1620 4403; x_wconf 86' lang='lat' dir='ltr'><strong>reseravit,</strong></span> <span class='ocrx_word' id='word_1_302' title='bbox 1656 4355 1848 4408; x_wconf 89' lang='lat' dir='ltr'><strong>quem-</strong></span> 
     </span>
    </p>
   </div>
   <div class='ocr_carea' id='block_1_47' title="bbox 1929 500 3504 571">
    <p class='ocr_par' dir='ltr' id='par_1_47' title="bbox 1929 500 3504 571">
     <span class='ocr_line' id='line_1_47' title="bbox 1929 500 3504 571; baseline -0.001 -14"><span class='ocrx_word' id='word_1_303' title='bbox 1929 501 2054 565; x_wconf 67' lang='grc'><strong>455,</strong></span> <span class='ocrx_word' id='word_1_304' title='bbox 2080 517 2188 571; x_wconf 90' lang='lat' dir='ltr'><strong>quo</strong></span> <span class='ocrx_word' id='word_1_305' title='bbox 2215 515 2359 555; x_wconf 91' lang='lat' dir='ltr'><strong>anno</strong></span> <span class='ocrx_word' id='word_1_306' title='bbox 2384 500 2766 571; x_wconf 89' lang='lat' dir='ltr'><strong>interpretatio</strong></span> <span class='ocrx_word' id='word_1_307' title='bbox 2793 501 3046 556; x_wconf 89' lang='lat' dir='ltr'><strong>Psalterii</strong></span> <span class='ocrx_word' id='word_1_308' title='bbox 3069 502 3370 571; x_wconf 90' lang='lat' dir='ltr'><strong>composita</strong></span> <span class='ocrx_word' id='word_1_309' title='bbox 3400 514 3504 559; x_wconf 83' lang='lat' dir='ltr'><strong>est.</strong></span> 
     </span>
    </p>
   </div>
   <div class='ocr_carea' id='block_1_48' title="bbox 1930 591 3506 664">
    <p class='ocr_par' dir='ltr' id='par_1_48' title="bbox 1930 591 3506 664">
     <span class='ocr_line' id='line_1_48' title="bbox 1930 591 3506 664; baseline 0.001 -17"><span class='ocrx_word' id='word_1_310' title='bbox 1930 593 2176 647; x_wconf 87' lang='lat' dir='ltr'><strong>Pertinet</strong></span> <span class='ocrx_word' id='word_1_311' title='bbox 2200 592 2366 664; x_wconf 84' lang='lat' dir='ltr'><strong>igitur</strong></span> <span class='ocrx_word' id='word_1_312' title='bbox 2399 591 2469 647; x_wconf 88' lang='lat' dir='ltr'><strong>ad</strong></span> <span class='ocrx_word' id='word_1_313' title='bbox 2493 608 2616 647; x_wconf 89' lang='lat' dir='ltr'><strong>eam</strong></span> <span class='ocrx_word' id='word_1_314' title='bbox 2659 593 2887 648; x_wconf 91' lang='lat' dir='ltr'><strong>classem</strong></span> <span class='ocrx_word' id='word_1_315' title='bbox 2930 592 3221 657; x_wconf 89' lang='lat' dir='ltr'><strong>librorum,</strong></span> <span class='ocrx_word' id='word_1_316' title='bbox 3266 609 3406 663; x_wconf 90' lang='lat' dir='ltr'><strong>quos</strong></span> <span class='ocrx_word' id='word_1_317' title='bbox 3450 595 3506 648; x_wconf 90' lang='lat' dir='ltr'><strong>in</strong></span> 
     </span>
    </p>
   </div>
   <div class='ocr_carea' id='block_1_49' title="bbox 1928 682 3506 754">
    <p class='ocr_par' dir='ltr' id='par_1_49' title="bbox 1928 682 3506 754">
     <span class='ocr_line' id='line_1_49' title="bbox 1928 682 3506 754; baseline 0.001 -16"><span class='ocrx_word' id='word_1_318' title='bbox 1928 683 2162 754; x_wconf 83' lang='lat' dir='ltr'><strong>epistola</strong></span> <span class='ocrx_word' id='word_1_319' title='bbox 2238 684 2305 739; x_wconf 90' lang='lat' dir='ltr'><strong>ad</strong></span> <span class='ocrx_word' id='word_1_320' title='bbox 2380 692 2629 740; x_wconf 88' lang='lat' dir='ltr'><strong>sanctum</strong></span> <span class='ocrx_word' id='word_1_321' title='bbox 2685 682 2925 739; x_wconf 88' lang='lat' dir='ltr'><strong>Leonem</strong></span> <span class='ocrx_word' id='word_1_322' title='bbox 2987 683 3369 740; x_wconf 89' lang='lat' dir='ltr'><strong>Theodoretus</strong></span> <span class='ocrx_word' id='word_1_323' title='bbox 3429 685 3506 740; x_wconf 86' lang='lat' dir='ltr'><strong>ait</strong></span> 
     </span>
    </p>
   </div>
   <div class='ocr_carea' id='block_1_50' title="bbox 1929 775 3507 845">
    <p class='ocr_par' dir='ltr' id='par_1_50' title="bbox 1929 775 3507 845">
     <span class='ocr_line' id='line_1_50' title="bbox 1929 775 3507 845; baseline 0.001 -14"><span class='ocrx_word' id='word_1_324' title='bbox 1929 789 1987 831; x_wconf 91' lang='lat' dir='ltr'><strong>se</strong></span> <span class='ocrx_word' id='word_1_325' title='bbox 2012 783 2137 830; x_wconf 90' lang='lat' dir='ltr'><strong>ante</strong></span> <span class='ocrx_word' id='word_1_326' title='bbox 2162 790 2337 830; x_wconf 90' lang='lat' dir='ltr'><strong>annos</strong></span> <span class='ocrx_word' id='word_1_327' title='bbox 2373 775 2691 845; x_wconf 89' lang='lat' dir='ltr'><strong>quindecim</strong></span> <span class='ocrx_word' id='word_1_328' title='bbox 2740 776 2827 831; x_wconf 91' lang='lat' dir='ltr'><strong>vel</strong></span> <span class='ocrx_word' id='word_1_329' title='bbox 2870 777 3035 831; x_wconf 89' lang='lat' dir='ltr'><strong>etiam</strong></span> <span class='ocrx_word' id='word_1_330' title='bbox 3076 775 3381 832; x_wconf 90' lang='lat' dir='ltr'><strong>octodecim</strong></span> <span class='ocrx_word' id='word_1_331' title='bbox 3426 777 3507 833; x_wconf 89' lang='lat' dir='ltr'><strong>fe-</strong></span> 
     </span>
    </p>
   </div>
   <div class='ocr_carea' id='block_1_51' title="bbox 1930 880 2094 921">
    <p class='ocr_par' dir='ltr' id='par_1_51' title="bbox 1930 880 2094 921">
     <span class='ocr_line' id='line_1_51' title="bbox 1930 880 2094 921; baseline -0.006 -1"><span class='ocrx_word' id='word_1_332' title='bbox 1930 880 2094 921; x_wconf 73' lang='lat' dir='ltr'><strong>CISSC.</strong></span> 
     </span>
    </p>
   </div>
   <div class='ocr_carea' id='block_1_52' title="bbox 2002 953 3507 1028">
    <p class='ocr_par' dir='ltr' id='par_1_52' title="bbox 2002 953 3507 1028">
     <span class='ocr_line' id='line_1_52' title="bbox 2002 953 3507 1028; baseline 0.006 -22"><span class='ocrx_word' id='word_1_333' title='bbox 2002 955 2067 1008; x_wconf 87' lang='lat' dir='ltr'><strong>V.</strong></span> <span class='ocrx_word' id='word_1_334' title='bbox 2110 953 2288 1021; x_wconf 87' lang='lat' dir='ltr'><strong>Quare</strong></span> <span class='ocrx_word' id='word_1_335' title='bbox 2315 954 2466 1011; x_wconf 90' lang='lat' dir='ltr'><strong>credi</strong></span> <span class='ocrx_word' id='word_1_336' title='bbox 2492 956 2690 1010; x_wconf 87' lang='lat' dir='ltr'><strong>merito</strong></span> <span class='ocrx_word' id='word_1_337' title='bbox 2718 963 2897 1027; x_wconf 89' lang='lat' dir='ltr'><strong>potest</strong></span> <span class='ocrx_word' id='word_1_338' title='bbox 2917 957 3179 1028; x_wconf 89' lang='lat' dir='ltr'><strong>scriptus,</strong></span> <span class='ocrx_word' id='word_1_339' title='bbox 3226 960 3417 1014; x_wconf 84' lang='lat' dir='ltr'><strong>saltem</strong></span> <span class='ocrx_word' id='word_1_340' title='bbox 3439 974 3507 1014; x_wconf 81' lang='lat' dir='ltr'><strong>ex</strong></span> 
     </span>
    </p>
   </div>
   <div class='ocr_carea' id='block_1_53' title="bbox 1930 1045 3505 1119">
    <p class='ocr_par' dir='ltr' id='par_1_53' title="bbox 1930 1045 3505 1119">
     <span class='ocr_line' id='line_1_53' title="bbox 1930 1045 3505 1119; baseline 0.003 -21"><span class='ocrx_word' id='word_1_341' title='bbox 1930 1053 2107 1115; x_wconf 88' lang='lat' dir='ltr'><strong>parte,</strong></span> <span class='ocrx_word' id='word_1_342' title='bbox 2133 1045 2317 1099; x_wconf 85' lang='lat' dir='ltr'><strong>statim</strong></span> <span class='ocrx_word' id='word_1_343' title='bbox 2350 1056 2475 1115; x_wconf 93' lang='lat' dir='ltr'><strong>post</strong></span> <span class='ocrx_word' id='word_1_344' title='bbox 2522 1046 2790 1117; x_wconf 80' lang='lat' dir='ltr'><strong>synodum</strong></span> <span class='ocrx_word' id='word_1_345' title='bbox 2830 1045 3185 1116; x_wconf 88' lang='lat' dir='ltr'><strong>Ephesinam,</strong></span> <span class='ocrx_word' id='word_1_346' title='bbox 3218 1059 3505 1119; x_wconf 89' lang='lat' dir='ltr'><strong>postquam</strong></span> 
     </span>
    </p>
   </div>
   <div class='ocr_carea' id='block_1_54' title="bbox 1932 1135 3509 1209">
    <p class='ocr_par' dir='ltr' id='par_1_54' title="bbox 1932 1135 3509 1209">
     <span class='ocr_line' id='line_1_54' title="bbox 1932 1135 3509 1209; baseline 0.003 -18"><span class='ocrx_word' id='word_1_347' title='bbox 1932 1136 2279 1207; x_wconf 86' lang='lat' dir='ltr'><strong>imperatoris</strong></span> <span class='ocrx_word' id='word_1_348' title='bbox 2313 1137 2568 1192; x_wconf 84' lang='lat' dir='ltr'><strong>mandato</strong></span> <span class='ocrx_word' id='word_1_349' title='bbox 2617 1135 2925 1195; x_wconf 80' lang='lat' dir='ltr'><strong>Orientales</strong></span> <span class='ocrx_word' id='word_1_350' title='bbox 2973 1139 3216 1209; x_wconf 81' lang='lat' dir='ltr'><strong>episcOpi</strong></span> <span class='ocrx_word' id='word_1_351' title='bbox 3269 1139 3336 1195; x_wconf 89' lang='lat' dir='ltr'><strong>ad</strong></span> <span class='ocrx_word' id='word_1_352' title='bbox 3381 1155 3509 1195; x_wconf 91' lang='lat' dir='ltr'><strong>snas</strong></span> 
     </span>
    </p>
   </div>
   <div class='ocr_carea' id='block_1_55' title="bbox 1931 1229 3508 1300">
    <p class='ocr_par' dir='ltr' id='par_1_55' title="bbox 1931 1229 3508 1300">
     <span class='ocr_line' id='line_1_55' title="bbox 1931 1229 3508 1300; baseline 0.002 -17"><span class='ocrx_word' id='word_1_353' title='bbox 1931 1229 2134 1300; x_wconf 82' lang='lat' dir='ltr'><strong>singuli</strong></span> <span class='ocrx_word' id='word_1_354' title='bbox 2180 1238 2527 1286; x_wconf 83' lang='lat' dir='ltr'><strong>recesserunt</strong></span> <span class='ocrx_word' id='word_1_355' title='bbox 2557 1229 2871 1286; x_wconf 87' lang='lat' dir='ltr'><strong>Ecclesias:</strong></span> <span class='ocrx_word' id='word_1_356' title='bbox 2923 1240 3054 1287; x_wconf 88' lang='lat' dir='ltr'><strong>tunc</strong></span> <span class='ocrx_word' id='word_1_357' title='bbox 3099 1233 3247 1287; x_wconf 89' lang='lat' dir='ltr'><strong>enim</strong></span> <span class='ocrx_word' id='word_1_358' title='bbox 3288 1232 3508 1288; x_wconf 91' lang='lat' dir='ltr'><strong>videtur</strong></span> 
     </span>
    </p>
   </div>
   <div class='ocr_carea' id='block_1_56' title="bbox 1934 1320 3503 1394">
    <p class='ocr_par' dir='ltr' id='par_1_56' title="bbox 1934 1320 3503 1394">
     <span class='ocr_line' id='line_1_56' title="bbox 1934 1320 3503 1394; baseline 0.002 -19"><span class='ocrx_word' id='word_1_359' title='bbox 1934 1320 2317 1377; x_wconf 89' lang='lat' dir='ltr'><strong>Theodoretus</strong></span> <span class='ocrx_word' id='word_1_360' title='bbox 2366 1337 2541 1387; x_wconf 87' lang='lat' dir='ltr'><strong>suam,</strong></span> <span class='ocrx_word' id='word_1_361' title='bbox 2601 1320 2673 1376; x_wconf 89' lang='lat' dir='ltr'><strong>ob</strong></span> <span class='ocrx_word' id='word_1_362' title='bbox 2724 1336 2811 1376; x_wconf 89' lang='lat' dir='ltr'><strong>res</strong></span> <span class='ocrx_word' id='word_1_363' title='bbox 2843 1330 3034 1377; x_wconf 90' lang='lat' dir='ltr'><strong>contra</strong></span> <span class='ocrx_word' id='word_1_364' title='bbox 3071 1331 3258 1378; x_wconf 90' lang='lat' dir='ltr'><strong>votum</strong></span> <span class='ocrx_word' id='word_1_365' title='bbox 3304 1332 3503 1394; x_wconf 87' lang='lat' dir='ltr'><strong>gestas,</strong></span> 
     </span>
    </p>
   </div>
   <div class='ocr_carea' id='block_1_57' title="bbox 1934 1411 3506 1484">
    <p class='ocr_par' dir='ltr' id='par_1_57' title="bbox 1934 1411 3506 1484">
     <span class='ocr_line' id='line_1_57' title="bbox 1934 1411 3506 1484; baseline 0.003 -19"><span class='ocrx_word' id='word_1_366' title='bbox 1934 1412 2107 1466; x_wconf 87' lang='lat' dir='ltr'><strong>animi</strong></span> <span class='ocrx_word' id='word_1_367' title='bbox 2155 1412 2537 1483; x_wconf 75' lang='lat' dir='ltr'><strong>aegritudinem</strong></span> <span class='ocrx_word' id='word_1_368' title='bbox 2592 1411 2782 1467; x_wconf 86' lang='lat' dir='ltr'><strong>verbis</strong></span> <span class='ocrx_word' id='word_1_369' title='bbox 2834 1411 3103 1484; x_wconf 76' lang='lat' dir='ltr'><strong>factisque</strong></span> <span class='ocrx_word' id='word_1_370' title='bbox 3161 1414 3329 1469; x_wconf 89' lang='lat' dir='ltr'><strong>solari</strong></span> <span class='ocrx_word' id='word_1_371' title='bbox 3409 1429 3506 1470; x_wconf 90' lang='lat' dir='ltr'><strong>co-</strong></span> 
     </span>
    </p>
   </div>
   <div class='ocr_carea' id='block_1_58' title="bbox 1931 1514 2114 1560">
    <p class='ocr_par' dir='ltr' id='par_1_58' title="bbox 1931 1514 2114 1560">
     <span class='ocr_line' id='line_1_58' title="bbox 1931 1514 2114 1560; baseline 0 -1"><span class='ocrx_word' id='word_1_372' title='bbox 1931 1514 2114 1560; x_wconf 89' lang='lat' dir='ltr'><strong>natus.</strong></span> 
     </span>
    </p>
   </div>
   <div class='ocr_carea' id='block_1_59' title="bbox 2004 1593 3508 1667">
    <p class='ocr_par' dir='ltr' id='par_1_59' title="bbox 2004 1593 3508 1667">
     <span class='ocr_line' id='line_1_59' title="bbox 2004 1593 3508 1667; baseline -0.001 -15"><span class='ocrx_word' id='word_1_373' title='bbox 2004 1598 2091 1652; x_wconf 89' lang='lat' dir='ltr'><strong>Vl.</strong></span> <span class='ocrx_word' id='word_1_374' title='bbox 2117 1597 2259 1662; x_wconf 80' lang='lat' dir='ltr'><strong>Dixi,</strong></span> <span class='ocrx_word' id='word_1_375' title='bbox 2294 1597 2486 1652; x_wconf 87' lang='lat' dir='ltr'><strong>saltem</strong></span> <span class='ocrx_word' id='word_1_376' title='bbox 2511 1611 2579 1651; x_wconf 77' lang='lat' dir='ltr'><strong>ex</strong></span> <span class='ocrx_word' id='word_1_377' title='bbox 2599 1602 2778 1666; x_wconf 90' lang='lat' dir='ltr'><strong>parte,</strong></span> <span class='ocrx_word' id='word_1_378' title='bbox 2812 1593 3032 1652; x_wconf 88' lang='lat' dir='ltr'><strong>duobus</strong></span> <span class='ocrx_word' id='word_1_379' title='bbox 3054 1610 3250 1666; x_wconf 90' lang='lat' dir='ltr'><strong>nempe</strong></span> <span class='ocrx_word' id='word_1_380' title='bbox 3294 1605 3508 1667; x_wconf 87' lang='lat' dir='ltr'><strong>postre-</strong></span> 
     </span>
    </p>
   </div>
   <div class='ocr_carea' id='block_1_60' title="bbox 1935 1687 3507 1760">
    <p class='ocr_par' dir='ltr' id='par_1_60' title="bbox 1935 1687 3507 1760">
     <span class='ocr_line' id='line_1_60' title="bbox 1935 1687 3507 1760; baseline -0.003 -15"><span class='ocrx_word' id='word_1_381' title='bbox 1935 1690 2039 1745; x_wconf 91' lang='lat' dir='ltr'><strong>mis</strong></span> <span class='ocrx_word' id='word_1_382' title='bbox 2063 1689 2413 1745; x_wconf 89' lang='lat' dir='ltr'><strong>sermonibus</strong></span> <span class='ocrx_word' id='word_1_383' title='bbox 2437 1706 2450 1742; x_wconf 87' lang='lat'><strong>:</strong></span> <span class='ocrx_word' id='word_1_384' title='bbox 2479 1688 2646 1760; x_wconf 73' lang='lat'><strong>398</strong></span> <span class='ocrx_word' id='word_1_385' title='bbox 2674 1688 2892 1759; x_wconf 89' lang='lat' dir='ltr'><strong>priores</strong></span> <span class='ocrx_word' id='word_1_386' title='bbox 2920 1687 3068 1743; x_wconf 90' lang='lat' dir='ltr'><strong>enim</strong></span> <span class='ocrx_word' id='word_1_387' title='bbox 3098 1695 3224 1743; x_wconf 84' lang='lat' dir='ltr'><strong>octo</strong></span> <span class='ocrx_word' id='word_1_388' title='bbox 3266 1703 3375 1742; x_wconf 90' lang='lat' dir='ltr'><strong>non</strong></span> <span class='ocrx_word' id='word_1_389' title='bbox 3402 1687 3507 1740; x_wconf 84' lang='lat' dir='ltr'><strong>im-</strong></span> 
     </span>
    </p>
   </div>
   <div class='ocr_carea' id='block_1_61' title="bbox 1867 1765 3581 1852">
    <p class='ocr_par' dir='ltr' id='par_1_61' title="bbox 1867 1765 3581 1852">
     <span class='ocr_line' id='line_1_61' title="bbox 1867 1765 3581 1852; baseline -0.001 -19"><span class='ocrx_word' id='word_1_390' title='bbox 1867 1765 1905 1819; x_wconf 78' lang='grc' dir='ltr'><strong><em>Β</em></strong></span> <span class='ocrx_word' id='word_1_391' title='bbox 1937 1781 2297 1852; x_wconf 89' lang='lat' dir='ltr'><strong>probabiliter</strong></span> <span class='ocrx_word' id='word_1_392' title='bbox 2341 1780 2555 1836; x_wconf 88' lang='lat' dir='ltr'><strong>censeri</strong></span> <span class='ocrx_word' id='word_1_393' title='bbox 2582 1785 2814 1850; x_wconf 90' lang='lat' dir='ltr'><strong>possunt</strong></span> <span class='ocrx_word' id='word_1_394' title='bbox 2858 1787 2986 1834; x_wconf 84' lang='lat' dir='ltr'><strong>ante</strong></span> <span class='ocrx_word' id='word_1_395' title='bbox 3043 1777 3312 1850; x_wconf 82' lang='lat' dir='ltr'><strong>synodum</strong></span> <span class='ocrx_word' id='word_1_396' title='bbox 3345 1777 3506 1844; x_wconf 88' lang='lat' dir='ltr'><strong>facti;</strong></span> <span class='ocrx_word' id='word_1_397' title='bbox 3576 1798 3581 1803; x_wconf 61' lang='grc' dir='ltr'><strong>ι</strong></span> 
     </span>
    </p>
   </div>
   <div class='ocr_carea' id='block_1_62' title="bbox 1932 1868 3512 1943">
    <p class='ocr_par' dir='ltr' id='par_1_62' title="bbox 1932 1868 3512 1943">
     <span class='ocr_line' id='line_1_62' title="bbox 1932 1868 3512 1943; baseline -0.004 -15"><span class='ocrx_word' id='word_1_398' title='bbox 1932 1889 2107 1943; x_wconf 86' lang='lat' dir='ltr'><strong>caque</strong></span> <span class='ocrx_word' id='word_1_399' title='bbox 2140 1872 2323 1928; x_wconf 85' lang='lat' dir='ltr'><strong>forsan</strong></span> <span class='ocrx_word' id='word_1_400' title='bbox 2346 1886 2511 1928; x_wconf 88' lang='lat' dir='ltr'><strong>causa</strong></span> <span class='ocrx_word' id='word_1_401' title='bbox 2533 1880 2637 1936; x_wconf 89' lang='lat' dir='ltr'><strong>est,</strong></span> <span class='ocrx_word' id='word_1_402' title='bbox 2686 1886 2787 1925; x_wconf 89' lang='lat' dir='ltr'><strong>cur</strong></span> <span class='ocrx_word' id='word_1_403' title='bbox 2812 1870 2868 1924; x_wconf 93' lang='lat' dir='ltr'><strong>in</strong></span> <span class='ocrx_word' id='word_1_404' title='bbox 2894 1868 3124 1925; x_wconf 80' lang='lat' dir='ltr'><strong>exordio</strong></span> <span class='ocrx_word' id='word_1_405' title='bbox 3157 1868 3289 1923; x_wconf 91' lang='lat' dir='ltr'><strong>noni</strong></span> <span class='ocrx_word' id='word_1_406' title='bbox 3310 1868 3512 1923; x_wconf 78' lang='lat' dir='ltr'><strong>&#39;Theo-</strong></span> 
     </span>
    </p>
   </div>
   <div class='ocr_carea' id='block_1_63' title="bbox 1934 1959 3510 2024">
    <p class='ocr_par' dir='ltr' id='par_1_63' title="bbox 1934 1959 3510 2024">
     <span class='ocr_line' id='line_1_63' title="bbox 1934 1959 3510 2024; baseline -0.003 -6"><span class='ocrx_word' id='word_1_407' title='bbox 1934 1964 2162 2020; x_wconf 74' lang='grc' dir='ltr'>ἀοι-ειυς</span> <span class='ocrx_word' id='word_1_408' title='bbox 2221 1972 2443 2018; x_wconf 89' lang='lat' dir='ltr'><strong>revocet</strong></span> <span class='ocrx_word' id='word_1_409' title='bbox 2492 1961 2841 2017; x_wconf 84' lang='lat' dir='ltr'><strong>auditoribus</strong></span> <span class='ocrx_word' id='word_1_410' title='bbox 2911 1960 2967 2014; x_wconf 91' lang='lat' dir='ltr'><strong>in</strong></span> <span class='ocrx_word' id='word_1_411' title='bbox 3016 1959 3337 2015; x_wconf 88' lang='lat' dir='ltr'><strong>memoriam</strong></span> <span class='ocrx_word' id='word_1_412' title='bbox 3376 1999 3392 2024; x_wconf 92' lang='lat'><strong>,</strong></span> <span class='ocrx_word' id='word_1_413' title='bbox 3439 1973 3510 2014; x_wconf 90' lang='lat' dir='ltr'><strong>ne</strong></span> 
     </span>
    </p>
   </div>
   <div class='ocr_carea' id='block_1_64' title="bbox 1937 2035 3509 2126">
    <p class='ocr_par' dir='ltr' id='par_1_64' title="bbox 1937 2035 3509 2126">
     <span class='ocr_line' id='line_1_64' title="bbox 1937 2035 3509 2126; baseline -0.006 -15"><span class='ocrx_word' id='word_1_414' title='bbox 1937 2064 2153 2126; x_wconf 90' lang='lat' dir='ltr'><strong>tempus</strong></span> <span class='ocrx_word' id='word_1_415' title='bbox 2181 2035 2467 2118; x_wconf 79' lang='lat' dir='ltr'><strong>deleverit,</strong></span> <span class='ocrx_word' id='word_1_416' title='bbox 2512 2052 2643 2122; x_wconf 90' lang='lat' dir='ltr'><strong>quid</strong></span> <span class='ocrx_word' id='word_1_417' title='bbox 2670 2051 2975 2123; x_wconf 74' lang='lat' dir='ltr'><strong>argumenti</strong></span> <span class='ocrx_word' id='word_1_418' title='bbox 3006 2059 3166 2105; x_wconf 90' lang='lat' dir='ltr'><strong>antea</strong></span> <span class='ocrx_word' id='word_1_419' title='bbox 3216 2057 3509 2106; x_wconf 85' lang='lat' dir='ltr'><strong>tractatum</strong></span> 
     </span>
    </p>
   </div>
   <div class='ocr_carea' id='block_1_65' title="bbox 1935 2132 3508 2215">
    <p class='ocr_par' dir='ltr' id='par_1_65' title="bbox 1935 2132 3508 2215">
     <span class='ocr_line' id='line_1_65' title="bbox 1935 2132 3508 2215; baseline -0.005 -12"><span class='ocrx_word' id='word_1_420' title='bbox 1935 2148 2026 2203; x_wconf 85' lang='lat' dir='ltr'><strong>sit.</strong></span> <span class='ocrx_word' id='word_1_421' title='bbox 2063 2166 2081 2199; x_wconf 83' lang='grc'>‹</span> <span class='ocrx_word' id='word_1_422' title='bbox 2121 2145 2279 2212; x_wconf 83' lang='grc' dir='ltr'>Οειο,</span> <span class='ocrx_word' id='word_1_423' title='bbox 2340 2132 2547 2215; x_wconf 65' lang='lat' dir='ltr'><strong>inquit:</strong></span> <span class='ocrx_word' id='word_1_424' title='bbox 2571 2146 2683 2215; x_wconf 87' lang='lat' dir='ltr'><strong>jam</strong></span> <span class='ocrx_word' id='word_1_425' title='bbox 2733 2158 3016 2199; x_wconf 90' lang='lat' dir='ltr'><strong>sermones</strong></span> <span class='ocrx_word' id='word_1_426' title='bbox 3049 2141 3258 2198; x_wconf 91' lang='lat' dir='ltr'><strong>emensi</strong></span> <span class='ocrx_word' id='word_1_427' title='bbox 3295 2156 3508 2206; x_wconf 88' lang='lat' dir='ltr'><strong>sumus,</strong></span> 
     </span>
    </p>
   </div>
   <div class='ocr_carea' id='block_1_66' title="bbox 1935 2233 3230 2308">
    <p class='ocr_par' dir='ltr' id='par_1_66' title="bbox 1935 2233 3230 2308">
     <span class='ocr_line' id='line_1_66' title="bbox 1935 2233 3230 2308; baseline -0.005 -16"><span class='ocrx_word' id='word_1_428' title='bbox 1935 2238 2064 2292; x_wconf 90' lang='lat' dir='ltr'><strong>dum</strong></span> <span class='ocrx_word' id='word_1_429' title='bbox 2091 2238 2429 2308; x_wconf 86' lang='lat' dir='ltr'><strong>ingratorum</strong></span> <span class='ocrx_word' id='word_1_430' title='bbox 2449 2233 2845 2305; x_wconf 86' lang='lat' dir='ltr'><strong>blasphemiam</strong></span> <span class='ocrx_word' id='word_1_431' title='bbox 2879 2233 3178 2305; x_wconf 87' lang='lat' dir='ltr'><strong>arguimus.</strong></span> <span class='ocrx_word' id='word_1_432' title='bbox 3212 2251 3230 2284; x_wconf 76' lang='grc' dir='ltr'><strong>ι</strong></span> 
     </span>
    </p>
   </div>
   <div class='ocr_carea' id='block_1_67' title="bbox 2005 2322 3514 2394">
    <p class='ocr_par' dir='ltr' id='par_1_67' title="bbox 2005 2322 3514 2394">
     <span class='ocr_line' id='line_1_67' title="bbox 2005 2322 3514 2394; baseline -0.005 -9"><span class='ocrx_word' id='word_1_433' title='bbox 2005 2330 2120 2385; x_wconf 91' lang='lat' dir='ltr'><strong>VII.</strong></span> <span class='ocrx_word' id='word_1_434' title='bbox 2155 2328 2410 2384; x_wconf 88' lang='lat' dir='ltr'><strong>Decimus</strong></span> <span class='ocrx_word' id='word_1_435' title='bbox 2434 2336 2585 2382; x_wconf 89' lang='lat' dir='ltr'><strong>certe</strong></span> <span class='ocrx_word' id='word_1_436' title='bbox 2625 2341 2827 2389; x_wconf 88' lang='lat' dir='ltr'><strong>sermo,</strong></span> <span class='ocrx_word' id='word_1_437' title='bbox 2852 2325 2947 2394; x_wconf 90' lang='lat' dir='ltr'><strong>qui</strong></span> <span class='ocrx_word' id='word_1_438' title='bbox 2988 2324 3057 2379; x_wconf 92' lang='lat' dir='ltr'><strong>de</strong></span> <span class='ocrx_word' id='word_1_439' title='bbox 3099 2322 3360 2393; x_wconf 83' lang='lat' dir='ltr'><strong>patientia</strong></span> <span class='ocrx_word' id='word_1_440' title='bbox 3413 2323 3514 2379; x_wconf 86' lang='lat' dir='ltr'><strong>bo-</strong></span> 
     </span>
    </p>
   </div>
   <div class='ocr_carea' id='block_1_68' title="bbox 1937 2411 3512 2488">
    <p class='ocr_par' dir='ltr' id='par_1_68' title="bbox 1937 2411 3512 2488">
     <span class='ocr_line' id='line_1_68' title="bbox 1937 2411 3512 2488; baseline -0.004 -16"><span class='ocrx_word' id='word_1_441' title='bbox 1937 2434 2171 2484; x_wconf 90' lang='lat' dir='ltr'><strong>norum,</strong></span> <span class='ocrx_word' id='word_1_442' title='bbox 2206 2434 2345 2488; x_wconf 91' lang='lat' dir='ltr'><strong>quos</strong></span> <span class='ocrx_word' id='word_1_443' title='bbox 2384 2417 2571 2472; x_wconf 89' lang='lat' dir='ltr'><strong>divina</strong></span> <span class='ocrx_word' id='word_1_444' title='bbox 2611 2414 2964 2471; x_wconf 89' lang='lat' dir='ltr'><strong>Providentia</strong></span> <span class='ocrx_word' id='word_1_445' title='bbox 3014 2424 3273 2477; x_wconf 78' lang='lat' dir='ltr'><strong>exercet,</strong></span> <span class='ocrx_word' id='word_1_446' title='bbox 3332 2411 3512 2481; x_wconf 82' lang='lat' dir='ltr'><strong>deque</strong></span> 
     </span>
    </p>
   </div>
   <div class='ocr_carea' id='block_1_69' title="bbox 1938 2504 3514 2571">
    <p class='ocr_par' dir='ltr' id='par_1_69' title="bbox 1938 2504 3514 2571">
     <span class='ocr_line' id='line_1_69' title="bbox 1938 2504 3514 2571; baseline -0.005 -6"><span class='ocrx_word' id='word_1_447' title='bbox 1938 2510 2104 2565; x_wconf 81' lang='lat' dir='ltr'><strong>Verbi</strong></span> <span class='ocrx_word' id='word_1_448' title='bbox 2147 2509 2527 2565; x_wconf 87' lang='lat' dir='ltr'><strong>incarnatione</strong></span> <span class='ocrx_word' id='word_1_449' title='bbox 2571 2514 2677 2571; x_wconf 90' lang='lat' dir='ltr'><strong>est,</strong></span> <span class='ocrx_word' id='word_1_450' title='bbox 2705 2505 2948 2562; x_wconf 90' lang='lat' dir='ltr'><strong>ostendit</strong></span> <span class='ocrx_word' id='word_1_451' title='bbox 2993 2521 3104 2560; x_wconf 91' lang='lat' dir='ltr'><strong>non</strong></span> <span class='ocrx_word' id='word_1_452' title='bbox 3134 2504 3391 2566; x_wconf 89' lang='lat' dir='ltr'><strong>obscure,</strong></span> <span class='ocrx_word' id='word_1_453' title='bbox 3455 2510 3514 2558; x_wconf 92' lang='lat' dir='ltr'><strong>et</strong></span> 
     </span>
    </p>
   </div>
   <div class='ocr_carea' id='block_1_70' title="bbox 1940 2596 3513 2672">
    <p class='ocr_par' dir='ltr' id='par_1_70' title="bbox 1940 2596 3513 2672">
     <span class='ocr_line' id='line_1_70' title="bbox 1940 2596 3513 2672; baseline -0.005 -15"><span class='ocrx_word' id='word_1_454' title='bbox 1940 2612 2157 2672; x_wconf 88' lang='lat' dir='ltr'><strong>tempus</strong></span> <span class='ocrx_word' id='word_1_455' title='bbox 2191 2617 2301 2672; x_wconf 92' lang='lat' dir='ltr'><strong>quo</strong></span> <span class='ocrx_word' id='word_1_456' title='bbox 2326 2602 2441 2671; x_wconf 88' lang='lat' dir='ltr'><strong>ipse</strong></span> <span class='ocrx_word' id='word_1_457' title='bbox 2484 2599 2824 2670; x_wconf 88' lang='lat' dir='ltr'><strong>compositus</strong></span> <span class='ocrx_word' id='word_1_458' title='bbox 2850 2606 2956 2662; x_wconf 90' lang='lat' dir='ltr'><strong>est,</strong></span> <span class='ocrx_word' id='word_1_459' title='bbox 2993 2605 3050 2653; x_wconf 89' lang='lat' dir='ltr'><strong>et</strong></span> <span class='ocrx_word' id='word_1_460' title='bbox 3087 2597 3269 2651; x_wconf 91' lang='lat' dir='ltr'><strong>locum</strong></span> <span class='ocrx_word' id='word_1_461' title='bbox 3313 2596 3367 2650; x_wconf 93' lang='lat' dir='ltr'><strong>in</strong></span> <span class='ocrx_word' id='word_1_462' title='bbox 3402 2610 3513 2665; x_wconf 88' lang='lat' dir='ltr'><strong>quo</strong></span> 
     </span>
    </p>
   </div>
   <div class='ocr_carea' id='block_1_71' title="bbox 1939 2686 3515 2760">
    <p class='ocr_par' dir='ltr' id='par_1_71' title="bbox 1939 2686 3515 2760">
     <span class='ocr_line' id='line_1_71' title="bbox 1939 2686 3515 2760; baseline -0.006 -12"><span class='ocrx_word' id='word_1_463' title='bbox 1939 2694 2073 2749; x_wconf 86' lang='lat' dir='ltr'><strong>dicti</strong></span> <span class='ocrx_word' id='word_1_464' title='bbox 2128 2708 2360 2748; x_wconf 87' lang='lat' dir='ltr'><strong>omnes:</strong></span> <span class='ocrx_word' id='word_1_465' title='bbox 2409 2692 2589 2746; x_wconf 92' lang='lat' dir='ltr'><strong>dictos</strong></span> <span class='ocrx_word' id='word_1_466' title='bbox 2632 2691 2781 2745; x_wconf 91' lang='lat' dir='ltr'><strong>enim</strong></span> <span class='ocrx_word' id='word_1_467' title='bbox 2840 2689 2906 2743; x_wconf 90' lang='lat' dir='ltr'><strong>ad</strong></span> <span class='ocrx_word' id='word_1_468' title='bbox 2975 2688 3240 2760; x_wconf 87' lang='lat' dir='ltr'><strong>populum</strong></span> <span class='ocrx_word' id='word_1_469' title='bbox 3287 2686 3515 2755; x_wconf 85' lang='lat' dir='ltr'><strong>conjicit</strong></span> 
     </span>
    </p>
   </div>
   <div class='ocr_carea' id='block_1_72' title="bbox 1941 2776 3515 2855">
    <p class='ocr_par' dir='ltr' id='par_1_72' title="bbox 1941 2776 3515 2855">
     <span class='ocr_line' id='line_1_72' title="bbox 1941 2776 3515 2855; baseline -0.005 -15"><span class='ocrx_word' id='word_1_470' title='bbox 1941 2794 2240 2855; x_wconf 86' lang='lat' dir='ltr'><strong>utcunque,</strong></span> <span class='ocrx_word' id='word_1_471' title='bbox 2278 2783 2478 2855; x_wconf 87' lang='lat' dir='ltr'><strong>partim</strong></span> <span class='ocrx_word' id='word_1_472' title='bbox 2503 2799 2570 2837; x_wconf 74' lang='lat' dir='ltr'><strong>ex</strong></span> <span class='ocrx_word' id='word_1_473' title='bbox 2591 2781 2823 2837; x_wconf 91' lang='lat' dir='ltr'><strong>solemni</strong></span> <span class='ocrx_word' id='word_1_474' title='bbox 2848 2780 3244 2851; x_wconf 70' lang='lat' dir='ltr'><strong>giorilicatione</strong></span> <span class='ocrx_word' id='word_1_475' title='bbox 3268 2794 3375 2848; x_wconf 89' lang='lat' dir='ltr'><strong>qua</strong></span> <span class='ocrx_word' id='word_1_476' title='bbox 3402 2776 3515 2832; x_wconf 87' lang='lat' dir='ltr'><strong>sin-</strong></span> 
     </span>
    </p>
   </div>
   <div class='ocr_carea' id='block_1_73' title="bbox 1941 2868 3514 2946">
    <p class='ocr_par' dir='ltr' id='par_1_73' title="bbox 1941 2868 3514 2946">
     <span class='ocr_line' id='line_1_73' title="bbox 1941 2868 3514 2946; baseline -0.007 -17"><span class='ocrx_word' id='word_1_477' title='bbox 1941 2876 2053 2946; x_wconf 87' lang='lat' dir='ltr'><strong>guli</strong></span> <span class='ocrx_word' id='word_1_478' title='bbox 2110 2874 2399 2938; x_wconf 83' lang='lat' dir='ltr'><strong>ﬁniuntur,</strong></span> <span class='ocrx_word' id='word_1_479' title='bbox 2448 2871 2646 2942; x_wconf 90' lang='lat' dir='ltr'><strong>partim</strong></span> <span class='ocrx_word' id='word_1_480' title='bbox 2671 2885 2739 2925; x_wconf 77' lang='lat' dir='ltr'><strong>ex</strong></span> <span class='ocrx_word' id='word_1_481' title='bbox 2791 2868 3140 2939; x_wconf 87' lang='lat' dir='ltr'><strong>peroratione</strong></span> <span class='ocrx_word' id='word_1_482' title='bbox 3177 2882 3283 2936; x_wconf 91' lang='lat' dir='ltr'><strong>qua</strong></span> <span class='ocrx_word' id='word_1_483' title='bbox 3331 2880 3514 2920; x_wconf 89' lang='lat' dir='ltr'><strong>sermo</strong></span> 
     </span>
    </p>
   </div>
   <div class='ocr_carea' id='block_1_74' title="bbox 1940 2958 3516 3029">
    <p class='ocr_par' dir='ltr' id='par_1_74' title="bbox 1940 2958 3516 3029">
     <span class='ocr_line' id='line_1_74' title="bbox 1940 2958 3516 3029; baseline -0.008 -6"><span class='ocrx_word' id='word_1_484' title='bbox 1940 2969 2281 3024; x_wconf 88' lang='lat' dir='ltr'><strong>convertitur</strong></span> <span class='ocrx_word' id='word_1_485' title='bbox 2321 2966 2390 3021; x_wconf 90' lang='lat' dir='ltr'><strong>de</strong></span> <span class='ocrx_word' id='word_1_486' title='bbox 2438 2980 2588 3019; x_wconf 89' lang='lat' dir='ltr'><strong>more</strong></span> <span class='ocrx_word' id='word_1_487' title='bbox 2625 2962 2693 3016; x_wconf 89' lang='lat' dir='ltr'><strong>ad</strong></span> <span class='ocrx_word' id='word_1_488' title='bbox 2720 2961 3070 3025; x_wconf 88' lang='lat' dir='ltr'><strong>audientem,</strong></span> <span class='ocrx_word' id='word_1_489' title='bbox 3118 2959 3314 3029; x_wconf 87' lang='lat' dir='ltr'><strong>partim</strong></span> <span class='ocrx_word' id='word_1_490' title='bbox 3359 2958 3516 3012; x_wconf 85' lang='lat' dir='ltr'><strong>deni-</strong></span> 
     </span>
    </p>
   </div>
   <div class='ocr_carea' id='block_1_75' title="bbox 1942 3051 3516 3131">
    <p class='ocr_par' dir='ltr' id='par_1_75' title="bbox 1942 3051 3516 3131">
     <span class='ocr_line' id='line_1_75' title="bbox 1942 3051 3516 3131; baseline -0.008 -15"><span class='ocrx_word' id='word_1_491' title='bbox 1942 3076 2049 3131; x_wconf 91' lang='lat' dir='ltr'><strong>que</strong></span> <span class='ocrx_word' id='word_1_492' title='bbox 2099 3076 2169 3115; x_wconf 72' lang='lat' dir='ltr'><strong>ex</strong></span> <span class='ocrx_word' id='word_1_493' title='bbox 2226 3058 2411 3123; x_wconf 91' lang='lat' dir='ltr'><strong>modo,</strong></span> <span class='ocrx_word' id='word_1_494' title='bbox 2469 3072 2565 3112; x_wconf 90' lang='lat' dir='ltr'><strong>seu</strong></span> <span class='ocrx_word' id='word_1_495' title='bbox 2620 3052 2997 3125; x_wconf 84' lang='lat' dir='ltr'><strong>magnitudine</strong></span> <span class='ocrx_word' id='word_1_496' title='bbox 3053 3051 3307 3106; x_wconf 84' lang='lat' dir='ltr'><strong>concioni</strong></span> <span class='ocrx_word' id='word_1_497' title='bbox 3366 3065 3516 3104; x_wconf 90' lang='lat' dir='ltr'><strong>com-</strong></span> 
     </span>
    </p>
   </div>
   <div class='ocr_carea' id='block_1_76' title="bbox 1940 3169 2149 3210">
    <p class='ocr_par' dir='ltr' id='par_1_76' title="bbox 1940 3169 2149 3210">
     <span class='ocr_line' id='line_1_76' title="bbox 1940 3169 2149 3210; baseline -0.014 0"><span class='ocrx_word' id='word_1_498' title='bbox 1940 3169 2149 3210; x_wconf 85' lang='lat' dir='ltr'><strong>mensa.</strong></span> 
     </span>
    </p>
   </div>
   <div class='ocr_carea' id='block_1_77' title="bbox 2010 3234 3515 3312">
    <p class='ocr_par' dir='ltr' id='par_1_77' title="bbox 2010 3234 3515 3312">
     <span class='ocr_line' id='line_1_77' title="bbox 2010 3234 3515 3312; baseline -0.008 -11"><span class='ocrx_word' id='word_1_499' title='bbox 2010 3245 2148 3301; x_wconf 89' lang='lat' dir='ltr'><strong>VIII.</strong></span> <span class='ocrx_word' id='word_1_500' title='bbox 2176 3244 2315 3299; x_wconf 86' lang='lat' dir='ltr'><strong>Dicti</strong></span> <span class='ocrx_word' id='word_1_501' title='bbox 2340 3251 2472 3298; x_wconf 88' lang='lat' dir='ltr'><strong>sunt</strong></span> <span class='ocrx_word' id='word_1_502' title='bbox 2492 3242 2661 3312; x_wconf 87' lang='lat' dir='ltr'><strong>igitur</strong></span> <span class='ocrx_word' id='word_1_503' title='bbox 2686 3237 3011 3300; x_wconf 57' lang='lat' dir='ltr'><strong>Antiochia,</strong></span> <span class='ocrx_word' id='word_1_504' title='bbox 3046 3236 3099 3290; x_wconf 90' lang='lat' dir='ltr'><strong>in</strong></span> <span class='ocrx_word' id='word_1_505' title='bbox 3122 3235 3258 3290; x_wconf 91' lang='lat' dir='ltr'><strong>urbe</strong></span> <span class='ocrx_word' id='word_1_506' title='bbox 3274 3234 3515 3291; x_wconf 90' lang='lat' dir='ltr'><strong>Orientis</strong></span> 
     </span>
    </p>
   </div>
   <div class='ocr_carea' id='block_1_78' title="bbox 1942 3324 3517 3407">
    <p class='ocr_par' dir='ltr' id='par_1_78' title="bbox 1942 3324 3517 3407">
     <span class='ocr_line' id='line_1_78' title="bbox 1942 3324 3517 3407; baseline -0.007 -17"><span class='ocrx_word' id='word_1_507' title='bbox 1942 3336 2224 3407; x_wconf 84' lang='lat' dir='ltr'><strong>primaria,</strong></span> <span class='ocrx_word' id='word_1_508' title='bbox 2261 3348 2382 3404; x_wconf 59' lang='lat' dir='ltr'><strong>qua</strong></span> <span class='ocrx_word' id='word_1_509' title='bbox 2416 3333 2544 3402; x_wconf 91' lang='lat' dir='ltr'><strong>quia</strong></span> <span class='ocrx_word' id='word_1_510' title='bbox 2586 3330 2788 3386; x_wconf 89' lang='lat' dir='ltr'><strong>litteris</strong></span> <span class='ocrx_word' id='word_1_511' title='bbox 2830 3326 3035 3384; x_wconf 65' lang='lat' dir='ltr'><strong>Graecis</strong></span> <span class='ocrx_word' id='word_1_512' title='bbox 3063 3334 3183 3381; x_wconf 89' lang='lat' dir='ltr'><strong>erat</strong></span> <span class='ocrx_word' id='word_1_513' title='bbox 3208 3324 3517 3380; x_wconf 80' lang='lat' dir='ltr'><strong>excultissi-</strong></span> 
     </span>
    </p>
   </div>
   <div class='ocr_carea' id='block_1_79' title="bbox 1940 3409 3517 3493">
    <p class='ocr_par' dir='ltr' id='par_1_79' title="bbox 1940 3409 3517 3493">
     <span class='ocr_line' id='line_1_79' title="bbox 1940 3409 3517 3493; baseline -0.01 -9"><span class='ocrx_word' id='word_1_514' title='bbox 1940 3409 2050 3493; x_wconf 85' lang='lat' dir='ltr'><strong>ma,</strong></span> <span class='ocrx_word' id='word_1_515' title='bbox 2073 3429 2183 3482; x_wconf 89' lang='lat' dir='ltr'><strong>imo</strong></span> <span class='ocrx_word' id='word_1_516' title='bbox 2206 3427 2519 3482; x_wconf 89' lang='lat' dir='ltr'><strong>litterarum</strong></span> <span class='ocrx_word' id='word_1_517' title='bbox 2543 3423 2668 3479; x_wconf 89' lang='lat' dir='ltr'><strong>fons</strong></span> <span class='ocrx_word' id='word_1_518' title='bbox 2694 3420 3031 3481; x_wconf 88' lang='lat' dir='ltr'><strong>uberrimus,</strong></span> <span class='ocrx_word' id='word_1_519' title='bbox 3063 3425 3337 3472; x_wconf 87' lang='lat' dir='ltr'><strong>tantarum</strong></span> <span class='ocrx_word' id='word_1_520' title='bbox 3377 3416 3517 3471; x_wconf 89' lang='lat' dir='ltr'><strong>deli-</strong></span> 
     </span>
    </p>
   </div>
   <div class='ocr_carea' id='block_1_80' title="bbox 1941 3508 3514 3584">
    <p class='ocr_par' dir='ltr' id='par_1_80' title="bbox 1941 3508 3514 3584">
     <span class='ocr_line' id='line_1_80' title="bbox 1941 3508 3514 3584; baseline -0.01 -8"><span class='ocrx_word' id='word_1_521' title='bbox 1941 3522 2149 3578; x_wconf 89' lang='lat' dir='ltr'><strong>ciarum</strong></span> <span class='ocrx_word' id='word_1_522' title='bbox 2195 3533 2419 3574; x_wconf 88' lang='lat' dir='ltr'><strong>sensnm</strong></span> <span class='ocrx_word' id='word_1_523' title='bbox 2482 3514 2686 3570; x_wconf 89' lang='lat' dir='ltr'><strong>habere</strong></span> <span class='ocrx_word' id='word_1_524' title='bbox 2736 3512 2938 3584; x_wconf 85' lang='lat' dir='ltr'><strong>potuit,</strong></span> <span class='ocrx_word' id='word_1_525' title='bbox 2984 3525 3123 3580; x_wconf 91' lang='lat' dir='ltr'><strong>quas</strong></span> <span class='ocrx_word' id='word_1_526' title='bbox 3188 3508 3514 3580; x_wconf 82' lang='lat' dir='ltr'><strong>Cyrensium</strong></span> 
     </span>
    </p>
   </div>
   <div class='ocr_carea' id='block_1_81' title="bbox 1942 3600 3145 3678">
    <p class='ocr_par' dir='ltr' id='par_1_81' title="bbox 1942 3600 3145 3678">
     <span class='ocr_line' id='line_1_81' title="bbox 1942 3600 3145 3678; baseline -0.011 -12"><span class='ocrx_word' id='word_1_527' title='bbox 1942 3610 2155 3667; x_wconf 86' lang='lat' dir='ltr'><strong>rnditas</strong></span> <span class='ocrx_word' id='word_1_528' title='bbox 2184 3625 2250 3664; x_wconf 89' lang='lat' dir='ltr'><strong>ac</strong></span> <span class='ocrx_word' id='word_1_529' title='bbox 2273 3623 2412 3678; x_wconf 89' lang='lat' dir='ltr'><strong>pene</strong></span> <span class='ocrx_word' id='word_1_530' title='bbox 2432 3604 2716 3662; x_wconf 88' lang='lat' dir='ltr'><strong>barbaries</strong></span> <span class='ocrx_word' id='word_1_531' title='bbox 2745 3617 2856 3657; x_wconf 90' lang='lat' dir='ltr'><strong>non</strong></span> <span class='ocrx_word' id='word_1_532' title='bbox 2874 3600 3145 3670; x_wconf 82' lang='lat' dir='ltr'><strong>capiebat.</strong></span> 
     </span>
    </p>
   </div>
   <div class='ocr_carea' id='block_1_82' title="bbox 2012 3689 3517 3770">
    <p class='ocr_par' dir='ltr' id='par_1_82' title="bbox 2012 3689 3517 3770">
     <span class='ocr_line' id='line_1_82' title="bbox 2012 3689 3517 3770; baseline -0.011 -13"><span class='ocrx_word' id='word_1_533' title='bbox 2012 3702 2102 3757; x_wconf 77' lang='lat' dir='ltr'><strong>IX.</strong></span> <span class='ocrx_word' id='word_1_534' title='bbox 2139 3701 2212 3756; x_wconf 83' lang='lat' dir='ltr'><strong>De</strong></span> <span class='ocrx_word' id='word_1_535' title='bbox 2258 3700 2347 3755; x_wconf 92' lang='lat' dir='ltr'><strong>his</strong></span> <span class='ocrx_word' id='word_1_536' title='bbox 2393 3713 2495 3770; x_wconf 87' lang='lat' dir='ltr'><strong>ego</strong></span> <span class='ocrx_word' id='word_1_537' title='bbox 2534 3695 2841 3767; x_wconf 64' lang='lat' dir='ltr'><strong>praesertim</strong></span> <span class='ocrx_word' id='word_1_538' title='bbox 2886 3689 3257 3753; x_wconf 85' lang='lat' dir='ltr'><strong>sermonibus,</strong></span> <span class='ocrx_word' id='word_1_539' title='bbox 3289 3695 3517 3758; x_wconf 88' lang='lat' dir='ltr'><strong>propter</strong></span> 
     </span>
    </p>
   </div>
   <div class='ocr_carea' id='block_1_83' title="bbox 1944 3778 3523 3859">
    <p class='ocr_par' dir='ltr' id='par_1_83' title="bbox 1944 3778 3523 3859">
     <span class='ocr_line' id='line_1_83' title="bbox 1944 3778 3523 3859; baseline -0.013 -10"><span class='ocrx_word' id='word_1_540' title='bbox 1944 3794 2326 3849; x_wconf 85' lang='lat' dir='ltr'><strong>admirabilem</strong></span> <span class='ocrx_word' id='word_1_541' title='bbox 2355 3787 2750 3859; x_wconf 91' lang='lat' dir='ltr'><strong>eloquentiam,</strong></span> <span class='ocrx_word' id='word_1_542' title='bbox 2802 3784 3139 3852; x_wconf 89' lang='lat' dir='ltr'><strong>interpretor</strong></span> <span class='ocrx_word' id='word_1_543' title='bbox 3185 3778 3523 3849; x_wconf 82' lang='lat' dir='ltr'><strong>Theodoreti</strong></span> 
     </span>
    </p>
   </div>
   <div class='ocr_carea' id='block_1_84' title="bbox 1944 3869 3514 3950">
    <p class='ocr_par' dir='ltr' id='par_1_84' title="bbox 1944 3869 3514 3950">
     <span class='ocr_line' id='line_1_84' title="bbox 1944 3869 3514 3950; baseline -0.011 -12"><span class='ocrx_word' id='word_1_544' title='bbox 1944 3888 2134 3950; x_wconf 87' lang='lat' dir='ltr'><strong>verba,</strong></span> <span class='ocrx_word' id='word_1_545' title='bbox 2170 3885 2238 3939; x_wconf 89' lang='lat' dir='ltr'><strong>de</strong></span> <span class='ocrx_word' id='word_1_546' title='bbox 2289 3884 2500 3939; x_wconf 86' lang='lat' dir='ltr'><strong>Joanne</strong></span> <span class='ocrx_word' id='word_1_547' title='bbox 2549 3877 2894 3935; x_wconf 85' lang='lat' dir='ltr'><strong>Antioclteno</strong></span> <span class='ocrx_word' id='word_1_548' title='bbox 2945 3873 3072 3937; x_wconf 89' lang='lat' dir='ltr'><strong>sibi,</strong></span> <span class='ocrx_word' id='word_1_549' title='bbox 3113 3886 3238 3926; x_wconf 92' lang='lat' dir='ltr'><strong>cum</strong></span> <span class='ocrx_word' id='word_1_550' title='bbox 3285 3869 3514 3932; x_wconf 89' lang='lat' dir='ltr'><strong>diceret,</strong></span> 
     </span>
    </p>
   </div>
   <div class='ocr_carea' id='block_1_85' title="bbox 1945 3958 3515 4045">
    <p class='ocr_par' dir='ltr' id='par_1_85' title="bbox 1945 3958 3515 4045">
     <span class='ocr_line' id='line_1_85' title="bbox 1945 3958 3515 4045; baseline -0.012 -14"><span class='ocrx_word' id='word_1_551' title='bbox 1945 3975 2282 4045; x_wconf 87' lang='lat' dir='ltr'><strong>plaudente:</strong></span> <span class='ocrx_word' id='word_1_552' title='bbox 2323 3992 2340 4024; x_wconf 84' lang='grc'>‹</span> <span class='ocrx_word' id='word_1_553' title='bbox 2375 3967 2786 4026; x_wconf 89' lang='lat' dir='ltr'><strong>Disserentibus</strong></span> <span class='ocrx_word' id='word_1_554' title='bbox 2825 3964 2987 4019; x_wconf 91' lang='lat' dir='ltr'><strong>nobis</strong></span> <span class='ocrx_word' id='word_1_555' title='bbox 3032 3964 3114 4016; x_wconf 91' lang='lat' dir='ltr'><strong>sic</strong></span> <span class='ocrx_word' id='word_1_556' title='bbox 3153 3958 3515 4025; x_wconf 73' lang='lat' dir='ltr'><strong>afficiebatur,</strong></span> 
     </span>
    </p>
   </div>
   <div class='ocr_carea' id='block_1_86' title="bbox 1948 4051 3512 4133">
    <p class='ocr_par' dir='ltr' id='par_1_86' title="bbox 1948 4051 3512 4133">
     <span class='ocr_line' id='line_1_86' title="bbox 1948 4051 3512 4133; baseline -0.01 -12"><span class='ocrx_word' id='word_1_557' title='bbox 1948 4078 2006 4122; x_wconf 92' lang='lat' dir='ltr'><strong>ut</strong></span> <span class='ocrx_word' id='word_1_558' title='bbox 2030 4066 2219 4121; x_wconf 89' lang='lat' dir='ltr'><strong>ambas</strong></span> <span class='ocrx_word' id='word_1_559' title='bbox 2242 4078 2384 4133; x_wconf 67' lang='lat' dir='ltr'><strong>saepe</strong></span> <span class='ocrx_word' id='word_1_560' title='bbox 2416 4075 2610 4116; x_wconf 90' lang='lat' dir='ltr'><strong>manus</strong></span> <span class='ocrx_word' id='word_1_561' title='bbox 2639 4075 2749 4115; x_wconf 90' lang='lat' dir='ltr'><strong>non</strong></span> <span class='ocrx_word' id='word_1_562' title='bbox 2787 4064 3019 4121; x_wconf 90' lang='lat' dir='ltr'><strong>teneret,</strong></span> <span class='ocrx_word' id='word_1_563' title='bbox 3046 4063 3102 4110; x_wconf 91' lang='lat' dir='ltr'><strong>ct</strong></span> <span class='ocrx_word' id='word_1_564' title='bbox 3134 4053 3201 4109; x_wconf 93' lang='lat' dir='ltr'><strong>de</strong></span> <span class='ocrx_word' id='word_1_565' title='bbox 3244 4051 3372 4108; x_wconf 91' lang='lat' dir='ltr'><strong>sede</strong></span> <span class='ocrx_word' id='word_1_566' title='bbox 3412 4066 3512 4107; x_wconf 87' lang='lat' dir='ltr'><strong>sua</strong></span> 
     </span>
    </p>
   </div>
   <div class='ocr_carea' id='block_1_87' title="bbox 1948 4161 2635 4227">
    <p class='ocr_par' dir='ltr' id='par_1_87' title="bbox 1948 4161 2635 4227">
     <span class='ocr_line' id='line_1_87' title="bbox 1948 4161 2635 4227; baseline -0.012 -13"><span class='ocrx_word' id='word_1_567' title='bbox 1948 4163 2332 4227; x_wconf 83' lang='lat' dir='ltr'><strong>consurgeret,</strong></span> <span class='ocrx_word' id='word_1_568' title='bbox 2377 4173 2394 4205; x_wconf 75' lang='grc' dir='ltr'><strong>ι</strong></span> <span class='ocrx_word' id='word_1_569' title='bbox 2429 4161 2537 4207; x_wconf 87' lang='lat' dir='ltr'><strong>etc.</strong></span> <span class='ocrx_word' id='word_1_570' title='bbox 2634 4162 2635 4165; x_wconf 71' lang='lat'>‘</span> 
     </span>
    </p>
   </div>
   <div class='ocr_carea' id='block_1_88' title="bbox 2018 4234 3519 4312">
    <p class='ocr_par' dir='ltr' id='par_1_88' title="bbox 2018 4234 3519 4312">
     <span class='ocr_line' id='line_1_88' title="bbox 2018 4234 3519 4312; baseline -0.01 -10"><span class='ocrx_word' id='word_1_571' title='bbox 2018 4248 2087 4303; x_wconf 82' lang='lat' dir='ltr'><strong>X.</strong></span> <span class='ocrx_word' id='word_1_572' title='bbox 2109 4242 2482 4307; x_wconf 89' lang='lat' dir='ltr'><strong>Observanda,</strong></span> <span class='ocrx_word' id='word_1_573' title='bbox 2514 4257 2636 4312; x_wconf 84' lang='lat' dir='ltr'><strong>quae</strong></span> <span class='ocrx_word' id='word_1_574' title='bbox 2658 4239 2713 4295; x_wconf 92' lang='lat' dir='ltr'><strong>in</strong></span> <span class='ocrx_word' id='word_1_575' title='bbox 2758 4240 2973 4296; x_wconf 86' lang='lat' dir='ltr'><strong>decimo</strong></span> <span class='ocrx_word' id='word_1_576' title='bbox 2996 4238 3195 4309; x_wconf 87' lang='lat' dir='ltr'><strong>partim</strong></span> <span class='ocrx_word' id='word_1_577' title='bbox 3221 4235 3288 4291; x_wconf 89' lang='lat' dir='ltr'><strong>dc</strong></span> <span class='ocrx_word' id='word_1_578' title='bbox 3310 4234 3519 4305; x_wconf 85' lang='lat' dir='ltr'><strong>patien—</strong></span> 
     </span>
    </p>
   </div>
   <div class='ocr_carea' id='block_1_89' title="bbox 1955 4324 3516 4399">
    <p class='ocr_par' dir='ltr' id='par_1_89' title="bbox 1955 4324 3516 4399">
     <span class='ocr_line' id='line_1_89' title="bbox 1955 4324 3516 4399; baseline -0.012 -4"><span class='ocrx_word' id='word_1_579' title='bbox 1955 4341 2025 4395; x_wconf 88' lang='lat' dir='ltr'><strong>tia</strong></span> <span class='ocrx_word' id='word_1_580' title='bbox 2053 4346 2368 4394; x_wconf 90' lang='lat' dir='ltr'><strong>sanctorum</strong></span> <span class='ocrx_word' id='word_1_581' title='bbox 2401 4332 2717 4388; x_wconf 90' lang='lat' dir='ltr'><strong>inferendis</strong></span> <span class='ocrx_word' id='word_1_582' title='bbox 2737 4331 3001 4392; x_wconf 89' lang='lat' dir='ltr'><strong>adversis,</strong></span> <span class='ocrx_word' id='word_1_583' title='bbox 3034 4329 3232 4399; x_wconf 90' lang='lat' dir='ltr'><strong>partint</strong></span> <span class='ocrx_word' id='word_1_584' title='bbox 3255 4327 3323 4381; x_wconf 87' lang='lat' dir='ltr'><strong>de</strong></span> <span class='ocrx_word' id='word_1_585' title='bbox 3357 4324 3516 4379; x_wconf 80' lang='lat' dir='ltr'><strong>Verbi</strong></span> 
     </span>
    </p>
   </div>
   <div class='ocr_carea' id='block_1_90' title="bbox 292 4418 3518 4500">
    <p class='ocr_par' dir='ltr' id='par_1_90' title="bbox 292 4418 3518 4500">
     <span class='ocr_line' id='line_1_90' title="bbox 292 4418 3518 4500; baseline -0.005 -19"><span class='ocrx_word' id='word_1_586' title='bbox 292 4429 569 4485; x_wconf 80' lang='lat' dir='ltr'><strong>admodum</strong></span> <span class='ocrx_word' id='word_1_587' title='bbox 618 4430 675 4483; x_wconf 91' lang='lat' dir='ltr'><strong>in</strong></span> <span class='ocrx_word' id='word_1_588' title='bbox 717 4429 1064 4484; x_wconf 87' lang='lat' dir='ltr'><strong>sermonibus</strong></span> <span class='ocrx_word' id='word_1_589' title='bbox 1112 4429 1179 4484; x_wconf 91' lang='lat' dir='ltr'><strong>de</strong></span> <span class='ocrx_word' id='word_1_590' title='bbox 1211 4430 1561 4485; x_wconf 87' lang='lat' dir='ltr'><strong>Providentia</strong></span> <span class='ocrx_word' id='word_1_591' title='bbox 1598 4431 1851 4500; x_wconf 90' lang='lat' dir='ltr'><strong>pluribus</strong></span> <span class='ocrx_word' id='word_1_592' title='bbox 1882 4439 1923 4492; x_wconf 85' lang='grc' dir='ltr'>ι)</span> <span class='ocrx_word' id='word_1_593' title='bbox 1954 4427 2333 4484; x_wconf 90' lang='lat' dir='ltr'><strong>incarnatione</strong></span> <span class='ocrx_word' id='word_1_594' title='bbox 2364 4430 2690 4478; x_wconf 84' lang='lat' dir='ltr'><strong>tractantur.</strong></span> <span class='ocrx_word' id='word_1_595' title='bbox 2735 4420 2828 4475; x_wconf 88' lang='lat' dir='ltr'><strong>Illa</strong></span> <span class='ocrx_word' id='word_1_596' title='bbox 2853 4418 3148 4489; x_wconf 88' lang='lat' dir='ltr'><strong>siquidem,</strong></span> <span class='ocrx_word' id='word_1_597' title='bbox 3202 4423 3264 4470; x_wconf 91' lang='lat' dir='ltr'><strong>ut</strong></span> <span class='ocrx_word' id='word_1_598' title='bbox 3291 4420 3518 4483; x_wconf 90' lang='lat' dir='ltr'><strong>cognata</strong></span> 
     </span>
    </p>
   </div>
   <div class='ocr_carea' id='block_1_91' title="bbox 292 4519 1849 4590">
    <p class='ocr_par' dir='ltr' id='par_1_91' title="bbox 292 4519 1849 4590">
     <span class='ocr_line' id='line_1_91' title="bbox 292 4519 1849 4590; baseline 0 -17"><span class='ocrx_word' id='word_1_599' title='bbox 292 4520 461 4577; x_wconf 84' lang='lat' dir='ltr'><strong>verbis</strong></span> <span class='ocrx_word' id='word_1_600' title='bbox 481 4521 692 4576; x_wconf 91' lang='lat' dir='ltr'><strong>dictum</strong></span> <span class='ocrx_word' id='word_1_601' title='bbox 716 4530 822 4575; x_wconf 90' lang='lat' dir='ltr'><strong>est.</strong></span> <span class='ocrx_word' id='word_1_602' title='bbox 854 4539 872 4571; x_wconf 72' lang='grc' dir='ltr'><strong>ι</strong></span> <span class='ocrx_word' id='word_1_603' title='bbox 927 4519 1182 4574; x_wconf 81' lang='lat' dir='ltr'><strong>Vindicat</strong></span> <span class='ocrx_word' id='word_1_604' title='bbox 1227 4520 1465 4590; x_wconf 92' lang='lat' dir='ltr'><strong>denique</strong></span> <span class='ocrx_word' id='word_1_605' title='bbox 1516 4521 1573 4574; x_wconf 92' lang='lat' dir='ltr'><strong>in</strong></span> <span class='ocrx_word' id='word_1_606' title='bbox 1618 4521 1849 4590; x_wconf 88' lang='lat' dir='ltr'><strong>epistola</strong></span> 
     </span>
    </p>
   </div>
   <div class='ocr_carea' id='block_1_92' title="bbox 292 4612 1848 4684">
    <p class='ocr_par' dir='ltr' id='par_1_92' title="bbox 292 4612 1848 4684">
     <span class='ocr_line' id='line_1_92' title="bbox 292 4612 1848 4684; baseline 0.001 -20"><span class='ocrx_word' id='word_1_607' title='bbox 292 4612 384 4666; x_wconf 66' lang='grc' dir='ltr'><strong>εἰς</strong></span> <span class='ocrx_word' id='word_1_608' title='bbox 420 4631 439 4665; x_wconf 74' lang='grc' dir='ltr'><strong>ι</strong></span> <span class='ocrx_word' id='word_1_609' title='bbox 480 4613 743 4684; x_wconf 80' lang='lat' dir='ltr'><strong>Mysticus</strong></span> <span class='ocrx_word' id='word_1_610' title='bbox 782 4626 1002 4681; x_wconf 89' lang='lat' dir='ltr'><strong>quoque</strong></span> <span class='ocrx_word' id='word_1_611' title='bbox 1030 4612 1169 4667; x_wconf 89' lang='lat' dir='ltr'><strong>liber</strong></span> <span class='ocrx_word' id='word_1_612' title='bbox 1204 4628 1236 4667; x_wconf 91' lang='lat' dir='ltr'><strong>a</strong></span> <span class='ocrx_word' id='word_1_613' title='bbox 1268 4613 1428 4666; x_wconf 87' lang='lat' dir='ltr'><strong>nobis</strong></span> <span class='ocrx_word' id='word_1_614' title='bbox 1482 4613 1848 4681; x_wconf 87' lang='lat' dir='ltr'><strong>conscriptus,</strong></span> 
     </span>
    </p>
   </div>
   <div class='ocr_carea' id='block_1_93' title="bbox 292 4703 1849 4771">
    <p class='ocr_par' dir='ltr' id='par_1_93' title="bbox 292 4703 1849 4771">
     <span class='ocr_line' id='line_1_93' title="bbox 292 4703 1849 4771; baseline -0.001 -13"><span class='ocrx_word' id='word_1_615' title='bbox 292 4707 430 4761; x_wconf 86' lang='lat' dir='ltr'><strong>etde</strong></span> <span class='ocrx_word' id='word_1_616' title='bbox 474 4705 827 4761; x_wconf 89' lang='lat' dir='ltr'><strong>Providentia</strong></span> <span class='ocrx_word' id='word_1_617' title='bbox 873 4703 1013 4756; x_wconf 88' lang='lat' dir='ltr'><strong>liber</strong></span> <span class='ocrx_word' id='word_1_618' title='bbox 1046 4703 1218 4769; x_wconf 91' lang='lat' dir='ltr'><strong>alius;</strong></span> <span class='ocrx_word' id='word_1_619' title='bbox 1253 4723 1272 4753; x_wconf 78' lang='grc' dir='ltr'><strong>ι</strong></span> <span class='ocrx_word' id='word_1_620' title='bbox 1322 4703 1378 4757; x_wconf 88' lang='lat' dir='ltr'><strong>in</strong></span> <span class='ocrx_word' id='word_1_621' title='bbox 1433 4717 1595 4771; x_wconf 90' lang='lat' dir='ltr'><strong>quem</strong></span> <span class='ocrx_word' id='word_1_622' title='bbox 1652 4717 1849 4771; x_wconf 90' lang='lat' dir='ltr'><strong>nempe</strong></span> 
     </span>
    </p>
   </div>
   <div class='ocr_carea' id='block_1_94' title="bbox 294 4796 1605 4865">
    <p class='ocr_par' dir='ltr' id='par_1_94' title="bbox 294 4796 1605 4865">
     <span class='ocr_line' id='line_1_94' title="bbox 294 4796 1605 4865; baseline -0.005 -13"><span class='ocrx_word' id='word_1_623' title='bbox 294 4814 560 4854; x_wconf 87' lang='lat' dir='ltr'><strong>sermones</strong></span> <span class='ocrx_word' id='word_1_624' title='bbox 591 4797 783 4852; x_wconf 89' lang='lat' dir='ltr'><strong>decem</strong></span> <span class='ocrx_word' id='word_1_625' title='bbox 809 4796 1124 4865; x_wconf 88' lang='lat' dir='ltr'><strong>collegerat.</strong></span> <span class='ocrx_word' id='word_1_626' title='bbox 1602 4808 1605 4809; x_wconf 68' lang='lat'><strong><em>&#39;</em></strong></span> 
     </span>
    </p>
   </div>
   <div class='ocr_carea' id='block_1_95' title="bbox 354 4882 1851 4945">
    <p class='ocr_par' dir='ltr' id='par_1_95' title="bbox 354 4882 1851 4945">
     <span class='ocr_line' id='line_1_95' title="bbox 354 4882 1851 4945; baseline -0.006 -3"><span class='ocrx_word' id='word_1_627' title='bbox 354 4887 436 4942; x_wconf 89' lang='lat' dir='ltr'><strong>lll.</strong></span> <span class='ocrx_word' id='word_1_628' title='bbox 471 4888 549 4942; x_wconf 78' lang='lat' dir='ltr'><strong>Ex</strong></span> <span class='ocrx_word' id='word_1_629' title='bbox 580 4887 667 4940; x_wconf 90' lang='lat' dir='ltr'><strong>his</strong></span> <span class='ocrx_word' id='word_1_630' title='bbox 693 4885 805 4938; x_wconf 87' lang='lat' dir='ltr'><strong>duo</strong></span> <span class='ocrx_word' id='word_1_631' title='bbox 836 4893 1088 4939; x_wconf 89' lang='lat' dir='ltr'><strong>constant</strong></span> <span class='ocrx_word' id='word_1_632' title='bbox 1115 4901 1128 4936; x_wconf 89' lang='lat'><strong>:</strong></span> <span class='ocrx_word' id='word_1_633' title='bbox 1186 4883 1439 4945; x_wconf 90' lang='lat' dir='ltr'><strong>alterum,</strong></span> <span class='ocrx_word' id='word_1_634' title='bbox 1473 4884 1619 4938; x_wconf 91' lang='lat' dir='ltr'><strong>hunc</strong></span> <span class='ocrx_word' id='word_1_635' title='bbox 1645 4882 1851 4935; x_wconf 90' lang='lat' dir='ltr'><strong>librum</strong></span> 
     </span>
    </p>
   </div>
   <div class='ocr_carea' id='block_1_96' title="bbox 295 4973 1850 5046">
    <p class='ocr_par' dir='ltr' id='par_1_96' title="bbox 295 4973 1850 5046">
     <span class='ocr_line' id='line_1_96' title="bbox 295 4973 1850 5046; baseline -0.003 -16"><span class='ocrx_word' id='word_1_636' title='bbox 295 4979 353 5033; x_wconf 86' lang='lat' dir='ltr'><strong>ab</strong></span> <span class='ocrx_word' id='word_1_637' title='bbox 396 4993 460 5033; x_wconf 88' lang='lat' dir='ltr'><strong>eo</strong></span> <span class='ocrx_word' id='word_1_638' title='bbox 519 4978 744 5033; x_wconf 78' lang='lat' dir='ltr'><strong>differre</strong></span> <span class='ocrx_word' id='word_1_639' title='bbox 774 5016 789 5039; x_wconf 92' lang='lat'><strong>,</strong></span> <span class='ocrx_word' id='word_1_640' title='bbox 848 4975 942 5044; x_wconf 91' lang='lat' dir='ltr'><strong>qui</strong></span> <span class='ocrx_word' id='word_1_641' title='bbox 982 4974 1246 5046; x_wconf 86' lang='lat' dir='ltr'><strong>mysticus</strong></span> <span class='ocrx_word' id='word_1_642' title='bbox 1277 4973 1479 5028; x_wconf 89' lang='lat' dir='ltr'><strong>dicitur</strong></span> <span class='ocrx_word' id='word_1_643' title='bbox 1514 4992 1528 5037; x_wconf 89' lang='lat'><strong>;</strong></span> <span class='ocrx_word' id='word_1_644' title='bbox 1591 4974 1850 5034; x_wconf 79' lang='lat' dir='ltr'><strong>alterum,</strong></span> 
     </span>
    </p>
   </div>
   <div class='ocr_carea' id='block_1_97' title="bbox 252 5065 1852 5141">
    <p class='ocr_par' dir='ltr' id='par_1_97' title="bbox 252 5065 1852 5141">
     <span class='ocr_line' id='line_1_97' title="bbox 252 5065 1852 5141; baseline -0.005 -16"><span class='ocrx_word' id='word_1_645' title='bbox 252 5128 257 5137; x_wconf 58' lang='grc'><strong>,</strong></span> <span class='ocrx_word' id='word_1_646' title='bbox 297 5071 540 5141; x_wconf 81' lang='lat' dir='ltr'><strong>scriptum</strong></span> <span class='ocrx_word' id='word_1_647' title='bbox 592 5069 768 5125; x_wconf 90' lang='lat' dir='ltr'><strong>fuisse</strong></span> <span class='ocrx_word' id='word_1_648' title='bbox 827 5078 956 5121; x_wconf 90' lang='lat' dir='ltr'><strong>ante</strong></span> <span class='ocrx_word' id='word_1_649' title='bbox 1000 5065 1428 5122; x_wconf 88' lang='lat' dir='ltr'><strong>commentarios</strong></span> <span class='ocrx_word' id='word_1_650' title='bbox 1483 5065 1538 5119; x_wconf 93' lang='lat' dir='ltr'><strong>in</strong></span> <span class='ocrx_word' id='word_1_651' title='bbox 1578 5066 1852 5119; x_wconf 84' lang='lat' dir='ltr'><strong>Psalmuni</strong></span> 
     </span>
    </p>
   </div>
   <div class='ocr_carea' id='block_1_98' title="bbox 296 5177 440 5218">
    <p class='ocr_par' dir='ltr' id='par_1_98' title="bbox 296 5177 440 5218">
     <span class='ocr_line' id='line_1_98' title="bbox 296 5177 440 5218; baseline 0.014 -2"><span class='ocrx_word' id='word_1_652' title='bbox 296 5177 440 5218; x_wconf 66' lang='grc' dir='ltr'>ικνιι.</span> 
     </span>
    </p>
   </div>
   <div class='ocr_carea' id='block_1_99' title="bbox 354 5247 1855 5319">
    <p class='ocr_par' dir='ltr' id='par_1_99' title="bbox 354 5247 1855 5319">
     <span class='ocr_line' id='line_1_99' title="bbox 354 5247 1855 5319; baseline -0.008 -8"><span class='ocrx_word' id='word_1_653' title='bbox 354 5255 433 5311; x_wconf 87' lang='lat' dir='ltr'><strong>IV.</strong></span> <span class='ocrx_word' id='word_1_654' title='bbox 476 5256 701 5318; x_wconf 86' lang='lat' dir='ltr'><strong>Verum,</strong></span> <span class='ocrx_word' id='word_1_655' title='bbox 726 5257 790 5307; x_wconf 92' lang='lat' dir='ltr'><strong>ut</strong></span> <span class='ocrx_word' id='word_1_656' title='bbox 823 5258 1043 5319; x_wconf 87' lang='lat' dir='ltr'><strong>tempus</strong></span> <span class='ocrx_word' id='word_1_657' title='bbox 1065 5248 1272 5303; x_wconf 89' lang='lat' dir='ltr'><strong>certius</strong></span> <span class='ocrx_word' id='word_1_658' title='bbox 1311 5254 1608 5311; x_wconf 86' lang='lat' dir='ltr'><strong>statuatur,</strong></span> <span class='ocrx_word' id='word_1_659' title='bbox 1646 5247 1725 5301; x_wconf 92' lang='lat' dir='ltr'><strong>sic</strong></span> <span class='ocrx_word' id='word_1_660' title='bbox 1771 5262 1855 5300; x_wconf 86' lang='lat' dir='ltr'><strong>ra—</strong></span> 
     </span>
    </p>
   </div>
   <div class='ocr_carea' id='block_1_100' title="bbox 295 5339 1859 5410">
    <p class='ocr_par' dir='ltr' id='par_1_100' title="bbox 295 5339 1859 5410">
     <span class='ocr_line' id='line_1_100' title="bbox 295 5339 1859 5410; baseline -0.008 -9"><span class='ocrx_word' id='word_1_661' title='bbox 295 5347 654 5402; x_wconf 83' lang='lat' dir='ltr'><strong>tiocinandum</strong></span> <span class='ocrx_word' id='word_1_662' title='bbox 680 5351 791 5398; x_wconf 91' lang='lat' dir='ltr'><strong>est.</strong></span> <span class='ocrx_word' id='word_1_663' title='bbox 823 5340 1073 5410; x_wconf 90' lang='lat' dir='ltr'><strong>Scriptus</strong></span> <span class='ocrx_word' id='word_1_664' title='bbox 1110 5346 1193 5393; x_wconf 87' lang='lat' dir='ltr'><strong>est</strong></span> <span class='ocrx_word' id='word_1_665' title='bbox 1223 5348 1368 5393; x_wconf 90' lang='lat' dir='ltr'><strong>certe</strong></span> <span class='ocrx_word' id='word_1_666' title='bbox 1414 5339 1556 5392; x_wconf 89' lang='lat' dir='ltr'><strong>liber</strong></span> <span class='ocrx_word' id='word_1_667' title='bbox 1600 5344 1726 5391; x_wconf 88' lang='lat' dir='ltr'><strong>ante</strong></span> <span class='ocrx_word' id='word_1_668' title='bbox 1763 5353 1859 5389; x_wconf 88' lang='lat' dir='ltr'><strong>an-</strong></span> 
     </span>
    </p>
   </div>
   <div class='ocr_carea' id='block_1_101' title="bbox 289 5429 1853 5493">
    <p class='ocr_par' dir='ltr' id='par_1_101' title="bbox 289 5429 1853 5493">
     <span class='ocr_line' id='line_1_101' title="bbox 289 5429 1853 5493; baseline -0.007 -2"><span class='ocrx_word' id='word_1_669' title='bbox 289 5454 404 5492; x_wconf 90' lang='lat' dir='ltr'><strong>num</strong></span> <span class='ocrx_word' id='word_1_670' title='bbox 428 5437 551 5493; x_wconf 67' lang='lat'><strong>458.</strong></span> <span class='ocrx_word' id='word_1_671' title='bbox 587 5435 732 5491; x_wconf 86' lang='lat' dir='ltr'><strong>Nam</strong></span> <span class='ocrx_word' id='word_1_672' title='bbox 763 5438 1089 5485; x_wconf 88' lang='lat' dir='ltr'><strong>numeratur</strong></span> <span class='ocrx_word' id='word_1_673' title='bbox 1120 5445 1150 5483; x_wconf 89' lang='lat' dir='ltr'><strong>a</strong></span> <span class='ocrx_word' id='word_1_674' title='bbox 1176 5429 1524 5483; x_wconf 88' lang='lat' dir='ltr'><strong>Theodoreto</strong></span> <span class='ocrx_word' id='word_1_675' title='bbox 1568 5429 1711 5481; x_wconf 88' lang='lat' dir='ltr'><strong>inter</strong></span> <span class='ocrx_word' id='word_1_676' title='bbox 1739 5443 1853 5489; x_wconf 82' lang='lat' dir='ltr'><strong>eos,</strong></span> 
     </span>
    </p>
   </div>
   <div class='ocr_carea' id='block_1_102' title="bbox 285 5517 1860 5599">
    <p class='ocr_par' dir='ltr' id='par_1_102' title="bbox 285 5517 1860 5599">
     <span class='ocr_line' id='line_1_102' title="bbox 285 5517 1860 5599; baseline -0.01 -16"><span class='ocrx_word' id='word_1_677' title='bbox 285 5544 426 5599; x_wconf 81' lang='lat' dir='ltr'><strong>quos,</strong></span> <span class='ocrx_word' id='word_1_678' title='bbox 448 5542 579 5584; x_wconf 88' lang='lat' dir='ltr'><strong>cum</strong></span> <span class='ocrx_word' id='word_1_679' title='bbox 603 5538 762 5580; x_wconf 83' lang='lat' dir='ltr'><strong>anno</strong></span> <span class='ocrx_word' id='word_1_680' title='bbox 783 5519 890 5575; x_wconf 71' lang='grc'><strong>449</strong></span> <span class='ocrx_word' id='word_1_681' title='bbox 921 5518 1137 5574; x_wconf 90' lang='lat' dir='ltr'><strong>litteras</strong></span> <span class='ocrx_word' id='word_1_682' title='bbox 1166 5518 1322 5573; x_wconf 80' lang='lat' dir='ltr'><strong>daret</strong></span> <span class='ocrx_word' id='word_1_683' title='bbox 1348 5518 1414 5572; x_wconf 88' lang='lat' dir='ltr'><strong>ad</strong></span> <span class='ocrx_word' id='word_1_684' title='bbox 1436 5526 1687 5573; x_wconf 85' lang='lat' dir='ltr'><strong>sanctum</strong></span> <span class='ocrx_word' id='word_1_685' title='bbox 1721 5517 1860 5570; x_wconf 87' lang='lat' dir='ltr'><strong>Leo-</strong></span> 
     </span>
    </p>
   </div>
   <div class='ocr_carea' id='block_1_103' title="bbox 283 5609 1856 5687">
    <p class='ocr_par' dir='ltr' id='par_1_103' title="bbox 283 5609 1856 5687">
     <span class='ocr_line' id='line_1_103' title="bbox 283 5609 1856 5687; baseline -0.01 -10"><span class='ocrx_word' id='word_1_686' title='bbox 283 5638 411 5687; x_wconf 84' lang='lat' dir='ltr'><strong>nem,</strong></span> <span class='ocrx_word' id='word_1_687' title='bbox 433 5637 494 5678; x_wconf 89' lang='lat' dir='ltr'><strong>se</strong></span> <span class='ocrx_word' id='word_1_688' title='bbox 519 5627 657 5676; x_wconf 86' lang='lat' dir='ltr'><strong>ante</strong></span> <span class='ocrx_word' id='word_1_689' title='bbox 705 5611 1004 5670; x_wconf 89' lang='lat' dir='ltr'><strong>duodecim</strong></span> <span class='ocrx_word' id='word_1_690' title='bbox 1031 5626 1204 5665; x_wconf 90' lang='lat' dir='ltr'><strong>annos</strong></span> <span class='ocrx_word' id='word_1_691' title='bbox 1226 5611 1598 5681; x_wconf 90' lang='lat' dir='ltr'><strong>composuisse</strong></span> <span class='ocrx_word' id='word_1_692' title='bbox 1644 5609 1856 5664; x_wconf 81' lang='lat' dir='ltr'><strong>asserit.</strong></span> 
     </span>
    </p>
   </div>
   <div class='ocr_carea' id='block_1_104' title="bbox 279 5699 1857 5789">
    <p class='ocr_par' dir='ltr' id='par_1_104' title="bbox 279 5699 1857 5789">
     <span class='ocr_line' id='line_1_104' title="bbox 279 5699 1857 5789; baseline -0.01 -24"><span class='ocrx_word' id='word_1_693' title='bbox 279 5715 511 5789; x_wconf 69' lang='lat' dir='ltr'><strong>scriptus</strong></span> <span class='ocrx_word' id='word_1_694' title='bbox 535 5722 776 5784; x_wconf 81' lang='lat' dir='ltr'><strong>quoque</strong></span> <span class='ocrx_word' id='word_1_695' title='bbox 808 5710 891 5760; x_wconf 86' lang='lat' dir='ltr'><strong>est</strong></span> <span class='ocrx_word' id='word_1_696' title='bbox 917 5714 1039 5758; x_wconf 83' lang='lat' dir='ltr'><strong>ante</strong></span> <span class='ocrx_word' id='word_1_697' title='bbox 1061 5702 1564 5772; x_wconf 86' lang='lat' dir='ltr'><strong>interpretationem</strong></span> <span class='ocrx_word' id='word_1_698' title='bbox 1593 5699 1857 5764; x_wconf 82' lang='lat' dir='ltr'><strong>Psalterii,</strong></span> 
     </span>
    </p>
   </div>
   <div class='ocr_carea' id='block_1_105' title="bbox 1951 4506 3517 4583">
    <p class='ocr_par' dir='ltr' id='par_1_105' title="bbox 1951 4506 3517 4583">
     <span class='ocr_line' id='line_1_105' title="bbox 1951 4506 3517 4583; baseline -0.011 -9"><span class='ocrx_word' id='word_1_699' title='bbox 1951 4529 2101 4583; x_wconf 91' lang='lat' dir='ltr'><strong>sunt,</strong></span> <span class='ocrx_word' id='word_1_700' title='bbox 2138 4519 2248 4572; x_wconf 91' lang='lat' dir='ltr'><strong>imo</strong></span> <span class='ocrx_word' id='word_1_701' title='bbox 2275 4516 2388 4570; x_wconf 90' lang='lat' dir='ltr'><strong>fere</strong></span> <span class='ocrx_word' id='word_1_702' title='bbox 2423 4513 2615 4568; x_wconf 88' lang='lat' dir='ltr'><strong>eadem</strong></span> <span class='ocrx_word' id='word_1_703' title='bbox 2647 4528 2770 4568; x_wconf 88' lang='lat' dir='ltr'><strong>cum</strong></span> <span class='ocrx_word' id='word_1_704' title='bbox 2794 4511 2883 4576; x_wconf 92' lang='lat' dir='ltr'><strong>iis,</strong></span> <span class='ocrx_word' id='word_1_705' title='bbox 2907 4511 3111 4580; x_wconf 85' lang='lat' dir='ltr'><strong>quibus</strong></span> <span class='ocrx_word' id='word_1_706' title='bbox 3135 4506 3517 4561; x_wconf 86' lang='lat' dir='ltr'><strong>Theodoretus</strong></span> 
     </span>
    </p>
   </div>
   <div class='ocr_carea' id='block_1_106' title="bbox 1952 4595 3511 4684">
    <p class='ocr_par' dir='ltr' id='par_1_106' title="bbox 1952 4595 3511 4684">
     <span class='ocr_line' id='line_1_106' title="bbox 1952 4595 3511 4684; baseline -0.013 -17"><span class='ocrx_word' id='word_1_707' title='bbox 1952 4621 2141 4684; x_wconf 89' lang='lat' dir='ltr'><strong>postea</strong></span> <span class='ocrx_word' id='word_1_708' title='bbox 2172 4610 2410 4678; x_wconf 87' lang='lat' dir='ltr'><strong>seipsum</strong></span> <span class='ocrx_word' id='word_1_709' title='bbox 2434 4622 2464 4659; x_wconf 88' lang='lat' dir='ltr'><strong>a</strong></span> <span class='ocrx_word' id='word_1_710' title='bbox 2489 4604 2751 4659; x_wconf 86' lang='lat' dir='ltr'><strong>Dioscoro</strong></span> <span class='ocrx_word' id='word_1_711' title='bbox 2793 4603 2848 4657; x_wconf 90' lang='lat' dir='ltr'><strong>in</strong></span> <span class='ocrx_word' id='word_1_712' title='bbox 2880 4601 3149 4671; x_wconf 77' lang='lat' dir='ltr'><strong>Ephesina</strong></span> <span class='ocrx_word' id='word_1_713' title='bbox 3174 4595 3381 4667; x_wconf 77' lang='lat' dir='ltr'><strong>synodo</strong></span> <span class='ocrx_word' id='word_1_714' title='bbox 3420 4609 3511 4648; x_wconf 90' lang='lat' dir='ltr'><strong>se-</strong></span> 
     </span>
    </p>
   </div>
   <div class='ocr_carea' id='block_1_107' title="bbox 1953 4685 3515 4767">
    <p class='ocr_par' dir='ltr' id='par_1_107' title="bbox 1953 4685 3515 4767">
     <span class='ocr_line' id='line_1_107' title="bbox 1953 4685 3515 4767; baseline -0.013 -9"><span class='ocrx_word' id='word_1_715' title='bbox 1953 4701 2131 4759; x_wconf 89' lang='lat' dir='ltr'><strong>cunda</strong></span> <span class='ocrx_word' id='word_1_716' title='bbox 2160 4700 2301 4754; x_wconf 87' lang='lat' dir='ltr'><strong>dura</strong></span> <span class='ocrx_word' id='word_1_717' title='bbox 2338 4711 2560 4767; x_wconf 90' lang='lat' dir='ltr'><strong>passum</strong></span> <span class='ocrx_word' id='word_1_718' title='bbox 2588 4695 2797 4750; x_wconf 92' lang='lat' dir='ltr'><strong>solatus</strong></span> <span class='ocrx_word' id='word_1_719' title='bbox 2839 4700 2944 4755; x_wconf 90' lang='lat' dir='ltr'><strong>est,</strong></span> <span class='ocrx_word' id='word_1_720' title='bbox 2980 4689 3224 4759; x_wconf 89' lang='lat' dir='ltr'><strong>produnt</strong></span> <span class='ocrx_word' id='word_1_721' title='bbox 3271 4685 3515 4740; x_wconf 91' lang='lat' dir='ltr'><strong>animum</strong></span> 
     </span>
    </p>
   </div>
   <div class='ocr_carea' id='block_1_108' title="bbox 1953 4779 3521 4861">
    <p class='ocr_par' dir='ltr' id='par_1_108' title="bbox 1953 4779 3521 4861">
     <span class='ocr_line' id='line_1_108' title="bbox 1953 4779 3521 4861; baseline -0.013 -13"><span class='ocrx_word' id='word_1_722' title='bbox 1953 4793 2193 4848; x_wconf 87' lang='lat' dir='ltr'><strong>hominis</strong></span> <span class='ocrx_word' id='word_1_723' title='bbox 2223 4790 2507 4861; x_wconf 86' lang='lat' dir='ltr'><strong>querentis</strong></span> <span class='ocrx_word' id='word_1_724' title='bbox 2530 4788 2599 4843; x_wconf 91' lang='lat' dir='ltr'><strong>de</strong></span> <span class='ocrx_word' id='word_1_725' title='bbox 2643 4784 2908 4845; x_wconf 88' lang='lat' dir='ltr'><strong>adversis,</strong></span> <span class='ocrx_word' id='word_1_726' title='bbox 2939 4796 3061 4851; x_wconf 67' lang='lat' dir='ltr'><strong>qum</strong></span> <span class='ocrx_word' id='word_1_727' title='bbox 3093 4779 3325 4850; x_wconf 91' lang='lat' dir='ltr'><strong>primam</strong></span> <span class='ocrx_word' id='word_1_728' title='bbox 3355 4791 3521 4847; x_wconf 86' lang='lat' dir='ltr'><strong>syno-</strong></span> 
     </span>
    </p>
   </div>
   <div class='ocr_carea' id='block_1_109' title="bbox 1954 4866 3518 4953">
    <p class='ocr_par' dir='ltr' id='par_1_109' title="bbox 1954 4866 3518 4953">
     <span class='ocr_line' id='line_1_109' title="bbox 1954 4866 3518 4953; baseline -0.013 -13"><span class='ocrx_word' id='word_1_729' title='bbox 1954 4886 2083 4940; x_wconf 90' lang='lat' dir='ltr'><strong>dum</strong></span> <span class='ocrx_word' id='word_1_730' title='bbox 2104 4883 2434 4953; x_wconf 86' lang='lat' dir='ltr'><strong>Ephesinam</strong></span> <span class='ocrx_word' id='word_1_731' title='bbox 2461 4886 2646 4935; x_wconf 89' lang='lat' dir='ltr'><strong>secuta</strong></span> <span class='ocrx_word' id='word_1_732' title='bbox 2686 4883 2855 4931; x_wconf 89' lang='lat' dir='ltr'><strong>sunt:</strong></span> <span class='ocrx_word' id='word_1_733' title='bbox 2887 4874 3012 4932; x_wconf 89' lang='lat' dir='ltr'><strong>ista,</strong></span> <span class='ocrx_word' id='word_1_734' title='bbox 3053 4882 3115 4926; x_wconf 89' lang='lat' dir='ltr'><strong>ut</strong></span> <span class='ocrx_word' id='word_1_735' title='bbox 3131 4885 3325 4940; x_wconf 88' lang='lat' dir='ltr'><strong>parum</strong></span> <span class='ocrx_word' id='word_1_736' title='bbox 3358 4866 3518 4921; x_wconf 76' lang='lat' dir='ltr'><strong>diffe-</strong></span> 
     </span>
    </p>
   </div>
   <div class='ocr_carea' id='block_1_110' title="bbox 1955 4956 3519 5036">
    <p class='ocr_par' dir='ltr' id='par_1_110' title="bbox 1955 4956 3519 5036">
     <span class='ocr_line' id='line_1_110' title="bbox 1955 4956 3519 5036; baseline -0.013 -7"><span class='ocrx_word' id='word_1_737' title='bbox 1955 4982 2103 5036; x_wconf 87' lang='lat' dir='ltr'><strong>runt,</strong></span> <span class='ocrx_word' id='word_1_738' title='bbox 2123 4974 2289 5026; x_wconf 88' lang='lat' dir='ltr'><strong>etiam</strong></span> <span class='ocrx_word' id='word_1_739' title='bbox 2319 4970 2615 5024; x_wconf 88' lang='lat' dir='ltr'><strong>verborum</strong></span> <span class='ocrx_word' id='word_1_740' title='bbox 2651 4972 2862 5027; x_wconf 88' lang='lat' dir='ltr'><strong>tenore,</strong></span> <span class='ocrx_word' id='word_1_741' title='bbox 2882 4977 2912 5015; x_wconf 91' lang='lat' dir='ltr'><strong>a</strong></span> <span class='ocrx_word' id='word_1_742' title='bbox 2937 4959 3278 5016; x_wconf 83' lang='lat' dir='ltr'><strong>Nestorianis</strong></span> <span class='ocrx_word' id='word_1_743' title='bbox 3329 4957 3398 5011; x_wconf 91' lang='lat' dir='ltr'><strong>de</strong></span> <span class='ocrx_word' id='word_1_744' title='bbox 3441 4956 3519 5009; x_wconf 86' lang='lat' dir='ltr'><strong>in-</strong></span> 
     </span>
    </p>
   </div>
   <div class='ocr_carea' id='block_1_111' title="bbox 1955 5048 3523 5120">
    <p class='ocr_par' dir='ltr' id='par_1_111' title="bbox 1955 5048 3523 5120">
     <span class='ocr_line' id='line_1_111' title="bbox 1955 5048 3523 5120; baseline -0.012 -2"><span class='ocrx_word' id='word_1_745' title='bbox 1955 5063 2273 5118; x_wconf 89' lang='lat' dir='ltr'><strong>carnatione</strong></span> <span class='ocrx_word' id='word_1_746' title='bbox 2302 5057 2670 5119; x_wconf 89' lang='lat' dir='ltr'><strong>sermonibus,</strong></span> <span class='ocrx_word' id='word_1_747' title='bbox 2724 5052 3053 5117; x_wconf 90' lang='lat' dir='ltr'><strong>ostendunt,</strong></span> <span class='ocrx_word' id='word_1_748' title='bbox 3084 5048 3361 5120; x_wconf 91' lang='lat' dir='ltr'><strong>quomodo</strong></span> <span class='ocrx_word' id='word_1_749' title='bbox 3394 5056 3523 5101; x_wconf 91' lang='lat' dir='ltr'><strong>tunc</strong></span> 
     </span>
    </p>
   </div>
   <div class='ocr_carea' id='block_1_112' title="bbox 1955 5136 3524 5209">
    <p class='ocr_par' dir='ltr' id='par_1_112' title="bbox 1955 5136 3524 5209">
     <span class='ocr_line' id='line_1_112' title="bbox 1955 5136 3524 5209; baseline -0.012 -1"><span class='ocrx_word' id='word_1_750' title='bbox 1955 5154 2185 5208; x_wconf 78' lang='lat' dir='ltr'><strong>affectus</strong></span> <span class='ocrx_word' id='word_1_751' title='bbox 2210 5153 2393 5206; x_wconf 89' lang='lat' dir='ltr'><strong>animo</strong></span> <span class='ocrx_word' id='word_1_752' title='bbox 2422 5147 2609 5209; x_wconf 86' lang='lat' dir='ltr'><strong>fuerit,</strong></span> <span class='ocrx_word' id='word_1_753' title='bbox 2645 5159 2772 5199; x_wconf 88' lang='lat' dir='ltr'><strong>cum</strong></span> <span class='ocrx_word' id='word_1_754' title='bbox 2810 5142 3100 5197; x_wconf 88' lang='lat' dir='ltr'><strong>scriberet.</strong></span> <span class='ocrx_word' id='word_1_755' title='bbox 3132 5141 3191 5194; x_wconf 91' lang='lat' dir='ltr'><strong>Id</strong></span> <span class='ocrx_word' id='word_1_756' title='bbox 3229 5148 3401 5193; x_wconf 91' lang='lat' dir='ltr'><strong>totum</strong></span> <span class='ocrx_word' id='word_1_757' title='bbox 3446 5136 3524 5190; x_wconf 86' lang='lat' dir='ltr'><strong>fa-</strong></span> 
     </span>
    </p>
   </div>
   <div class='ocr_carea' id='block_1_113' title="bbox 1957 5229 3523 5313">
    <p class='ocr_par' dir='ltr' id='par_1_113' title="bbox 1957 5229 3523 5313">
     <span class='ocr_line' id='line_1_113' title="bbox 1957 5229 3523 5313; baseline -0.012 -14"><span class='ocrx_word' id='word_1_758' title='bbox 1957 5245 2060 5299; x_wconf 90' lang='lat' dir='ltr'><strong>cile</strong></span> <span class='ocrx_word' id='word_1_759' title='bbox 2084 5245 2317 5313; x_wconf 91' lang='lat' dir='ltr'><strong>quisque</strong></span> <span class='ocrx_word' id='word_1_760' title='bbox 2351 5239 2642 5308; x_wconf 83' lang='lat' dir='ltr'><strong>intelliget,</strong></span> <span class='ocrx_word' id='word_1_761' title='bbox 2674 5235 2770 5306; x_wconf 91' lang='lat' dir='ltr'><strong>qui</strong></span> <span class='ocrx_word' id='word_1_762' title='bbox 2804 5231 2913 5288; x_wconf 89' lang='lat' dir='ltr'><strong>alia</strong></span> <span class='ocrx_word' id='word_1_763' title='bbox 2962 5249 3087 5288; x_wconf 88' lang='lat' dir='ltr'><strong>cum</strong></span> <span class='ocrx_word' id='word_1_764' title='bbox 3119 5232 3241 5286; x_wconf 91' lang='lat' dir='ltr'><strong>aliis</strong></span> <span class='ocrx_word' id='word_1_765' title='bbox 3271 5229 3523 5285; x_wconf 86' lang='lat' dir='ltr'><strong>conferre</strong></span> 
     </span>
    </p>
   </div>
   <div class='ocr_carea' id='block_1_114' title="bbox 1957 5335 2211 5392">
    <p class='ocr_par' dir='ltr' id='par_1_114' title="bbox 1957 5335 2211 5392">
     <span class='ocr_line' id='line_1_114' title="bbox 1957 5335 2211 5392; baseline -0.02 0"><span class='ocrx_word' id='word_1_766' title='bbox 1957 5335 2211 5392; x_wconf 78' lang='lat' dir='ltr'><strong>voluerit.</strong></span> 
     </span>
    </p>
   </div>
   <div class='ocr_carea' id='block_1_115' title="bbox 2039 5431 3455 5559">
    <p class='ocr_par' dir='ltr' id='par_1_115' title="bbox 2039 5431 3455 5559">
     <span class='ocr_line' id='line_1_115' title="bbox 2039 5431 3455 5559; baseline -0.008 -64"><span class='ocrx_word' id='word_1_767' title='bbox 2039 5441 2064 5510; x_wconf 87' lang='lat'>§</span> <span class='ocrx_word' id='word_1_768' title='bbox 2092 5442 2176 5495; x_wconf 83' lang='lat' dir='ltr'><strong>IV.</strong></span> <span class='ocrx_word' id='word_1_769' title='bbox 2209 5440 2282 5493; x_wconf 85' lang='lat' dir='ltr'><strong>De</strong></span> <span class='ocrx_word' id='word_1_770' title='bbox 2303 5438 2552 5492; x_wconf 81' lang='lat' dir='ltr'><strong>curandis</strong></span> <span class='ocrx_word' id='word_1_771' title='bbox 2583 5437 2935 5559; x_wconf 35' lang='lat' dir='ltr'><strong>orationibus</strong></span> <span class='ocrx_word' id='word_1_772' title='bbox 2988 5434 3288 5489; x_wconf 78' lang='lat' dir='ltr'><strong>Crwcorum</strong></span> <span class='ocrx_word' id='word_1_773' title='bbox 3336 5431 3455 5483; x_wconf 82' lang='lat' dir='ltr'><strong>libri</strong></span> 
     </span>
     <span class='ocr_line' id='line_1_116' title="bbox 2605 5523 2892 5559; baseline 0 0"><span class='ocrx_word' id='word_1_774' title='bbox 2605 5525 2621 5559; x_wconf 79' lang='grc' dir='ltr'><strong>ι</strong></span> <span class='ocrx_word' id='word_1_775' title='bbox 2645 5524 2724 5559; x_wconf 68' lang='grc' dir='ltr'><strong>μοι</strong></span> <span class='ocrx_word' id='word_1_776' title='bbox 2744 5523 2892 5559; x_wconf 77' lang='lat' dir='ltr'><strong>eam.</strong></span> 
     </span>
    </p>
   </div>
   <div class='ocr_carea' id='block_1_116' title="bbox 2605 5523 2892 5560">
    <p class='ocr_par' dir='ltr' id='par_1_116' title="bbox 2605 5523 2892 5560">
     <span class='ocr_line' id='line_1_117' title="bbox 2605 5523 2892 5560; baseline 0 -1"><span class='ocrx_word' id='word_1_777' title='bbox 2605 5523 2634 5559; x_wconf 74' lang='grc' dir='ltr'><strong>(λ</strong></span> <span class='ocrx_word' id='word_1_778' title='bbox 2645 5523 2870 5560; x_wconf 71' lang='grc' dir='ltr'>ιιοαινειηι</span> <span class='ocrx_word' id='word_1_779' title='bbox 2880 5548 2892 5559; x_wconf 90' lang='grc'><strong>.</strong></span> 
     </span>
    </p>
   </div>
   <div class='ocr_carea' id='block_1_117' title="bbox 2032 5587 3523 5673">
    <p class='ocr_par' dir='ltr' id='par_1_117' title="bbox 2032 5587 3523 5673">
     <span class='ocr_line' id='line_1_118' title="bbox 2032 5587 3523 5673; baseline -0.012 -15"><span class='ocrx_word' id='word_1_780' title='bbox 2032 5606 2071 5659; x_wconf 92' lang='lat' dir='ltr'><strong>I.</strong></span> <span class='ocrx_word' id='word_1_781' title='bbox 2111 5604 2305 5658; x_wconf 80' lang='lat' dir='ltr'><strong>Libros</strong></span> <span class='ocrx_word' id='word_1_782' title='bbox 2333 5599 2600 5673; x_wconf 85' lang='lat' dir='ltr'><strong>ejusmodi</strong></span> <span class='ocrx_word' id='word_1_783' title='bbox 2638 5597 2924 5653; x_wconf 83' lang='lat' dir='ltr'><strong>duodecim</strong></span> <span class='ocrx_word' id='word_1_784' title='bbox 2975 5593 3221 5665; x_wconf 80' lang='lat' dir='ltr'><strong>agnoscit</strong></span> <span class='ocrx_word' id='word_1_785' title='bbox 3268 5587 3523 5644; x_wconf 80' lang='lat' dir='ltr'><strong>Theodo-</strong></span> 
     </span>
    </p>
   </div>
   <div class='ocr_carea' id='block_1_118' title="bbox 1965 5682 3524 5759">
    <p class='ocr_par' dir='ltr' id='par_1_118' title="bbox 1965 5682 3524 5759">
     <span class='ocr_line' id='line_1_119' title="bbox 1965 5682 3524 5759; baseline -0.012 -9"><span class='ocrx_word' id='word_1_786' title='bbox 1965 5707 2114 5752; x_wconf 88' lang='lat' dir='ltr'><strong>retus</strong></span> <span class='ocrx_word' id='word_1_787' title='bbox 2149 5697 2297 5750; x_wconf 75' lang='lat' dir='ltr'><strong>velut</strong></span> <span class='ocrx_word' id='word_1_788' title='bbox 2350 5709 2497 5759; x_wconf 81' lang='lat' dir='ltr'><strong>suos,</strong></span> <span class='ocrx_word' id='word_1_789' title='bbox 2548 5701 2662 5747; x_wconf 88' lang='lat' dir='ltr'><strong>tum</strong></span> <span class='ocrx_word' id='word_1_790' title='bbox 2716 5691 2767 5744; x_wconf 90' lang='lat' dir='ltr'><strong>in</strong></span> <span class='ocrx_word' id='word_1_791' title='bbox 2843 5686 3091 5759; x_wconf 83' lang='lat' dir='ltr'><strong>epistolis</strong></span> <span class='ocrx_word' id='word_1_792' title='bbox 3147 5682 3212 5739; x_wconf 90' lang='lat' dir='ltr'><strong>ad</strong></span> <span class='ocrx_word' id='word_1_793' title='bbox 3277 5688 3524 5735; x_wconf 85' lang='lat' dir='ltr'><strong>sanctum</strong></span> 
     </span>
    </p>
   </div>
  </div>
