3926 6216
448 305 551 372 347

1536 310 1909 370 GARNERII
1950 306 2441 369 DISSERTATIO
2482 306 2542 366 II

3595 295 3711 360 318

448 419 687 489 Leonem
714 427 769 473 et
793 419 1059 484 Renatum
1087 419 1152 483 ⁸⁸,
1194 426 1308 473 tum
1350 419 1650 489 quaestione
1702 419 1759 473 in
1810 415 2019 472 Leviti-
2045 418 2091 475 Α
2118 414 2398 480 habuisse,
2424 426 2586 484 quem
2603 417 2865 475 verteret,
2891 419 2985 464 aut
3012 407 3342 464 Theodoreti
3362 421 3585 462 sensum
3610 422 3707 460 as-

451 523 600 572 cum,
626 508 645 527 ⁴
667 523 771 578 qua
801 507 1046 562 cie-causa
1079 507 1216 562 Deus
1242 508 1338 561 sibi
1368 507 1634 576 sacriﬁcia
1663 508 1842 579 oﬂ‘erri
1880 523 2017 578 prcc-

452 597 664 667 ceperit,
706 595 802 650 ubi
836 608 1071 666 quatuor
1121 598 1353 652 aliorum
1393 613 1623 667 operum
1680 598 2014 653 mentionem

449 685 601 740 facit.
634 706 653 737 ‹
684 686 760 741 De
798 686 905 752 his,
937 688 1133 757 inquit,
1159 689 1397 743 diximus
1428 689 1616 745 multis
1638 690 1693 744 in
1714 690 1870 755 locis,
1902 697 2016 745 tum

451 772 507 828 in
525 774 632 839 his,
658 791 779 845 qua:
811 785 999 831 contra
1029 775 1246 833 Grzecos
1270 779 1613 849 scripsimus,
1659 791 1714 834 et
1757 780 2017 836 adversus

451 864 706 930 haereses,
736 875 848 920 tum
874 867 930 921 in
951 867 1039 931 iis,
1073 883 1195 937 quae
1226 869 1496 925 adversus
1518 886 1724 940 magos,
1752 856 2018 940 praeterea

450 954 506 1009 in
541 957 982 1011 enarrationibus
1043 958 1407 1024 Psalmorum,
1459 968 1514 1014 et
1549 960 1604 1014 in
1650 961 2018 1030 Epistolarum

449 1046 872 1115 apostolicarum
907 1050 1334 1105 commentariis.
1368 1069 1387 1101 ι

519 1134 584 1188 ll.
616 1134 810 1188 Mirum
841 1151 975 1191 vero
1003 1138 1222 1203 accidit,
1251 1155 1430 1209 neque
1454 1155 1484 1195 a
1508 1140 1704 1196 Photio
1724 1142 1789 1207 “,
1838 1156 2017 1211 neque

447 1236 480 1275 a
504 1221 814 1292 Nicephoro
837 1228 1113 1281 recenseri
1152 1244 1291 1297 opus
1325 1238 1431 1283 tam
1464 1231 2016 1302 exquisitum,totque

448 1309 609 1365 libris
632 1314 1092 1382 comprehensum
1122 1333 1137 1369 :
1178 1317 1275 1371 sed
1312 1318 1429 1372 ﬁeri
1452 1320 1648 1389 potuit,
1676 1329 1739 1375 ut
1763 1320 1817 1375 in
1844 1323 2019 1376 mani-

447 1397 553 1454 bus
578 1401 823 1456 omnium
852 1419 960 1458 non
983 1414 1145 1471 esset,
1171 1416 1396 1477 propter
1427 1409 1766 1464 reconditam
1807 1410 2015 1466 doctri-

448 1505 576 1544 nam
611 1492 776 1563 399
794 1504 1193 1563 externam;et
1216 1500 1514 1570 scriptores
1544 1501 1623 1555 illi
1673 1502 1783 1557 duo
1827 1503 2020 1558 memi—

447 1581 633 1636 nerint
663 1583 928 1642 duntaxat
956 1602 1207 1657 operum,
1244 1605 1365 1660 quae
1388 1591 1551 1662 vulgo
1579 1601 1708 1648 nota
1735 1603 1943 1648 essent.

522 1679 611 1733 111.
633 1680 853 1737 Editum
877 1692 961 1738 est
986 1693 1109 1740 ante
1140 1702 1342 1742 annum
1371 1688 1493 1753 458,
1526 1688 1795 1758 siquidem
1823 1705 2015 1745 recen-

449 1776 647 1859 setuna
677 1769 1023 1828 Theodoreto
1048 1772 1191 1830 inter
1214 1792 1379 1846 opera
1409 1777 1700 1833 duodecim
1720 1788 1844 1834 ante
1859 1780 2019 1835 annis

447 1858 747 1927 composita
769 1901 783 1925 ,
815 1876 978 1930 quam
1013 1861 1183 1919 Leoni
1224 1865 1415 1938 Magno
1456 1868 1725 1923 scriberet
1753 1888 1765 1923 :
1798 1870 2019 1941 scripsit

446 1961 578 2002 vero
607 1964 750 2004 anno
772 1951 895 2006 449.

515 2036 601 2092 IV.
626 2037 782 2094 Stare
817 2040 985 2111 igitur
1004 2058 1112 2097 non
1147 2050 1326 2114 potest
1344 2046 1699 2102 illustrissimi
1729 2049 2014 2105 Annalium

445 2124 731 2196 scriptoris
777 2131 1084 2195 sententia,
1132 2134 1427 2203 opinantis,
1485 2138 1846 2207 compositum
1896 2154 2017 2195 esse

443 2224 569 2284 post
591 2216 762 2287 legem
795 2219 1089 2276 Theodosii
1123 2222 1390 2279 adversus
1419 2227 1650 2295 gentiles
1671 2228 1849 2283 datam
1870 2244 2016 2284 anno

441 2300 567 2370 459,
609 2307 787 2377 pridie
826 2309 943 2365 Kal.
990 2310 1153 2366 Febr.
1198 2311 1615 2387 Constantinep.
1670 2317 1739 2372 ad
1788 2319 2014 2373 Floren-

443 2391 600 2447 tium.

509 2483 575 2539 ν.
638 2483 804 2541 Suam
864 2490 1192 2545 sententiam
1234 2493 1500 2549 Baronius
1555 2510 1623 2550 ex
1672 2511 1740 2551 eo
1801 2498 2017 2553 videtur

441 2574 766 2641 confecisse,
798 2579 944 2649 quod
964 2581 1040 2636 ait
1066 2582 1447 2640 Theodoretus
1484 2586 1587 2641 sub
1611 2585 1772 2642 linem
1805 2603 2013 2643 sermo-

440 2664 530 2720 nis
566 2666 826 2736 septimi,
858 2684 982 2724 cum
1029 2671 1348 2728 hortaretur
1388 2676 1640 2745 gentiles,
1690 2685 1751 2731 ut
1796 2679 2014 2749 rejectis

439 2753 557 2808 suis
589 2755 893 2824 sacriﬁciis,
936 2758 1267 2816 sacriﬁcium
1314 2763 1493 2820 laudis
1526 2765 1795 2822 offerrent
1851 2769 1965 2823 Deo
1996 2787 2010 2824 :

449 2861 469 2894 α
501 2844 668 2899 Vobis
697 2854 758 2901 ut
794 2849 869 2903 ita
893 2849 1127 2917 faciatis,
1156 2855 1523 2923 persuadeant
1561 2873 1670 2913 non
1700 2859 2012 2931 principum

440 2932 607 3004 leges,
635 2952 814 3007 neque
852 2942 1251 3011 suppliciorum
1282 2955 1489 3031 metus,
1519 2948 1614 3003 sed
1639 2951 1886 3006 veritatis
1908 2968 2010 3023 po-

2118 516 2356 562 sceutus.
2383 505 2539 575 Legit
2571 504 2718 558 enim
2749 519 2763 556 :
2796 502 2932 564 Τοὺς
2955 500 3008 553 δὲ
3043 502 3153 563 τοῖς
3182 499 3479 570 ἀλλοτρίοις
3504 500 3708 567 ἐντυγ-

2120 596 2377 666 χάνοντας
2423 594 2605 656 πόνοις
2666 591 2991 663 παρακαλῶ,
3021 598 3305 655 etc.,cum
3353 588 3710 644 emendatior

2119 687 2294 742 Fulvii
2347 685 2529 742 Ursini
2589 684 2754 738 lectio
2802 683 3000 737 habeat
3037 682 3083 715 “
3120 683 3232 744 τοῖς
3266 681 3322 733 δὲ
3373 681 3487 743 τοῖς
3537 679 3708 733 ἀλλο-

2117 774 2306 844 τρίοις,
2332 779 2440 827 etc.
2464 771 2641 827 Vertit
2664 771 2827 826 etiam
2862 785 3050 826 vocem
3085 770 3225 824 hanc
3248 768 3546 838 ἀλλοτρίοις
3563 768 3710 822 alio-

2118 881 2257 927 rum,
2296 878 2422 917 cum
2448 862 2727 917 debuisset
2760 861 2961 916 alienas
2987 878 3019 915 a
3044 862 3166 915 vitae
3188 861 3453 931 proposito
3484 877 3505 914 :
3527 874 3706 913 excu—

2118 954 2329 1009 satione
2368 953 2515 1007 enint
2537 951 2918 1007 Theodoretus
2948 951 3143 1016 utitur,
3186 949 3335 1020 quod
3367 949 3422 1004 in
3449 948 3707 1004 externis

2119 1044 2320 1099 litteris
2350 1041 2699 1114 profanisque
2722 1043 2862 1097 adeo
2886 1043 2960 1097 sit
2985 1049 3236 1097 versatus
3259 1042 3345 1094 vir
3382 1040 3703 1110 theologus,

2120 1135 2438 1201 innutritus,
2462 1143 2523 1190 ut
2546 1135 2662 1204 ipse
2685 1135 2818 1189 alias
2845 1133 2999 1198 dicit,
3023 1149 3052 1188 a
3072 1134 3308 1203 pueritia
3334 1132 3504 1187 sacris
3526 1131 3708 1186 Litte-

2120 1227 2214 1282 ris.
2239 1227 2305 1281 Et
2330 1242 2461 1281 vero
2490 1225 2820 1296 Acciajolum
2849 1240 2879 1279 a
2909 1214 3007 1279 sua
3036 1223 3198 1295 500
3218 1222 3491 1278 sententia
3516 1220 3705 1275 dimo-

2118 1333 2247 1373 vere
2270 1317 2572 1371 debuerant
2596 1331 2717 1387 quae
2746 1322 3071 1385 sequuntur.
3100 1314 3239 1368 Sunt
3256 1312 3403 1368 enim
3429 1310 3704 1366 solemnia

2117 1409 2287 1463 verba
2331 1408 2568 1462 hominis
2608 1406 2675 1461 de
2701 1421 2868 1477 opere
2914 1421 3014 1461 suo
3044 1446 3057 1471 ,
3113 1420 3226 1459 non
3278 1404 3347 1459 de
3394 1403 3578 1458 alieno
3614 1402 3703 1456 lo-

2119 1501 2355 1571 quentis.

2106 1606 2115 1613 ”
2188 1612 2279 1668 lx.
2330 1610 2671 1684 Conjecturte
2712 1609 3085 1665 inﬁrmitatem
3126 1608 3268 1663 alius
3314 1607 3501 1661 forsan
3534 1621 3604 1660 ex
3631 1619 3704 1660 eo

2118 1701 2376 1772 probaret
2397 1742 2410 1764 ,
2442 1700 2587 1770 quod
2627 1701 2852 1755 alteram
2886 1698 3266 1753 Theodoretus
3310 1697 3428 1767 ipse
3453 1694 3705 1750 occasio-

2119 1809 2246 1847 nem
2289 1792 2565 1846 scribendi
2609 1798 3004 1845 commemoret
3028 1789 3082 1842 in
3130 1786 3454 1844 Praefatione
3485 1787 3698 1855 operis.

2129 1904 2146 1936 ι
2180 1882 2586 1953 Saepenumero,
2631 1880 2830 1951 inquit,
2863 1879 3080 1943 accidit,
3112 1885 3173 1932 ut
3219 1877 3469 1931 nonnulli
3499 1890 3699 1929 eorum

2119 1975 2211 2044 qui
2241 1973 2489 2043 suspensi
2522 1971 2834 2027 Grmcorum
2861 1969 3147 2041 gentilium
3177 1966 3391 2021 fabulas
3412 1966 3702 2020 admiran-

2118 2074 2228 2128 tur,
2259 2080 2474 2119 mccum
2500 2061 2824 2117 familiarius
2855 2058 3155 2131 congressi,
3186 2066 3301 2113 tum
3322 2057 3699 2112 Christianam

2117 2157 2278 2213 ﬁdem
2300 2165 2537 2213 nostram
2557 2155 2891 2218 deriderent,
2910 2160 3215 2208 asserentes
3234 2149 3371 2204 nihil
3393 2164 3495 2202 nos
3525 2146 3696 2211 aliud,

2116 2263 2280 2317 quam
2303 2261 2508 2301 meram
2539 2244 2939 2304 credulitatem,
2970 2241 3251 2294 insinuare
3276 2238 3406 2302 illis,
3434 2252 3575 2307 quos
3606 2236 3699 2290 di-

2115 2337 2259 2392 vinis
2273 2336 2438 2391 rebus
2459 2333 2784 2391 imbuendus
2806 2332 3141 2403 accipimus;
3177 2339 3291 2384 tum
3319 2343 3450 2383 vero
3475 2335 3533 2382 et
3562 2341 3701 2398 apo-

2113 2430 2281 2484 stolos
2303 2426 2532 2482 inscitim
2552 2433 2897 2490 accusarent,
2932 2413 3200 2479 barbaros
3231 2426 3523 2491 propterea
3546 2433 3697 2472 nun-

2114 2529 2397 2589 cupantes,
2425 2517 2573 2587 quod
2610 2517 2758 2571 omni
2806 2524 3032 2570 careant
3077 2512 3411 2568 elocutionis
3453 2519 3697 2577 ornatu;

2114 2613 2246 2683 quin
2272 2624 2326 2665 et
2354 2610 2644 2665 ridiculum
2681 2623 2802 2663 esse
2834 2607 3112 2670 dicebant,
3140 2604 3284 2674 quod
3308 2604 3519 2658 honore
3550 2619 3705 2658 mar-

2116 2713 2262 2775 tyres
2295 2717 2721 2773 prosequamur;
2763 2710 2819 2755 et
2849 2699 3079 2769 insignis
3114 2696 3380 2758 stultitim,
3421 2696 3468 2749 si
3501 2695 3704 2749 riven-

2113 2801 2194 2847 tes
2216 2792 2283 2846 ab
2306 2791 2372 2846 iis
2395 2791 2488 2861 qui
2506 2791 2620 2845 vita
2643 2789 2814 2844 functi
2834 2798 2980 2851 sunt,
3007 2788 3177 2841 ullum
3204 2786 3307 2840 sibi
3341 2784 3699 2839 commodum

2114 2899 2429 2953 comparare
2456 2882 2811 2938 contendant.
2840 2880 3174 2950 Adjecerunt
3209 2886 3264 2933 et
3307 2878 3415 2932 alia
3438 2877 3698 2947 quaedam

2118 2974 2334 3045 generis
2362 2973 2628 3044 ejusdem,
2657 2988 2780 3041 quae
2820 2970 2937 3025 suis
2966 2968 3099 3023 locis
3130 2968 3270 3022 liber
3297 2968 3388 3023 hic
3413 2968 3696 3022 edocebit.

441 3026 633 3084 tentia.
651 3045 771 3099 quas
791 3034 957 3088 maris
971 3048 1036 3088 ac
1056 3042 1215 3090 term
1231 3026 1426 3093 incolis
1436 3047 1520 3093 est
1528 3040 1639 3109 jam
1660 3042 1962 3097 notissima.
1987 3063 2003 3094 ι

442 3116 548 3138 ﬂ-)
584 3135 687 3138 --μη
740 3121 776 3138 I,
980 3124 993 3136 ο
1073 3125 1085 3137 ι
1265 3126 1277 3138 ο
1331 3135 1339 3138 -
1381 3128 1436 3138 ι..
1880 3133 1916 3138 --

2117 3026 2227 3135 Ego
2257 3026 2478 3118 vero'et
2500 3026 2735 3133 expliciti
2774 3070 2907 3115 tunc
2937 3059 3065 3123 illis,
3095 3074 3217 3128 qua
3247 3057 3433 3113 aﬂ‘erri
3465 3066 3699 3128 oporte-

442 3116 550 3173 sed
576 3135 696 3190 quae
736 3121 883 3192 10863
911 3124 1221 3195 Ρτίηοίρυῐη
1263 3126 1665 3199 ἰηιεηίεειηιιιτν
1703 3147 1829 3187 mox
1864 3133 2014 3189 dice“
2039 3116 2083 3138 ν
2115 3116 2217 3211 133i
2334 3116 2341 3117 7
2360 3116 2951 3210 maliedietasolvenda.
2979 3116 3257 3206 Nefarium
3282 3158 3465 3204 autem
3493 3116 3553 3205 et
3581 3150 3694 3204 im-

442 3224 568 3265 mus
600 3228 613 3264 :
649 3212 808 3283 longe
831 3215 978 3268 enim
1008 3225 1136 3272 sunt
1162 3217 1310 3283 alite,
1334 3234 1500 3289 quam
1524 3236 1645 3291 quae
1665 3223 2016 3281 adducuntur

443 3314 476 3353 a
508 3297 826 3355 doctissimo
847 3304 1143 3360 cardinalc.

506 3387 594 3444 Vl.
625 3389 745 3456 Quo
768 3391 937 3463 igitur
973 3395 1197 3452 deﬁnite
1222 3405 1468 3469 tempore
1506 3403 1731 3472 scripsit
1760 3404 2014 3460 Theodo-

444 3480 638 3535 retus?
662 3480 859 3537 Audivi
879 3484 976 3552 qui
1005 3487 1303 3556 conjiceret
1326 3489 1431 3545 hoc
1470 3506 1608 3560 opus
1636 3494 2014 3551 elucubratum

441 3584 566 3625 esse
586 3571 808 3627 circiter
827 3588 1031 3629 annum
1055 3576 1161 3630 455
1183 3618 1197 3643 ,
1220 3588 1318 3632 aut
1338 3580 1471 3646 434;
1493 3583 1649 3651 quasi
1677 3593 1810 3640 tunc
1832 3585 2014 3642 Theo-

445 3659 691 3727 doretus,
721 3673 1009 3735 postquam
1037 3667 1170 3738 legit
1199 3669 1510 3727 elaboratos
1536 3689 1566 3727 a
1587 3672 1792 3744 Cyrillo
1817 3676 2016 3732 adver-

445 3765 542 3806 sus
569 3751 847 3809 Iulianum
877 3756 1070 3821 libros,
1096 3760 1333 3815 voluerit
1359 3772 1418 3817 et
1443 3764 1558 3835 ipse
1584 3766 1863 3836 specimen
1883 3768 2015 3824 dare

443 3841 708 3898 doctrinm
730 3884 745 3909 ,
777 3845 835 3900 in
881 3846 1196 3907 refellendis
1238 3851 1572 3920 Graecorum,
1598 3855 1656 3910 id
1693 3865 1807 3922 est,
1840 3858 2017 3927 genti-

442 3932 600 4001 lium,
629 3936 956 4004 quiJuliano
989 3939 1291 4010 imperante
1307 3955 1718 4016 resumpserant
1747 3950 2011 4017 animum,

443 4024 708 4081 adversus
745 4027 909 4084 ﬁdem
946 4030 1313 4089 Christianam
1340 4038 1650 4094 calumniis.

507 4115 618 4170 Vll.
667 4116 821 4173 Hanc
862 4122 1235 4191 conjecturam
1262 4126 1488 4197 juvabat
1532 4130 1794 4185 extremis
1830 4130 2016 4186 verbis

444 4205 841 4263 Praefationis"
875 4227 891 4263 :
926 4230 946 4264 ι
977 4212 1172 4269 Oratos
1196 4225 1381 4271 autem
1410 4218 1595 4284 velim,
1619 4219 1933 4291 quicunque
1958 4222 2016 4279 in

438 4294 676 4351 aliorum
704 4298 1118 4359 lucubrationes
1136 4305 1451 4373 inciderint,
1471 4319 1552 4374 ut,
1579 4310 1850 4381 siquidem
1872 4313 2013 4369 bene

2114 3246 2266 3316 pium
2313 3260 2433 3301 esse
2477 3245 2629 3310 duxi,
2658 3244 2702 3298 si
2751 3244 3099 3315 simplicioris
3127 3251 3272 3298 notae
3317 3243 3572 3298 homines
3625 3243 3697 3297 ab

2117 3336 2336 3393 illorum
2354 3337 2466 3391 falli
2495 3336 2754 3392 versutiis
2778 3342 3019 3405 paterer.
3057 3355 3077 3387 ι

2185 3473 2252 3528 Χ.
2284 3472 2539 3543 Speciosa
2582 3471 2804 3541 quidem
2846 3471 2963 3526 haec
3004 3469 3307 3533 excusatio,
3355 3485 3467 3523 non
3508 3476 3697 3524 tamen

2117 3565 2487 3636 conjecturam
2529 3561 2795 3633 infringit,
2822 3576 2948 3615 cum
2988 3560 3130 3615 alius
3161 3559 3232 3615 sit
3254 3574 3398 3629 saepe
3422 3559 3518 3629 qui
3554 3575 3700 3628 prae-

2116 3657 2377 3719 tenditur,
2401 3655 2543 3710 alius
2574 3653 2671 3724 qui
2706 3653 2956 3723 impellit,
2987 3652 3157 3706 animi
3190 3651 3439 3706 affectus.
3486 3650 3695 3706 Verum

2117 3747 2232 3802 haec
2257 3747 2394 3801 nihil
2429 3745 2499 3800 ad
2531 3754 2767 3815 tempus,
2810 3743 2956 3814 quod
2985 3742 3219 3798 certiore
3255 3742 3442 3812 aliqua
3476 3741 3697 3797 ratione

2117 3835 2487 3906 indagandum
2508 3844 2610 3890 cst.

2180 3948 2271 4003 XI.
2305 3948 2468 4003 Praait
2492 3963 2623 4002 vero
2644 3946 2937 4002 cardinalis
2966 3945 3251 4010 Batonius,
3278 3960 3403 4000 cum
3438 3945 3697 4001 Theodo—

2115 4046 2294 4095 retum
2317 4038 2599 4107 scripsisse
2636 4036 2713 4091 ait
2734 4037 3022 4091 occasione
3045 4036 3182 4107 legis
3200 4051 3230 4091 a
3258 4035 3571 4092 Theodosio
3593 4036 3694 4091 ad-

2113 4146 2306 4187 versus
2323 4144 2560 4200 paganos
2578 4129 2701 4184 lata:
2732 4145 2746 4181 :
2774 4143 2901 4183 nam
2933 4144 3059 4183 cum
3086 4127 3315 4199 intelligi
3337 4138 3578 4198 nequeat
3605 4130 3696 4185 lex

2116 4221 2227 4285 illa,
2256 4236 2378 4290 qua:
2421 4218 2489 4273 ad
2522 4233 2727 4274 annum
2757 4218 2862 4274 459
2895 4218 3155 4284 refertur,
3185 4218 3337 4289 prior
3378 4219 3562 4289 aliqua
3604 4220 3694 4275 in-

2114 4312 2381 4383 quirenda
2403 4321 2506 4376 est,
2534 4326 2659 4366 cum
2677 4326 2784 4381 qua
2809 4310 3143 4367 Theodoreti
3170 4311 3314 4367 dicta
3334 4311 3692 4377 conveniant,

440 4385 646 4475 habent
667 4388 851 4444 omnia
869 4406 991 4461 quae
1014 4394 1216 4464 scripta
1256 4406 1404 4461 sunt,
1445 4399 1617 4453 Deum
1646 4400 1889 4466 laudent,
1916 4405 2011 4472 qui
2044 4416 2088 4471 ι)
2115 4412 2171 4460 et
2198 4419 2305 4474 qua
2330 4404 2628 4472 imperator
2657 4418 2875 4473 poenam
2905 4403 3103 4472 capitis
3129 4402 3569 4460 sacrificantibus
3590 4421 3692 4475 pa-

439 4474 581 4532 bene
601 4477 882 4535 scribendi
908 4481 1220 4539 facultatem
1245 4485 1416 4550 dedit,
1451 4488 1691 4559 ipsisque
1715 4490 1852 4546 adeo
1877 4493 2010 4546 scri-

439 4567 691 4635 ptoribus
716 4570 856 4626 bene
876 4582 1202 4642 precentur;
1229 4578 1316 4631 sin
1341 4593 1474 4634 vero
1497 4580 1679 4650 aliqua
1702 4580 2008 4637 desiderari

438 4657 751 4727 videantur,
779 4677 850 4717 ne
875 4663 1071 4720 horum
1093 4681 1257 4722 causa
1282 4679 1480 4725 cuncta
1500 4670 1885 4738 condemnent,
1911 4673 2010 4728 sed

437 4760 509 4799 cx
539 4746 607 4801 iis
623 4751 826 4819 potius,
848 4767 970 4822 quae
991 4765 1139 4811 recte
1160 4755 1363 4828 scripta
1390 4759 1644 4828 viderint,
1666 4762 2008 4818 emolumen-

440 4850 557 4889 tum
593 4839 700 4892 sibi
727 4855 1064 4912 comparent.
1102 4864 1125 4898 ›

443 5009 457 5022 .
507 4922 643 5022 Villi.
678 4926 880 4984 Verum
920 4931 1137 4991 inﬁrma
1171 4945 1258 4993 est
1294 4940 1613 5011 conjectura
1643 4958 1810 4998 :nam
1832 4954 2009 5001 totum

438 5011 614 5080 ipsius
660 5028 998 5077 momentum
1019 5040 1087 5078 ex
1113 5042 1177 5082 ea
1204 5028 1320 5084 sola
1351 5046 1486 5087 voce
1519 5032 1746 5102 pendet,
1777 5036 2010 5092 aliorum

436 5104 863 5175 lucubrationes;
890 5113 1039 5170 unde
1067 5118 1214 5173 enim
1238 5130 1505 5191 praeterea
1524 5124 1630 5180 ut
1652 5142 1765 5182 non
1791 5129 2011 5185 videtur

440 5193 747 5269 Acciajolus
777 5201 1072 5274 interpres,
1127 5220 1223 5267 aut
1262 5226 1545 5284 expertem
1581 5218 1700 5274 vitii
1761 5219 2008 5276 codicem

2105 4496 2262 4565 ganis
2296 4502 2518 4549 statuat.
2548 4492 2688 4548 Sunt
2712 4502 2898 4549 autem
2931 4494 3201 4564 ejusmodi
3226 4493 3367 4558 duas,
3387 4509 3527 4563 quas
3576 4494 3695 4550 suis

2104 4585 2398 4641 Annalibus
2423 4584 2691 4640 Baronius
2730 4584 2966 4641 inseruit
3006 4602 3020 4638 :
3059 4585 3232 4640 altera
3254 4599 3401 4640 anno
3421 4585 3546 4649 425,
3571 4585 3641 4640 ad
3676 4588 3694 4604 ⁴

2104 4675 2550 4745 Asclepiodotum
2605 4674 2924 4745 praefectum
2966 4676 3223 4745 praetorio
3267 4693 3281 4728 :
3324 4676 3495 4731 altera
3542 4692 3693 4730 anno

2106 4770 2230 4834 428,
2252 4769 2321 4824 ad
2349 4768 2621 4823 Isidorum
2640 4769 2830 4825 itidem
2850 4769 3171 4840 praefectum
3198 4768 3477 4839 praetorio.
3499 4768 3694 4825 Poste-

2105 4859 2303 4924 rioris,
2349 4875 2458 4929 qua
2508 4874 2620 4913 non
2676 4866 2889 4914 tantum
2935 4859 3208 4915 sacrificia
3285 4858 3690 4928 prohibentur,

2109 4949 2207 5006 sed
2224 4949 2490 5020 jubentur
2518 4948 2687 5003 etiam
2727 4949 2874 5013 fana,
2906 4949 3109 5019 templa
3145 4957 3201 5003 et
3233 4948 3470 5003 delubra
3511 4948 3688 5014 dirui,

2110 5041 2360 5096 meminit
2390 5040 2769 5096 Theodoretus
2810 5041 2908 5096 lib.
2937 5057 2970 5094 v
3007 5040 3206 5095 Hister.
3236 5039 3417 5094 eccles.
3448 5054 3571 5110 cap.
3597 5040 3687 5105 56,

2110 5133 2198 5189 his
2237 5133 2425 5188 verbis
2443 5133 2528 5185 "z
2575 5151 2592 5184 ‹
2626 5133 2744 5202 ipsa
2784 5133 3054 5187 idolorum
3084 5132 3334 5195 delubra,
3375 5148 3498 5202 quae
3519 5141 3692 5188 resta-

2114 5223 2266 5287 bant,
2301 5221 2549 5278 funditus
2580 5221 2727 5277 dirui
2765 5223 2952 5293 jussit,
3001 5232 3061 5277 ut
3094 5238 3162 5279 ne
3201 5221 3348 5293 quod
3376 5222 3689 5294 posteritati

1775 5371 2088 5429 SCllULle
2116 5372 2326 5430 ΝΟΤίΕ

511 5476 557 5548 {-
581 5476 706 5532 νῆά.
739 5479 904 5548 epist.
946 5480 1050 5535 us
1072 5491 1129 5534 et
1152 5480 1273 5535 116.

612 5481 706 5561 [111.
739 5481 1050 5562 epist._ll_5
1072 5491 1129 5534 et
1152 5481 1273 5562 il6_.
1298 5550 1310 5562 .
1352 5481 1417 5562 _“
1434 5482 1561 5562 'Vidh.
1597 5499 1873 5562 suprahp‘.
1908 5488 2014 5562 258
2046 5504 2167 5562 seq.
2242 5489 2468 5562 "didit.
2511 5491 2661 5562 prior
2700 5491 2937 5562 habebat
2975 5493 3223 5547 extremis
3261 5493 3518 5548 sermonis
3560 5494 3691 5548 duo-

438 5545 643 5630 decimi
664 5545 852 5630 verb—is:
901 5549 1007 5630 Sed
1050 5556 1266 5630 exstant
1297 5550 1400 5606 ista
1432 5551 1489 5606 in
1526 5551 1632 5630 line
1655 5545 2011 5614 Praafa'tionis.
2045 5545 2167 5615 νῆά.
2208 5568 2254 5630 _t.
2299 5559 2388 5625 IV,
2417 5576 2469 5630 p.
2512 5545 2641 5615 1195.

2746 5562 2789 5593 (⁸
2816 5561 2939 5634 Sed
2951 5562 3125 5634 altera
3155 5562 3270 5634 ista;
3302 5563 3487 5629 lectio,
3522 5580 3689 5634 quam

438 5625 561 5703 post
588 5616 1018 5703 Sirmondum'in
1040 5628 1226 5703 nostra
1255 5637 1472 5703 quoque
1496 5621 1735 5682 editione
1769 5630 2154 5700 expressimus,
2193 5616 2441 5685 firmatur
2485 5631 2807 5687 auctoritate
2843 5616 3125 5698 codicum,
3160 5616 3692 5703 quibin‘s”uiéu§"éis'i

437 5684 774 5761 Sylburgius.
854 5690 897 5723 "
921 5690 1040 5747 Vid.
1074 5699 1111 5746 t.
1144 5691 1233 5758 lll,
1342 5684 1493 5747 1079.
