3926 6216
221 300 328 366 349

1391 311 1490 371 DE
1523 314 1598 372 LI
1609 315 1782 376 BRIS
1815 315 2327 379 THEODORE'I‘I.

3389 326 3494 387 350

226 413 447 484 pristini
465 415 674 470 erroris
697 417 985 488 vestigium
1017 426 1259 475 exstaret
1288 440 1302 476 :
1342 423 1486 480 hanc
1505 425 1654 480 enim
1681 441 1808 481 sen-
1837 438 1879 492 Α
1911 424 2038 482 inde
2111 427 2403 484 duodecim
2469 429 2721 499 partibus
2784 429 3139 489 eﬂoreseens
3211 433 3490 491 emitidat.

233 506 452 560 tentiam
485 506 590 576 legi
622 507 726 562 hac
741 508 809 563 de
834 524 891 563 re
920 511 1137 580 scriptae
1161 512 1382 568 indidit.
1421 534 1440 566 ι

295 595 408 650 ΧΠ.
435 596 807 655 Gothofredus
834 602 888 656 in
931 604 1079 658 notis
1120 605 1187 658 ad
1218 606 1257 659 Ι.
1304 622 1411 660 xm
1435 606 1512 660 De
1551 610 1801 678 paganis,

234 686 554 742 Theodoreti
582 689 750 744 verba
785 691 1180 762 interpretatur
1204 696 1272 750 de
1297 698 1468 767 priori
1515 700 1653 770 lege.
1696 701 1804 757 Sed

238 780 314 834 vel
342 778 440 832 hoc
480 795 590 833 uno
618 780 906 849 refellitur,
940 786 1084 854 quod
1135 788 1219 841 lex
1258 788 1518 845 vicesima
1562 792 1804 848 secunda

239 867 310 921 De
349 868 663 938 templorum
708 875 971 927 eversione
1002 891 1072 929 ne
1101 877 1330 932 verbum
1373 879 1597 948 quidem
1622 883 1802 938 conti-

241 966 370 1018 neat.
395 959 458 1013 de
487 976 595 1028 qua
621 961 706 1016 lex
735 965 1012 1032 posterior
1040 976 1149 1022 tota
1185 967 1353 1023 ferme
1386 978 1490 1025 est.

309 1045 436 1102 XIII.
472 1050 569 1105 liis
598 1067 702 1122 ego
729 1053 964 1110 inducor
1004 1057 1072 1110 ad
1105 1058 1466 1128 opinandum,
1515 1062 1802 1132 scripsisse

241 1138 631 1195 Thcodoretum
673 1142 752 1196 De
802 1147 1054 1200 curandis
1090 1147 1393 1204 Graecorum
1445 1153 1802 1223 aﬁ'ectionibus

239 1250 367 1286 anno
385 1235 506 1296 427,
528 1243 612 1296 ut,
638 1251 782 1304 quos
809 1238 926 1292 suis
948 1238 1162 1310 legibus
1185 1250 1461 1298 terruerat
1480 1245 1800 1316 imperator,

236 1340 322 1378 eos
377 1325 586 1380 ratione
637 1325 704 1380 ad
757 1326 1120 1386 Christianam
1181 1333 1346 1388 fidem
1394 1338 1802 1408 superstitionis

235 1416 435 1486 gentilis
458 1418 743 1473 victricem
765 1420 1086 1478 adduceret.

295 1509 440 1580 401
473 1509 612 1566 XIV.
636 1510 841 1578 Quodsi
861 1515 974 1570 haec
994 1516 1182 1586 Opinio
1196 1533 1324 1574 vera
1343 1521 1435 1584 sit,
1458 1536 1801 1594 consequens

233 1610 327 1665 est,
355 1612 411 1655 ut
439 1617 603 1672 Opus,
636 1604 705 1659 de
743 1622 855 1675 quo
877 1608 1078 1678 agitur,
1102 1609 1248 1665 inter
1279 1627 1341 1666 ea
1365 1622 1660 1669 censeatur
1677 1631 1799 1684 quae

232 1691 598 1748 Theodoretus
646 1706 838 1751 sancto
887 1698 1058 1754 Leoni
1107 1718 1252 1756 anno
1314 1703 1421 1758 449
1479 1704 1701 1770 scribit,
1738 1722 1798 1761 se

1977 517 2164 574 XVIII.
2189 520 2424 575 Tantum
2457 536 2621 591 porro
2652 520 2940 585 doctrinae,
2966 525 3270 593 przesertim
3316 537 3496 581 exter-

1908 627 2011 675 nae,
2056 613 2322 668 adversus
2373 614 2674 679 hominem,
2725 615 2818 684 qui
2871 615 3103 670 inscitiae
3153 617 3496 675 Christianos

1907 704 2218 768 accusabat,
2249 721 2280 760 a
2319 705 2670 761 Theodoreto
2698 705 3030 772 adducitur,
3068 720 3130 764 ut
3167 708 3495 781 Sylburgius

1909 795 2198 849 recensitis
2217 797 2432 851 curiose
2457 798 2796 862 auctoribus,
2824 799 2920 867 qui
2952 798 3275 854 nominatim
3303 801 3493 870 appel-

1905 885 2112 952 lantur,
2135 896 2356 943 centum
2390 900 2448 944 et
2469 904 2689 954 novem,
2727 901 2929 960 praeter
2961 905 3168 956 saeros,
3200 905 3496 946 enumera-

1903 980 2066 1033 verit.

1979 1070 2116 1126 XIX.
2146 1071 2505 1128 Partitioncm
2552 1074 2723 1128 totius
2774 1074 3208 1138 lucubrationis,
3245 1074 3490 1144 singula-

1905 1179 2136 1234 rumque
2169 1165 2461 1220 duodecim
2501 1165 2739 1236 partium
2779 1174 3164 1234 argumentum
3206 1166 3260 1218 iu
3291 1166 3494 1221 Praefa-

1907 1257 2054 1310 tione
2073 1257 2279 1326 prolixe
2299 1259 2544 1328 exponit,
2562 1259 2708 1328 quod
2733 1257 3179 1326 compendiosius
3196 1258 3298 1311 sub
3323 1257 3489 1311 linem

1901 1349 2160 1412 exhibet,
2215 1349 2309 1403 ubi
2356 1350 2522 1404 etiam
2571 1347 2814 1403 ostendit
2864 1348 3130 1402 rationem
3170 1347 3488 1412 scribendi,

1901 1455 2064 1510 quam
2100 1442 2296 1496 tenuit.
2328 1460 2344 1492 ι
2376 1441 2485 1495 llas
2515 1457 2618 1511 ego
2640 1440 2832 1504 vobis,
2851 1455 2884 1492 ο
2911 1439 3036 1503 viri,
3061 1438 3351 1494 duodecim
3380 1439 3492 1493 dis-

1900 1533 2212 1601 putationes
2240 1533 2572 1602 conscripsi,
2609 1541 2662 1586 et
2701 1531 2940 1596 ostendi,
2983 1547 3233 1600 qumnam
3264 1531 3332 1586 de
3374 1532 3491 1586 Deo

1899 1631 1955 1676 et
1980 1624 2226 1686 materia,
2262 1624 2562 1694 mundique
2589 1623 2817 1689 fabrica,
2839 1632 2895 1678 et
2925 1623 2994 1678 de
3035 1625 3240 1678 virtute
3265 1639 3329 1678 ac
3358 1622 3493 1677 vitio

1901 1715 2181 1768 senserint
2207 1715 2381 1769 Grmci
2427 1712 2769 1786 philosophi,
2820 1727 2875 1771 et
2904 1731 3154 1787 quaenam
3183 1715 3377 1770 iisdem
3421 1714 3492 1770 de

231 1795 342 1837 ante
369 1800 542 1840 annos
571 1787 764 1857 viginti
796 1794 1191 1862 composuisse,
1213 1812 1324 1865 quo
1349 1804 1594 1869 tempore
1621 1800 1802 1855 adhuc
1835 1785 1875 1841 Β
1903 1803 2064 1876 402
2111 1805 2278 1859 rebus
2310 1785 2479 1860 sacrae
2536 1785 2890 1860 nosiLitterte
2922 1785 3245 1866 docuerint,
3281 1810 3338 1857 et
3381 1816 3494 1872 quo

236 1876 585 1932 saecularibus
612 1880 814 1937 litteris
839 1884 1056 1954 plenus,
1085 1886 1140 1940 in
1175 1902 1242 1942 eo
1270 1888 1445 1944 voluit
1474 1887 1801 1960 argumento

229 1966 442 2030 versari,
463 1967 522 2021 in
551 1984 664 2038 quo
679 1984 866 2040 posset
892 1984 947 2030 et
973 1991 1125 2031 suam
1153 1979 1410 2047 gentibus
1432 1982 1800 2037 eruditionem

234 2067 530 2125 ostentare,
561 2074 620 2116 et
642 2078 769 2119 cum
800 2067 1034 2123 eruditis
1059 2070 1183 2124 aliis
1203 2086 1315 2126 sua:
1335 2073 1533 2137 aetatis,
1551 2075 1800 2130 eamdem

228 2153 499 2207 materiam
534 2164 775 2213 tractare
807 2161 1139 2228 amantibus,
1169 2163 1236 2218 de
1256 2166 1415 2220 laude
1447 2169 1799 2224 contendere.

227 2241 326 2298 Sed
370 2245 435 2300 de
480 2255 726 2319 tempore
777 2250 1064 2321 hactenus,
1099 2271 1249 2312 nunc
1277 2257 1346 2312 de
1389 2269 1712 2329 argumento
1745 2270 1801 2316 et

224 2336 498 2392 methodo.

287 2427 397 2482 XV.
448 2430 701 2488 Julianus
732 2434 1063 2506 imperator,
1115 2455 1241 2494 cum
1281 2439 1573 2498 defecisset
1613 2460 1644 2498 a
1691 2443 1798 2499 fide

221 2517 543 2587 Christiana,
576 2525 721 2580 unde
746 2527 1025 2597 Apostatae
1057 2545 1259 2587 nomen
1291 2533 1395 2603 ipsi
1423 2535 1673 2600 adhassit,
1703 2536 1800 2591 de-

221 2609 462 2667 fectionis
505 2631 702 2672 causas
745 2619 954 2690 scripto
999 2622 1139 2677 libro
1173 2624 1441 2690 reddidit,
1483 2643 1796 2698 novumque

219 2704 580 2771 gentilismum
625 2709 963 2776 informavit,
993 2723 1144 2769 tanto
1173 2718 1551 2772 nocentiorem
1580 2729 1789 2786 vetere,

218 2805 412 2861 quanto
439 2799 797 2855 artiﬁciosius
819 2802 1058 2872 plurium
1089 2805 1320 2861 deorum
1344 2809 1794 2865 secundariorum

221 2885 526 2954 religionem
580 2892 746 2948 unius
783 2897 1027 2963 supremi
1080 2898 1232 2953 cultu
1278 2902 1620 2969 temperabat
1648 2920 1659 2956 :
1686 2903 1794 2956 ἰω-

219 2975 474 3043 probabat
495 2982 646 3035 enim
678 2981 993 3039 Graecorum
1020 2986 1501 3060 barbarorumque
1541 2999 1793 3048 veterum

220 3067 443 3125 nefarias
497 3072 893 3141 absurditates,
937 3077 1411 3150 Christianosque,
1463 3083 1574 3136 imo
1608 3092 1664 3139 et
1695 3084 1793 3140 Ju-

1904 1905 2062 1965 pacto
2097 1895 2312 1950 illorum
2347 1895 2571 1966 quidem
2611 1896 2722 1966 jam
2745 1897 3018 1950 exstincta
3056 1896 3166 1950 sint
3187 1895 3403 1957 omnia,
3435 1902 3493 1949 et

1903 1986 2198 2041 oblivionis
2223 1987 2454 2057 caligine
2477 1986 2742 2050 involuta,
2766 1995 2956 2040 nostra
2972 2003 3102 2041 vero
3121 1987 3238 2040 haec
3258 1985 3492 2040 ﬂoreant

1903 2093 1968 2134 ac
1990 2079 2238 2150 vigeant,
2270 2079 2686 2147 innumerisque
2729 2093 2830 2148 per
2881 2078 3124 2148 singulas
3151 2077 3406 2131 civitates
3434 2085 3491 2130 et

1901 2173 2214 2242 provincias
2239 2171 2585 2227 auditoribus
2612 2170 3053 2241 frcquententur,
3089 2191 3106 2222 ι
3147 2180 3256 2226 etc.

1962 2263 2080 2319 XX.
2110 2265 2338 2319 Ineunte
2379 2266 2666 2334 superiore
2705 2264 2906 2319 sarculo
2949 2278 2981 2318 e
3018 2262 3207 2319 Graeco
3231 2263 3487 2317 Latinum

1897 2355 2029 2412 fecit
2053 2357 2329 2412 Zenobius
2358 2356 2700 2426 Acciajolus,
2739 2355 3002 2426 deditque
3036 2355 3182 2426 typis
3204 2353 3483 2409 edendum

1899 2448 2136 2505 Henrico
2168 2449 2468 2518 Stephano,
2490 2449 2649 2519 cujus
2678 2463 2846 2518 opera
2875 2450 3117 2518 primum
3150 2447 3358 2518 prodiit
3383 2447 3489 2502 Pa-

1898 2539 2046 2594 risiis
2071 2553 2216 2594 anno
2248 2539 2408 2604 i519,
2452 2538 2547 2592 sed
2593 2538 2850 2594 Latinum
2889 2537 3174 2592 duntaxat.
3201 2536 3487 2608 Octoginta

1899 2633 2070 2688 ferme
2101 2641 2224 2703 post
2255 2648 2430 2688 annos
2468 2632 2785 2687 Friderieus
2831 2631 3157 2703 Sylburgius
3182 2630 3356 2684 textui
3387 2630 3490 2684 La-

1899 2725 2015 2779 tino
2043 2725 2346 2794 recognito,
2373 2735 2450 2782 et.
2485 2733 2545 2779 ut
2573 2725 2818 2793 loquitur
2837 2765 2852 2788 ,
2879 2722 3202 2787 emendato,
3235 2722 3487 2777 Graecum

1896 2817 2108 2872 addidit
2135 2818 2202 2872 ad
2223 2827 2462 2888 quatuor
2491 2819 2711 2873 codices
2739 2818 2960 2874 Graecos
2975 2825 3248 2873 exactum.
3268 2815 3495 2872 Utrum-

1896 2923 2002 2977 que
2049 2918 2173 2977 post
2210 2909 2607 2980 quinquaginta
2636 2924 2859 2963 rursum
2901 2923 3076 2963 annos
3114 2909 3168 2962 in
3206 2907 3488 2963 collectio-

1895 3015 2021 3053 nem
2094 2999 2333 3070 Operum
2395 3000 2730 3054 Theodoreti
2810 2999 3140 3054 Sirmondus
3214 2998 3487 3067 conjecit,

1895 3089 2182 3144 emendata
2209 3089 2467 3159 Acciajoli
2487 3097 2544 3144 et
2567 3088 2845 3160 Sylburgii
2874 3088 3154 3150 versione.
3179 3089 3483 3158 recisisque

221 3155 375 3223 dacos,
401 3176 470 3215 ex
504 3164 621 3219 suis
647 3165 894 3234 ipsorum
932 3167 1088 3223 libris
1120 3171 1496 3241 impugnabat,
1529 3182 1586 3228 ut
1611 3174 1792 3243 philos
1821 3159 1863 3215 C
1898 3178 2174 3250 Sylburgii
2204 3181 2352 3235 notis
2369 3155 2454 3236 iac
2489 3155 2972 3235 dissertationibus
3001 3197 3014 3233 :
3044 3181 3142 3235 has
3176 3180 3267 3234 ille
3287 3155 3486 3249 quam-

221 3254 445 3323 sopbieae
471 3273 585 3313 sua:
623 3260 876 3331 religioni
905 3263 1082 3318 locum
1113 3265 1333 3322 faceret.

293 3347 420 3402 XVI.
449 3349 606 3406 Hunc
633 3352 979 3419 imperatoris
999 3366 1258 3427 apostata:
1287 3359 1512 3426 librum,
1543 3363 1636 3432 qui
1665 3378 1792 3432 pro-

225 3451 334 3509 pter
385 3442 760 3511 impietatem,
792 3461 900 3515 qua
951 3455 1143 3512 scatet,
1193 3465 1223 3502 a
1272 3450 1496 3519 Petavio
1548 3467 1658 3507 non
1709 3460 1795 3507 est

225 3533 390 3587 editus
423 3533 565 3589 inter
593 3551 764 3606 opera
796 3537 998 3593 Juliani
1019 3579 1033 3604 ,
1066 3541 1163 3595 sed
1203 3543 1347 3611 apud
1378 3542 1642 3612 Cyrillum
1675 3545 1793 3599 fere

229 3623 418 3696 integer
459 3629 741 3698 reperitur
775 3647 787 3682 :
823 3629 990 3696 hunc,
1035 3631 1290 3702 inquam,
1320 3634 1524 3688 librum
1563 3636 1795 3706 gentiles

229 3720 377 3774 veluti
403 3722 651 3792 clypeum
681 3725 1395 3794 opponebantChristianis,
1421 3738 1476 3782 et
1496 3729 1792 3786 Christiani

230 3811 343 3864 totis
366 3813 574 3868 viribus
605 3815 984 3884 impetendum
1031 3827 1331 3888 putarunt,
1393 3822 1568 3878 donec
1613 3826 1793 3894 genti-

229 3897 288 3951 lis
339 3903 745 3970 snperstitiouis
783 3905 991 3975 aliquid
1036 3908 1393 3962 metuendum
1447 3923 1790 3980 superesset;

229 3991 477 4057 superfuit
543 4008 678 4048 vero
733 4009 906 4065 usque
976 3995 1045 4049 ad
1111 3997 1394 4052 Novellum
1455 3999 1789 4066 Theodosii,

229 4082 410 4138 editam
457 4101 605 4140 anno
664 4087 807 4153 459,
872 4098 927 4144 et
973 4092 1312 4146 exsecutioni
1379 4109 1409 4147 a
1473 4095 1790 4163 provincia-

227 4187 334 4227 rum
395 4176 726 4245 prmsidibus
784 4179 1120 4235 mandatam.
1200 4181 1381 4248 Quare
1443 4187 1790 4257 septuaginta

225 4275 414 4334 septem
459 4284 736 4323 annorum
786 4272 966 4340 spatio
1001 4273 1056 4327 in
1106 4273 1210 4328 hoc
1238 4288 1562 4346 argumento
1587 4280 1788 4334 versati

227 4367 356 4423 sunt,
390 4362 743 4416 sermonibus
763 4363 987 4432 quidem
1009 4365 1074 4417 ad
1094 4367 1354 4436 populum
1379 4369 1556 4432 multi,
1592 4378 1790 4426 tracta-

227 4444 356 4500 tibus
389 4465 520 4503 vero
554 4450 666 4505 duo
700 4461 932 4517 tantum,
981 4455 1126 4524 quod
1156 4458 1378 4526 quidem
1419 4462 1786 4528 meminerim,

227 4535 590 4596 Theodoretus
614 4552 670 4596 et
700 4543 940 4614 Cyrillus
1025 4562 1149 4602 nam
1188 4549 1588 4617 Nazianzenus,
1631 4555 1788 4610 inve-

227 4630 365 4686 ctivis
388 4633 602 4689 duabus
637 4635 690 4688 in
728 4637 1040 4706 Iulianum,
1087 4656 1378 4711 personam
1414 4644 1584 4716 magis
1624 4663 1788 4717 quam

225 4717 407 4776 librum
436 4725 722 4780 insecutus
747 4738 852 4784 est.

285 4810 435 4867 XVII.
473 4814 610 4882 Quis
635 4817 793 4872 alteri
821 4830 1045 4887 prmstct
1070 4838 1099 4876 e
1126 4822 1343 4878 duobus
1376 4829 1784 4895 tractatoribus,

227 4900 467 4958 lectorum
491 4907 917 4977 estojudicium.
935 4911 1084 4966 Artis
1111 4921 1261 4967 certe
1289 4915 1470 4971 minus
1493 4916 1658 4971 habet
1678 4917 1787 4991 Cy-

229 4993 380 5062 rillus,
413 4999 541 5068 plus
562 4999 947 5056 Theodoretus
980 5021 992 5055 :
1032 5003 1121 5059 ille
1145 5005 1292 5060 enim
1317 5007 1384 5061 ad
1419 5008 1664 5080 singulas
1688 5012 1786 5068 Ju-

227 5080 367 5170 lianei
426 5088 555 5143 libri
607 5090 912 5154 περικοπὰς
955 5095 1368 5162 responsionem
1410 5097 1785 5170 subjungens,

230 5169 481 5230 hominem
521 5181 730 5248 pressis
775 5180 1019 5251 vestigiis
1048 5183 1211 5236 etiam
1254 5195 1574 5255 evagantem
1605 5169 1788 5259 sequi-

231 5270 330 5331 tur;
378 5269 476 5324 iste
504 5271 754 5328 collectis
795 5273 852 5326 in
890 5275 1222 5328 concinnum
1281 5277 1529 5332 ordinem
1582 5280 1784 5336 Juliani

235 5356 643 5430 nbjectionibus,
701 5366 952 5437 singulas
1017 5366 1090 5421 ita
1139 5369 1384 5438 repellit,
1455 5380 1518 5424 ut
1586 5388 1786 5444 corpus

1898 3272 1982 3326 vis
2017 3272 2199 3341 plures
2223 3272 2536 3341 probasque
2576 3272 2921 3341 adjunxerat,
2959 3272 3184 3340 Optabat
3229 3279 3410 3326 tamen
3455 3289 3486 3328 ι

1899 3363 2093 3418 Fulvio
2122 3363 2324 3418 Ursino
2363 3378 2491 3418 suas
2519 3363 2790 3433 publicari
2826 3381 2839 3416 :
2865 3364 3132 3432 plurimas
3157 3363 3305 3418 enim
3342 3363 3492 3419 fece-

1897 3464 1981 3510 rat
2004 3465 2061 3511 ct
2089 3457 2364 3510 variantes
2386 3457 2670 3519 lectiones,
2703 3465 2760 3509 et
2784 3457 3150 3524 conjecturas,
3177 3464 3233 3509 et
3259 3464 3488 3508 annota-

1895 3547 2092 3611 tiones,
2119 3562 2243 3601 cum
2262 3547 2638 3615 reponendum
2670 3545 2725 3601 in
2743 3546 3077 3602 bibliotheca
3100 3546 3360 3600 Vaticana
3381 3544 3485 3599 hcc

1893 3653 2033 3706 opus
2046 3639 2280 3694 exscribi
2297 3648 2538 3704 curaret;
2565 3639 2713 3708 ipsas
2728 3654 2757 3693 e
2776 3637 3110 3692 bibliotheca
3122 3636 3380 3692 Vaticana
3400 3653 3488 3694 ac-

1892 3739 2080 3799 ceptas
2111 3747 2260 3785 nunc
2297 3731 2351 3784 in
2380 3730 2662 3800 publicum
2687 3731 3043 3799 proferimus.

2506 3821 2732 3876 CAPUT
2771 3822 2883 3875 VII.

1933 3910 2106 3982 Opera
2142 3927 2258 3982 qua
2284 3912 2584 3982 Appendice
2619 3912 2740 3964 edit.
2767 3909 3036 3966 Sirmondi
3064 3912 3428 3966 continentur.

1960 4003 2000 4057 I.
2037 4003 2294 4074 Conjecta
2329 4011 2459 4056 sunt
2501 4001 2558 4056 in
2601 4001 2964 4070 appendicem
2997 4018 3165 4073 opera
3213 4001 3480 4072 quinque,

1892 4095 2075 4150 Oratio
2130 4097 2194 4149 de
2229 4098 2521 4162 charitate;
2553 4096 2708 4149 Liber
2758 4096 2827 4150 ad
2874 4096 3190 4167 Sporacium
3228 4096 3482 4149 adversus
3571 4142 3574 4144 γ

1889 4186 2223 4252 Nestorium;
2251 4185 2496 4254 Epistola
2523 4185 2594 4239 ad
2619 4185 2885 4246 Joannem
2910 4187 3257 4242 Germaniciu:
3291 4187 3486 4256 episco-

1891 4294 2047 4346 pum;
2066 4277 2388 4348 Argumenta
2403 4277 2850 4346 librorumuiginti
2869 4286 3067 4347 septem
3090 4277 3341 4331 adversus
3372 4275 3483 4330 Eu-

1890 4371 2181 4440 tychianos,
2217 4377 2273 4424 et
2298 4369 2646 4439 Reprehensio
2673 4369 3241 4424 anathematismorum
3274 4363 3480 4436 Cyrilli.

1964 4459 2029 4515 II.
2052 4461 2128 4515 Ex
2152 4460 2237 4516 his
2259 4459 2566 4516 Orationem
2591 4462 2653 4514 de
2679 4463 2960 4525 charitate,
2989 4470 3046 4515 et
3083 4458 3383 4529 Epistulam
3411 4458 3482 4510 ad

1897 4555 2194 4623 episcopum
2248 4554 2657 4610 Germaniciae"
2681 4596 2696 4618 ,
2733 4555 2789 4608 in
2824 4555 2971 4608 hunc
3010 4554 3192 4607 locum
3237 4549 3483 4619 reposuit

1897 4645 2258 4708 Sirmondus,
2292 4646 2420 4714 quia
2463 4661 2562 4715 per
2614 4647 2885 4701 incuriam
2915 4658 3207 4713 operarum
3252 4649 3479 4710 praeter-

1894 4734 2075 4789 missa:
2108 4735 2342 4788 fuerant.
2390 4735 2898 4805 Reprehensionem
2933 4730 3121 4801 Cyrilli
3171 4730 3341 4783 latere
3383 4743 3479 4782 vo-

1892 4826 2017 4891 luit,
2047 4828 2195 4881 velut
2218 4828 2270 4881 in
2299 4836 2547 4882 extremo
2569 4826 2792 4896 angulo,
2819 4832 3111 4894 prepterea
3137 4820 3284 4890 quod
3303 4819 3481 4874 Theo-

1891 4917 2068 4972 doreti
2113 4918 2322 4971 nomini
2350 4909 2641 4971 oiliciebat.
2687 4915 2917 4983 Reliqua
2953 4913 3062 4966 duo
3089 4921 3349 4980 tanquam
3383 4924 3477 4963 su-

1893 5019 2078 5082 specta
2103 5012 2299 5065 merito
2332 5020 2487 5064 extra
2513 5008 2805 5062 meliorum
2828 5004 3078 5060 ordinem
3109 5001 3320 5073 rejccit.

1963 5101 2050 5158 Ill.
2088 5101 2392 5156 Orationem
2423 5102 2485 5154 de
2521 5101 2781 5154 charitate
2813 5097 3193 5153 recensuimus
3220 5111 3321 5150 suo
3355 5094 3478 5148 loco

1894 5203 2016 5264 post
2049 5195 2342 5249 Historiam
2384 5193 2720 5264 religiosam;
2747 5190 3044 5263 Epistolam
3087 5190 3156 5243 ad
3180 5190 3479 5260 episcopum

1895 5286 2300 5340 Germanica“
2345 5285 2677 5340 inseruimus
2715 5285 2858 5339 inter
2896 5282 3190 5354 Epistolas,
3239 5296 3306 5336 ex
3334 5294 3475 5350 pra:-

1894 5378 2102 5447 scripto
2127 5377 2425 5434 Sirmondi.

1563 5507 1874 5566 SCIIULZII
1920 5513 2149 5569 NOTAE.

260 5619 324 5701 ‘7’
347 5620 486 5705 Edit.
520 5621 940 5705 priorltabebat
979 5622 1224 5705 epistolqs
1247 5623 1400 5704 quas,
1429 5625 1777 5705 dea/raritate
1796 5629 2011 5705 scilicet,
2045 5639 2098 5705 et
2129 5633 2200 5705 ad
2234 5632 2549 5705 episcopum,
2579 5639 2696 5686 eaet.
2737 5633 2781 5705 _“
2822 5629 2938 5683 Non
2979 5623 3411 5705 inter-epistolas
3441 5638 3472 5676 a

229 5688 485 5772 Sirmondo
514 5688 704 5772 editas
744 5691 948 5772 inserta
972 5688 1055 5772 est
1083 5693 1390 5772 [debuisset
1421 5697 1730 5772 enimpost
1754 5688 2042 5772 epistolam
2081 5704 2180 5756 l'2.l
2223 5688 2415 5772 poni);
2455 5688 2549 5759 sed
2599 5702 2902 5772 proximum
2956 5705 3072 5767 post
3121 5688 3242 5751 illas
3290 5695 3471 5750 locum

155 5780 158 5782 ‘
225 5763 420 5821 obtinuit
467 5765 526 5822 in
577 5764 741 5822 Notis
789 5761 1057 5819 Gurncrii.
1083 5763 1200 5820 Vid.
1232 5781 1415 5835 supra,
1455 5783 1506 5837 p.
1535 5761 1654 5838 556,
1685 5779 1734 5824 et
1771 5761 1804 5825 t'.
1846 5771 1932 5839 IV,
1970 5790 2022 5844 p.
2060 5774 2209 5828 I275.

1196 6037 1227 6058 ιι
