3926 6216
485 290 591 359 351

1587 293 1961 356 GARNERII
2005 292 2508 358 DISSERTATIO
2547 298 2605 358 II

3643 304 3762 370 352

551 404 643 461 IV.
665 402 741 458 De
773 402 917 458 libro
950 402 1200 459 adversus
1231 403 1564 471 Nestorium,
1599 405 1832 476 aliisque
1860 404 2055 477 viginti
2086 407 2132 465 Α
2160 404 2187 476 ς
2224 406 2264 461 1.
2326 406 2492 480 m
2541 408 2688 463 Libri
2734 412 2962 481 quinque
3012 412 3365 470 Historiarum
3392 455 3405 477 ,
3480 415 3760 472 Gennadii

483 505 697 567 septem
742 504 935 553 contra
978 497 1370 569 Eutychianos,
1420 514 1549 554 mox
1576 498 1862 570 dicemus,
1915 500 2063 557 inter

483 585 758 657 agendum
790 586 860 642 de
891 588 1188 658 suppositis
1213 588 1497 659 operibus.

556 677 621 732 ν.
649 678 727 732 De
757 677 1176 749 Reprehensione
1207 680 1562 750 capitulorum
1581 683 1627 717 ⁷³
1661 682 1840 739 videri
1880 692 2064 755 potest

491 766 667 824 fusior
718 770 969 825 tractatio
1014 771 1073 825 in
1130 772 1368 827 secunda
1418 782 1573 843 parte
1617 772 1857 845 Operam
1906 776 2061 832 Marii

481 857 645 930 ωδ
678 860 995 916 Mercatoris
1018 901 1033 927 ,
1064 862 1160 932 qui
1201 862 1414 933 primus
1446 864 1690 920 Gracam
1729 865 2061 922 Theodoreti

484 959 541 1005 et
568 951 739 1006 sancti
769 950 956 1023 Cyrilli
989 952 1058 1007 de
1094 952 1388 1010 duodecim
1421 956 1896 1013 anathematismis
1928 972 2062 1013 con-

484 1042 839 1097 certationem
873 1042 1069 1100 Latine
1093 1046 1487 1117 interpretatus
1515 1055 1619 1103 est.

554 1130 642 1185 VI.
671 1131 750 1186 Eo
774 1132 896 1189 loco
924 1133 1445 1202 demonstravimus,
1489 1154 1596 1208 qua
1621 1140 1930 1206 occasione,
1959 1156 2059 1197 cu-

477 1222 571 1291 jus
608 1223 888 1292 precibus,
919 1241 1031 1296 quo
1073 1227 1325 1298 iubente,
1357 1230 1580 1300 quando
1619 1247 1650 1287 a
1709 1231 1752 1286 Τ
1757 1232 2061 1290 heodoreto

485 1315 845 1385 reprehensio
881 1317 1086 1389 scripta
1116 1320 1209 1385 sit,
1235 1335 1345 1390 quo
1388 1321 1690 1392 interprete
1724 1323 1918 1380 Latina
1947 1326 2061 1396 pri-

483 1422 636 1461 mum
673 1407 850 1475 facta;
889 1418 1146 1479 quantam
1178 1426 1247 1466 ex
1275 1428 1339 1468 ea
1361 1413 1745 1471 Theodoretus
1775 1417 1831 1471 in
1874 1416 2059 1488 suspi-

482 1499 698 1555 cionem
734 1501 1114 1557 consensionis
1143 1518 1269 1558 cum
1306 1506 1642 1575 Apollinario
1669 1507 1932 1581 Cyrillum
1958 1511 2060 1566 ad-

483 1589 734 1656 duxerit;
765 1598 1025 1660 quantam
1058 1591 1297 1662 Cyrillus
1318 1595 1562 1650 vicissim
1596 1611 1665 1653 ex
1701 1612 1766 1653 ea
1794 1598 2057 1655 invidiam

483 1680 791 1736 Nestoriani
836 1683 1042 1738 erroris
1076 1683 1424 1741 Theodoreto
1454 1686 1809 1756 conﬂaverit;
1842 1706 1953 1761 quo
1991 1707 2058 1746 ex

484 1770 1086 1842 ipsiusimpugnatione
1110 1772 1360 1829 Andreas
1382 1773 1773 1832 Samosatenus
1792 1778 2058 1834 Rabulam

484 1862 825 1918 Edessenum
855 1864 986 1919 odio
1020 1873 1348 1934 prosecutus
1374 1866 1474 1933 sit;
1507 1867 1642 1937 quid
1671 1869 1800 1924 inde
1838 1870 2059 1927 tandem

480 1962 825 2024 excerptum,
864 1964 921 2011 et
980 1955 1211 2026 Vigilius
1274 1957 1328 2011 in
1393 1956 1724 2026 Constituto,
1769 1969 1827 2016 et
1867 1963 2060 2032 quinta

481 2043 727 2113 synodus
761 2045 817 2099 in
846 2045 1036 2115 quinta
1061 2046 1353 2103 collatione
1383 2046 1747 2106 damnaverit.

552 2136 663 2191 VII.
687 2136 868 2193 Unum
892 2137 960 2192 de
979 2146 1224 2209 tempore
1242 2141 1666 2211 conscriptionis
1685 2144 2060 2201 testimonium

481 2227 816 2284 Theodoreti
849 2229 1086 2295 adduco,
1115 2247 1184 2287 ex
1208 2247 1319 2301 quo
1341 2240 1556 2297 veteres
1573 2236 1758 2305 plures
1779 2245 2059 2294 recentes-

478 2336 591 2390 que
632 2330 886 2378 auctores
930 2324 986 2378 in
1015 2339 1081 2379 eo
1106 2339 1321 2381 errasse
1352 2318 1770 2395 convincantur,
1795 2331 1943 2400 quod
1970 2347 2059 2387 re-

480 2412 902 2482 prehensionem
922 2414 1064 2471 hanc
1086 2414 1342 2486 scriptam
1365 2426 1615 2473 asseram
1636 2427 1761 2489 post
1790 2423 2058 2492 synodum

480 2503 814 2574 Ephesinam
847 2522 861 2560 :
891 2522 1002 2577 quo
1046 2515 1293 2578 tempore
1317 2508 1386 2565 de
1435 2524 1573 2580 pace
1601 2510 1747 2568 inter
1785 2513 2061 2571 Ecclesias

479 2596 768 2668 agebatur.

550 2691 686 2747 VIII.
722 2691 1105 2751 Theodoretus
1125 2693 1272 2750 enim
1294 2693 1349 2750 in
1381 2696 1706 2754 Praefatione
1736 2699 2056 2774 Pentalogii,

478 2781 597 2836 sive
646 2781 915 2837 librorum
959 2785 1204 2855 quinque
1244 2786 1511 2843 adversus
1541 2788 1762 2845 beatum
1797 2791 2059 2863 Cyrillum

477 2881 536 2927 et
587 2882 837 2930 sanctum
882 2876 1181 2931 concilium
1226 2877 1568 2947 Ephesinum
1601 2899 1615 2935 :
1652 2901 1671 2933 ι
1702 2882 2057 2954 Priusquam,

479 2965 747 3035 inquit",
804 2978 1108 3024 conventus
1151 2970 1298 3039 apud
1341 2972 1620 3041 Ephesum
1663 2975 2057 3043 celebraretur,

476 3056 775 3114 duodecim
807 3060 1065 3131 capitulis
1110 3062 1346 3117 strictim
1391 3074 1688 3137 aperteque
1734 3069 2057 3136 restitimus,

478 3157 542 3204 ut
565 3150 828 3219 prmscius
864 3152 1065 3207 horum
1108 3153 1266 3210 ﬂeret
1307 3155 1649 3223 intellectus,
1677 3160 1843 3215 etiam
1877 3162 2065 3218 rudio—

476 3255 625 3304 rum,
668 3251 725 3297 et
771 3243 1000 3300 rationis
1023 3247 1354 3316 expertium.
1399 3249 1537 3317 Quia
1563 3267 1697 3307 vero
1739 3268 1798 3308 se
1832 3254 2065 3311 manife-

478 3337 648 3395 stum,
678 3332 772 3399 qui
794 3331 899 3387 ista
936 3335 1179 3404 prodidit
1206 3338 1273 3404 ⁷⁵,
1303 3339 1361 3394 in
1390 3341 1626 3397 concilio
1651 3343 1971 3413 declaravit,
2006 3357 2064 3403 et

478 3420 667 3490 plures
691 3437 760 3478 ex
789 3423 897 3489 his,
925 3425 1020 3495 qui
1041 3440 1434 3497 convenerant,
1465 3432 1704 3504 imperiti
1734 3438 1936 3507 potius,
1959 3455 2063 3496 nec

480 3512 592 3567 ulla
611 3512 882 3584 dogmatis
914 3516 1112 3571 imbuti
1146 3520 1362 3586 notitia,
1394 3522 1482 3593 pia
1504 3524 1622 3580 haec
1644 3526 1892 3583 arbitrati
1909 3538 2060 3598 sunt;

477 3617 663 3672 opera:
696 3607 935 3674 pretium
966 3606 1147 3661 visum
1185 3618 1288 3676 est,
1339 3613 1538 3668 iterum
1569 3625 1762 3672 contra
1790 3619 1915 3687 niti,
1944 3636 2061 3677 ser-

480 3709 808 3766 monemque
857 3697 1193 3765 distendere,
1248 3710 1306 3757 et
1342 3705 1612 3760 succisam
1662 3706 2061 3778 blasphemiam

480 3787 856 3858 multipliciter
884 3790 1190 3857 confutare,
1243 3803 1305 3849 ut
1333 3794 1715 3866 ignorantibus
1746 3801 2059 3862 evidentius

478 3880 873 3950 approbemus,
913 3885 1381 3955 quemadmodum
1434 3890 1745 3963 Evangeliis
1776 3895 2061 3954 declaren-

479 3978 572 4024 tur
604 3969 855 4040 adversa,
905 3991 1028 4046 qua:
1050 3993 1200 4034 nunc
1235 3979 1304 4035 ab
1336 3980 1456 4038 istis
1490 3985 1728 4042 maxime
1762 3989 2062 4059 proferun-

479 4068 592 4115 tur.
632 4080 651 4114 ι
1286 4090 1296 4099 ο

548 4149 645 4209 IX.
670 4153 819 4212 Nihil
849 4156 955 4213 hoc
987 4160 1303 4217 testimonio
1344 4166 1624 4235 potentius
1649 4169 1719 4224 ad
1742 4186 1859 4226 rem
1886 4173 2061 4229 conti-

477 4242 764 4313 ciendam;
823 4248 961 4304 nihil
1025 4251 1338 4310 evidentius
1393 4256 1463 4311 ad
1523 4258 2013 4319 demonstrandum
2044 4308 2058 4332 ,

476 4347 745 4406 quantum
790 4339 991 4398 Marius
1030 4343 1322 4413 Mercator,
1376 4350 1493 4405 suis
1543 4351 1659 4408 sive
1695 4352 2060 4415 Collectaneis

477 4429 593 4486 sive
617 4430 909 4502 Operibus,
934 4437 1184 4493 attulerit
1212 4440 1353 4497 lueis
1388 4443 1456 4498 ad
1476 4443 1771 4503 Historiam
1807 4450 2058 4508 ecclesia-
2092 4445 2137 4505 Ι)

473 4524 689 4591 sticam,
722 4540 834 4595 qua
860 4537 1016 4598 parte
1047 4529 1392 4603 Pelagianam
1433 4545 1491 4592 et
1513 4536 1894 4597 Nestorianam
1932 4559 2063 4601 cau-

474 4628 592 4669 sam
618 4616 837 4676 attinet.

1076 4727 1303 4786 CAPUT
1344 4732 1479 4788 VIII.

857 4814 1033 4890 Opera
1067 4819 1382 4878 Tlteodoreto
1412 4827 1702 4898 supposita.

549 4922 843 4995 Supposita
877 4942 1005 4987 sunt
1032 4934 1133 4990 ista
1157 4936 1402 5008 quinque
1456 4956 1470 4993 :
1520 4938 1675 4995 Libri
1721 4942 1984 5001 nimirum
2014 4947 2059 5003 V

479 5014 862 5087 Historiarum,
911 5024 1179 5082 Gennadii
1238 5039 1429 5097 aetate;
1469 5033 1700 5103 epistola
1741 5036 1855 5093 sive
1913 5038 2056 5094 liber

477 5106 558 5162 De
583 5107 825 5166 Nestoris
854 5114 923 5167 ad
951 5114 1261 5187 Sporacium
1283 5162 1298 5186 ,
1344 5122 1414 5177 ab
1443 5124 1764 5183 hominibus
1792 5130 1932 5185 sexti
1956 5147 2057 5189 sa:-

477 5196 771 5264 euli;libri
802 5203 919 5258 sive
946 5220 1213 5262 sermones
1246 5211 1432 5279 viginti
1485 5222 1683 5283 septem
1725 5216 1790 5270 de
1838 5219 2059 5274 diversis

478 5289 780 5356 haeresibus,
819 5306 848 5347 a
898 5292 1123 5361 Photio;
1153 5295 1283 5349 liber
1308 5302 1563 5356 asceticus
1593 5319 1622 5357 a
1652 5306 1842 5362 codice
1871 5309 2057 5365 Phila-

477 5380 821 5455 delphiensi;
850 5386 992 5442 liber
1020 5387 1098 5443 De
1119 5389 1382 5458 formulis,
1401 5408 1432 5446 a
1465 5392 1809 5451 Brassicano.

2585 487 2741 534 aetate
2772 482 3027 555 suppositi
3061 485 3395 539 Theodoreta.

2223 608 2265 664 Ι.
2284 607 2608 666 Gennadius
2635 611 2692 667 in
2710 612 3040 670 Theodoreti
3067 618 3244 688 elogio
3270 635 3284 673 :
3316 637 3334 670 ι
3370 619 3512 674 Sunt
3535 622 3764 691 eteius,

2163 695 2364 768 inquit,
2400 698 2591 755 decem
2623 701 2872 757 Historiis
2899 704 3263 762 ecclesiastica:
3287 707 3437 773 libri,
3468 723 3610 777 quos
3635 709 3771 764 imi-

2162 796 2308 845 tatus
2361 790 2661 847 Eusebium
2702 792 3098 851 Caesariensem
3133 798 3375 869 scripsit,
3432 799 3768 875 scribens:

2162 878 2270 935 ﬁne
2303 880 2574 936 librorum
2619 883 2843 939 Eusebii
2892 901 3067 956 usque
3106 888 3174 942 ad
3205 904 3364 943 suum
3398 897 3650 959 tempus,
3705 892 3765 945 id

2162 979 2264 1038 est,
2291 987 2322 1027 a
2355 973 2737 1031 vicennalibus
2771 975 3120 1034 Constantini
3146 995 3320 1050 usque
3352 980 3418 1035 ad
3455 981 3766 1052 imperium

2161 1063 2365 1120 Leonis
2394 1064 2661 1123 Senioris.
2695 1087 2714 1119 ι

2232 1156 2298 1211 II.
2351 1157 2654 1229 Deceptnm
2696 1159 2868 1216 fuisse
2915 1161 3284 1229 Gennadium,
3323 1163 3769 1219 evidentissimis

2161 1252 2497 1322 argumentis
2539 1260 2797 1308 constat:
2829 1269 2954 1308 nam
2994 1255 3069 1309 ita
3121 1254 3343 1326 scripsit
3401 1255 3553 1311 solus
3610 1255 3769 1310 inter

2160 1351 2379 1398 veteres
2410 1351 2468 1399 et
2501 1327 2666 1399 homo
2706 1343 2938 1400 Latinus
2975 1345 3044 1401 de
3068 1346 3298 1401 historia
3332 1345 3540 1402 Graeca.
3577 1346 3768 1401 Nemo

2160 1432 2498 1501 Graecorum,
2537 1437 2653 1491 sive
2672 1437 2992 1507 aequalium,
3014 1439 3130 1494 sive
3156 1440 3527 1509 posteriorum
3553 1441 3764 1494 memi-

2159 1524 2262 1588 nit,
2302 1524 2405 1578 etsi
2442 1525 2674 1580 maxime
2719 1527 2955 1597 quisque
2991 1527 3281 1594 debuerat,
3335 1529 3381 1584 si
3428 1545 3519 1584 res
3565 1529 3647 1583 ita
3700 1544 3764 1584 se

2160 1614 2443 1671 habuisset
2471 1635 2484 1670 :
2515 1617 2806 1683 debuerat,
2831 1619 3079 1689 inquam,
3107 1636 3219 1674 non
3240 1622 3254 1639 ‘
3285 1629 3497 1676 tantum
3526 1629 3766 1690 propter

2160 1722 2362 1762 nomen
2395 1709 2701 1776 .auctoris,
2761 1717 2877 1764 toto
2934 1709 3161 1767 Oriente
3220 1712 3603 1777 celeberrimi,
3659 1714 3765 1769 sed

2160 1800 2328 1855 etiam
2376 1809 2602 1871 propter
2632 1816 2744 1867 res,
2780 1818 2918 1873 quas
2942 1818 3087 1858 unus
3112 1804 3362 1858 omnium
3407 1805 3665 1875 apprime
3705 1814 3768 1860 et

2160 1890 2432 1957 scivisset,
2459 1900 2517 1946 et
2543 1893 2766 1963 scriptis
2790 1894 3129 1950 mandasset.

2230 1981 2319 2036 Ill.
2341 1981 2463 2037 Non
2490 1983 2743 2038 meminit
2769 1993 2918 2038 certe
2948 1983 3236 2056 Evagrius,
3275 1986 3528 2055 quamvis
3557 1987 3764 2043 solitus

2161 2072 2265 2128 sibi
2301 2072 2463 2129 ﬁdem
2495 2075 2676 2130 facere
2714 2077 3048 2146 scriptorum
3091 2078 3345 2147 priorum
3379 2080 3709 2135 testimonio
3745 2099 3759 2133 :

2160 2180 2273 2220 non
2301 2167 2554 2221 meminit
2579 2166 2949 2237 TheOphanes
2969 2208 2982 2231 ,
3006 2183 3119 2222 non
3151 2167 3439 2224 Cedrenus
3458 2212 3472 2234 ,
3504 2186 3620 2225 non
3649 2171 3765 2227 Zo-

2160 2271 2343 2321 naras,
2374 2273 2485 2312 non
2512 2259 2763 2325 Photius,
2792 2275 2905 2314 non
2929 2258 3274 2329 Nicephorus
3292 2300 3307 2326 ,
3328 2267 3385 2314 et
3417 2258 3464 2316 si
3494 2262 3590 2331 qui
3626 2271 3764 2317 sunt

2160 2345 2253 2399 alii
2275 2346 2448 2402 Graeci
2477 2347 2757 2403 historici.
3442 2374 3447 2379 γ

2235 2439 2321 2493 IV.
2360 2439 2472 2493 lmo
2514 2440 2782 2512 Evagrius
2831 2441 2887 2495 in
2922 2442 3263 2497 contrarium
3312 2442 3517 2512 apertis
3566 2443 3763 2499 verbis

2159 2533 2493 2585 sententiam
2514 2532 2653 2586 dixit
2679 2550 2694 2587 :
2722 2548 2847 2587 nam
2872 2533 3205 2588 Theodoreti
3250 2532 3548 2587 Historiam
3585 2534 3764 2588 tradit

2161 2622 2228 2676 ad
2286 2623 2401 2678 sola
2455 2623 2754 2679 Theodosii
2804 2625 3047 2695 iunioris
3091 2633 3341 2694 tempora
3387 2626 3758 2694 pervenisse;

2160 2712 2300 2767 dixit
2322 2721 2379 2767 et
2406 2713 2770 2783 Nicephorus,
2793 2714 2887 2783 qui
2910 2714 3104 2770 eadem
3133 2729 3259 2769 cum
3285 2713 3519 2783 Evagrio
3544 2713 3759 2781 refert;

2161 2806 2300 2860 dixit
2331 2812 2387 2860 et
2428 2805 2674 2861 Photius.
2727 2825 2745 2857 ί
2788 2806 3194 2871 Theodoretus,
3221 2806 3421 2876 inquit,
3460 2807 3760 2861 historiam

2163 2893 2440 2949 inchoavit
2483 2894 2553 2949 ab
2583 2895 2778 2951 haeresi
2822 2896 2974 2960 Arii,
3020 2894 3410 2966 pertexuitque
3440 2904 3496 2950 et
3527 2895 3648 2965 ipse
3689 2895 3760 2950 ad

2163 2986 2457 3042 Theodosii
2489 2987 2738 3043 Junioris
2768 2995 3037 3058 tempora,
3072 2997 3130 3042 et
3160 3003 3336 3058 usque
3358 2987 3426 3042 ad
3473 2987 3761 3043 Theodori

2088 3091 2130 3150 ς,
2164 3093 2470 3142 excessum,
2507 3077 2728 3148 quando
2754 3077 3234 3148 Constantinopoli
3286 3092 3570 3133 sacrorum
3610 3078 3763 3133 anti-

2165 3177 2279 3230 stes
2302 3169 2578 3225 Sisinnius
2612 3170 2737 3226 fuit.
2783 3190 2803 3223 ι

2233 3276 2300 3331 V.
2325 3275 2706 3331 Theodoretus
2739 3276 2854 3345 ipse
2880 3274 3203 3331 clarissimis
3231 3282 3287 3330 et
3313 3274 3761 3345 expressissimis

2162 3367 2367 3433 verbis,
2394 3384 2518 3423 cum
2542 3367 2705 3423 ﬁnem
2731 3367 2988 3424 Historiae
3027 3369 3357 3439 imponeret,
3391 3383 3511 3424 eam
3537 3384 3596 3424 se
3636 3383 3765 3425 cer-

2164 3460 2235 3515 tis
2265 3468 2575 3531 temporum
2616 3459 2811 3530 spatiis
2840 3459 3120 3516 deﬁniisse
3156 3467 3411 3516 testatur.
3447 3478 3464 3512 ι
3496 3459 3635 3531 Ego,
3670 3461 3761 3516 in-

2163 3551 2303 3622 quit,
2323 3552 2392 3617 ",
2423 3551 2675 3607 Historiae
2707 3551 2872 3606 tinem
2900 3552 2992 3608 hic
3019 3552 3248 3616 faciens,
3275 3552 3508 3607 lectores
3533 3566 3660 3617 oro,
3701 3560 3765 3608 ut

2161 3643 2408 3699 laborem
2438 3652 2687 3699 nostrum
2724 3644 2986 3715 precibus
3015 3645 3131 3700 suis
3152 3650 3533 3714 compensent.
3574 3642 3760 3710 Quin-

2163 3751 2270 3807 que
2301 3748 2484 3792 autem
2517 3746 2573 3793 et
2605 3744 2826 3792 centum
2858 3751 3128 3792 annorum
3165 3744 3384 3807 tempus
3423 3737 3541 3793 haec
3564 3735 3761 3793 Histo-

2162 3828 2245 3884 ria
2272 3829 2673 3899 complectitur,
2729 3827 2799 3883 ab
2830 3827 2948 3883 Arii
2998 3827 3222 3883 vesania
3271 3827 3578 3899 incipiens,
3607 3828 3761 3885 desi-

2161 3937 2408 3992 nensque
2456 3921 2512 3977 in
2548 3920 2701 3975 obitu
2731 3918 3093 3974 laudabilium
3115 3919 3361 3973 virorum
3390 3917 3670 3973 Theodoti
3706 3926 3764 3973 et

2163 4012 2460 4069 Theodori.
2495 4031 2512 4063 ι
2542 4011 2789 4081 Uterque
2813 4009 2924 4064 fato
2948 4010 3170 4065 functus
3197 4016 3283 4064 est
3310 4023 3458 4063 anno
3482 4008 3610 4062 427.

2229 4125 2318 4181 VI.
2338 4124 2575 4180 Tantum
2594 4139 2728 4178 vero
2755 4123 2931 4187 abest,
2960 4128 3021 4177 ut
3046 4119 3344 4176 Historiam
3369 4120 3436 4175 ad
3460 4121 3762 4191 imperium

2161 4233 2337 4288 usque
2375 4216 2577 4272 Leonis
2601 4215 2847 4271 Senioris
2870 4214 3213 4286 produxerit,
3245 4221 3305 4267 ut
3342 4212 3448 4267 nisi
3476 4213 3764 4268 inconsul—

2164 4312 2410 4368 tissimus
2467 4312 2794 4375 hominum,
2861 4309 2948 4363 vel
2998 4309 3513 4379 impudentissimas
3564 4311 3762 4366 audire

2163 4402 2350 4467 vellet,
2386 4400 2693 4472 producere
2740 4398 2966 4453 omnino
2990 4413 3100 4451 non
3127 4396 3408 4451 debuerit.
3433 4396 3585 4463 Quas
3609 4398 3762 4452 enim

2165 4510 2256 4549 res
2304 4491 2703 4549 ecclesiasticas
2743 4497 3073 4559 prosecutus
3116 4488 3353 4544 fuisset?
3402 4489 3762 4546 Nestorianas

2167 4593 2318 4641 certe
2338 4625 2353 4650 ,
2388 4582 2712 4653 Ephesinas,
2738 4580 3233 4643 Chalcedonenses,
3264 4596 3327 4635 ac
3356 4580 3591 4650 proinde
3609 4598 3759 4645 suas,

2168 4673 2379 4746 Cyrilli,
2399 4673 2524 4736 lbaa,
2552 4680 2715 4742 atque
2745 4670 2911 4725 etiam
2937 4669 3161 4723 Diodori
3184 4668 3474 4724 Tarsensis
3493 4686 3558 4724 ac
3581 4670 3764 4725 Theo-

2169 4766 2292 4821 dori
2318 4763 2725 4834 Mopsuestcni;
2758 4762 2826 4818 de
2852 4761 3056 4831 quibus
3095 4760 3138 4815 si
3167 4775 3298 4814 vera
3326 4761 3669 4830 scripsisset,
3704 4780 3761 4818 se

2164 4865 2329 4927 atque
2362 4854 2569 4909 amicos
2596 4869 2784 4908 coram
2817 4853 3065 4908 omnium
3093 4853 3553 4921 consequentium
3581 4871 3761 4910 smnu-

2164 4948 2344 5003 lorum
2378 4944 2624 5000 Ecclesia
2652 4961 2806 5000 reum
2832 4944 3165 5015 peregisset;
3186 4944 3334 5013 quod
3358 4944 3760 5002 inconsiderati

2156 5046 2241 5095 est
2276 5055 2289 5091 ε
2326 5035 2371 5091 si
2412 5035 2546 5089 falsa
2595 5035 2798 5105 scripto
2843 5035 3180 5099 mandasset,
3212 5036 3571 5090 reclamasset
3602 5039 3759 5093 orbis

2158 5139 2307 5185 totus
2328 5143 2511 5183 rerum
2530 5128 2805 5191 conscius,
2832 5127 3077 5197 tantique
3106 5127 3525 5182 reclamantium
3555 5129 3761 5183 tumul-

2137 5231 2250 5282 ,tus
2290 5237 2417 5292 pars
2443 5219 2647 5290 aliqua,
2687 5219 2770 5274 vel
2803 5219 3089 5284 memoria,
3122 5218 3191 5275 ad
3231 5235 3335 5275 nos
3360 5236 3535 5292 usque
3562 5237 3755 5292 perve-

2161 5313 2350 5369 uisset.

2234 5402 2347 5457 VII.
2375 5402 2430 5458 Si
2449 5405 2593 5459 ultra
2616 5401 2846 5458 Sisinnii
2862 5400 3456 5474 Constantinopolitani
3481 5413 3754 5477 tempora.

1826 5530 2140 5590 SCIIULZII
2182 5535 2412 5591 NOTAE.

549 5662 593 5733 ’_’
625 5661 744 5717 Vill.
776 5677 960 5733 supra,
1008 5681 1059 5733 ιι.
1110 5666 1231 5720 155.

483 5728 527 5759 ’³⁵
547 5729 808 5791 Prodidit.

1336 5669 1381 5701 ⁷³
1416 5668 1531 5755 Viti.
1576 5679 1713 5755 part;
1741 5687 1778 5755 ri
1822 5670 2059 5755 Operur_n

2218 5676 2537 5734 Mercatoris
2588 5679 2684 5734 lib.
2741 5696 2794 5735 tn
2849 5678 2935 5750 (ex
2965 5681 3100 5736 edit.
3139 5679 3331 5747 Carn.,
3370 5690 3408 5736 t.
3448 5681 3514 5748 II,
3549 5698 3606 5753 p.
3639 5682 3749 5755 67).

888 5751 988 5793 0C0
1022 5737 1114 5793 cit.
1149 5737 1253 5810 leg.
1288 5737 1529 5809 protulit.
1580 5737 1651 5771 ί⁷³
1692 5740 1812 5799 Lib.
1847 5737 1901 5810 πῖ,
1928 5758 1976 5798 c.
2016 5744 2101 5800 39.
