3926 6216
242 341 345 405 353

1427 336 1523 396 DE
1562 335 1817 398 LIBRIS
1852 336 2361 402 THEODORETI.

3367 344 3472 409 355

243 454 300 510 id
326 459 433 515 est,
463 451 606 506 ultra
651 464 857 504 annum
904 447 1108 503 Christi
1153 448 1253 502 ιε’]
1291 446 1587 503 Historiam
1615 458 1809 518 protu-
1842 453 1881 510 Λ
1913 449 2046 513 cari,
2090 451 2334 520 quinque
2389 450 2490 507 hos
2535 446 2708 508 libros
2746 469 2854 509 non
2894 466 3015 514 esse
3040 454 3285 513 diversos
3311 457 3477 531 £03

248 544 413 604 lisset,
446 536 606 611 5.05
654 536 781 592 inde
816 536 1007 606 procul
1031 534 1202 590 dubio
1229 536 1417 604 quinta
1446 535 1687 605 synodus
1715 535 1810 589 de-

246 631 599 702 sumpsisset,
639 643 762 698 quae
804 628 1053 681 facerent
1100 627 1397 696 plurimum
1437 627 1505 681 ad
1544 641 1762 681 causam
1789 666 1805 690 ,

250 738 400 795 quam
418 721 632 792 agebat.
660 720 718 774 Si
745 720 897 774 enim
922 719 1071 774 Ibam
1103 728 1160 773 et
1180 719 1528 773 Theodorum
1551 718 1808 773 damnas-

251 823 348 877 set,
384 811 764 883 przejudicium
804 810 1102 864 damnandi
1135 811 1381 865 attulisse
1402 809 1699 865 diceretur
1721 825 1736 874 ;
1761 808 1808 863 si

251 904 594 966 defendisset,
646 915 777 955 reus
828 900 956 956 inde
996 910 1250 971 ageretur
1289 915 1390 955 suo
1433 900 1603 971 ipsius
1650 899 1806 955 testi-

251 995 443 1049 monio.

316 1084 447 1138 Vlﬂ.
470 1082 596 1139 Haec
623 1098 751 1138 cum
791 1083 1098 1138 indubitata
1137 1084 1266 1149 sint,
1304 1085 1682 1139 contentiosus
1727 1093 1807 1140 ta-

250 1188 367 1228 men
389 1174 592 1242 aliquis
627 1173 865 1244 objicere
891 1182 1075 1243 posset
1102 1174 1245 1228 duo:
1278 1174 1512 1229 alterum
1538 1190 1606 1230 ex
1629 1175 1807 1231 Theo—
1856 1174 1859 1177 ’

249 1267 377 1321 duro
405 1265 653 1329 Lectore,
704 1281 774 1319 ex
819 1265 1152 1319 Damasceno
1187 1264 1440 1321 alterum.
1487 1264 1807 1321 Theodorus

248 1354 387 1408 enim
406 1352 505 1407 lib.
533 1369 573 1406 ιι
605 1351 822 1407 Collect.
844 1392 860 1416 ,
895 1371 913 1403 ι
952 1352 1170 1415 Petrus,
1188 1352 1387 1421 inquit,
1427 1352 1648 1424 Moggus
1671 1355 1805 1410 reli-

251 1446 401 1514 quias
438 1444 714 1500 Timothei
745 1443 1109 1514 Salophacioli
1130 1442 1386 1498 eﬂ‘odisse
1417 1443 1639 1509 dicitur,
1658 1444 1804 1499 idem

251 1551 460 1607 quoque
484 1536 683 1591 scribit
712 1534 1109 1590 Theodoretus.
1142 1554 1161 1586 ι
1198 1534 1266 1589 Et
1290 1535 1451 1605 paulo
1475 1544 1619 1605 post,
1664 1553 1682 1586 ε
1704 1535 1807 1591 Ca-

246 1626 553 1681 lendionem
575 1624 716 1680 dicit
739 1624 1053 1679 ordinatum
1097 1624 1268 1681 fuisse
1310 1623 1800 1696 Constantinopoli,

249 1733 368 1773 cum
394 1716 731 1772 Theodorito
759 1715 1163 1771 consentiens»
1198 1716 1567 1771 Damascenus
1595 1730 1727 1771 vero
1745 1715 1803 1770 in

1909 538 2072 593 abiis
2105 554 2243 608 quos
2281 540 2625 595 Theodoreto
2657 544 2862 612 juniori
2913 544 3222 600 tribuimus.
3270 546 3471 602 Verum

1909 629 2110 696 obstat,
2141 631 2288 701 quod
2310 632 2689 688 Theodoretus
2715 635 2904 705 junior
2930 635 3182 691 Nestorio
3216 637 3475 693 infensis-

1908 721 2122 788 simus;
2174 721 2436 786 lrenaeus,
2502 734 2566 781 ut
2623 736 2838 783 constat
2903 742 2968 783 ex
3006 728 3158 784 Actis
3186 729 3475 799 Ephesium

1908 813 2125 883 synodi,
2152 813 2170 835 ⁶
2191 814 2600 872 addictissimus
2632 818 2816 873 fuerit.
2855 820 2992 874 Vide
3041 835 3163 889 quas
3211 830 3473 891 sequente

1907 901 2251 971 paragrapho
2282 903 2553 959 dicentur.
2594 905 2767 971 Quid,
2806 908 2853 962 si
2902 907 3241 964 Hebed-Jesu
3278 910 3471 964 lremei

1908 1004 2111 1047 nomen
2146 1008 2250 1062 pro
2286 993 2615 1050 Theodoreti
2638 998 2860 1052 nomine
2886 999 3167 1069 posuerit?

2090 1122 2118 1193 §
2145 1121 2208 1176 ll.
2236 1121 2475 1194 Epistola
2501 1126 2570 1179 ad
2594 1124 2903 1197 Sporacium
2932 1130 2994 1183 de
3018 1128 3275 1186 Nestorio.

1977 1252 2020 1306 Ι.
2043 1251 2216 1320 Quem
2245 1254 2451 1310 librum
2490 1255 2629 1310 dixit
2666 1256 3011 1326 Sirmondus,
3046 1261 3314 1319 Baronius
3353 1267 3473 1334 epi-

1906 1347 2099 1401 stolam
2124 1347 2401 1414 nominat;
2432 1346 2662 1402 formam
2696 1349 2787 1405 ille
2819 1355 3219 1423 contemplatus
3246 1363 3349 1420 est,
3368 1356 3471 1411 iste

1907 1433 2370 1505 inscriptionem:
2421 1437 2475 1491 id
2522 1438 2789 1509 quidquid
2840 1449 2944 1505 est,
3007 1439 3349 1509 Sirmondus,
3409 1455 3472 1499 ut

1904 1535 2025 1581 erat
2062 1528 2345 1598 perspicax
2375 1538 2433 1585 et
2468 1546 2650 1586 rerum
2678 1532 2922 1602 prudens
2951 1535 3266 1603 aestimator,
3292 1552 3471 1608 neque

1905 1615 2052 1670 inter
2094 1617 2358 1687 epistolas
2388 1621 2711 1686 collocavit,
2757 1637 2936 1693 neque
2975 1624 3166 1679 ordine
3199 1642 3300 1683 suo
3330 1629 3476 1683 inter

1903 1705 2094 1770 libros,
2149 1706 2245 1762 sed
2297 1709 2449 1763 velut
2506 1711 2791 1781 rejiculum
2834 1714 3095 1782 quiddam
3142 1717 3197 1771 in
3231 1717 3472 1789 Operum

246 1806 339 1862 lib.
374 1823 434 1861 ll!
466 1806 545 1860 De
580 1805 900 1876 imaginibus
940 1805 1095 1875 plura
1133 1805 1424 1875 producit,
1463 1808 1529 1860 ἐκ
1557 1807 1657 1877 τῆς
1699 1807 1803 1861 ἐκ..
1836 1795 1875 1849 Β
1902 1798 2238 1868 Appendice.
2283 1801 2485 1856 Scribit
2535 1811 2739 1868 tamen,
2767 1805 2914 1874 quod
2942 1807 3194 1864 mirabile
3225 1820 3330 1874 est,
3370 1811 3473 1866 Ba-

249 1897 678 1966 κλησιιιστικῆς
703 1897 988 1964 Ἱστορίας
1031 1897 1359 1969 Θεοδωριτου
1389 1897 1529 1953 libro
1560 1898 1721 1954 tertio
1746 1907 1802 1954 et

250 1998 455 2060 quarto.
468 2010 473 2014 δ

312 2077 401 2132 IX.
424 2078 629 2132 Verum
675 2077 998 2149 jamdudum
1042 2079 1147 2135 viri
1190 2080 1339 2137 docti
1364 2091 1368 2095 '
1395 2080 1575 2135 locum
1614 2079 1807 2133 Dama-

250 2171 390 2225 sceni
412 2170 799 2237 emendarunt,
835 2179 893 2226 et
926 2186 1026 2241 pro
1056 2171 1390 2227 Theodorito
1431 2172 1804 2237 Theodorum,

249 2261 521 2316 Lectorem
548 2262 827 2328 videlicet,
855 2271 1218 2333 reposuerunt
1248 2281 1260 2315 :
1308 2278 1373 2318 ea
1418 2263 1567 2317 enim
1608 2264 1805 2318 Dama-

249 2367 437 2407 scenus
479 2359 771 2416 memorat,
819 2367 961 2422 quae,
1011 2368 1081 2409 ne
1132 2353 1176 2407 si
1210 2355 1558 2409 centenarius
1585 2355 1807 2425 quidem

246 2437 450 2502 fuisset,
481 2438 866 2495 Theodoretus
897 2440 1040 2495 scire
1061 2441 1349 2510 potuisset,
1367 2450 1429 2496 ut
1452 2443 1597 2512 quod
1627 2442 1808 2514 Olym-

246 2530 331 2600 pio
355 2530 553 2585 Ariano
573 2531 804 2602 contigit
831 2545 977 2586 anno
1011 2531 1134 2586 498.
1174 2532 1377 2588 Eadem
1421 2534 1563 2589 ratio
1604 2535 1807 2590 refellit

248 2622 463 2691 pariter,
493 2622 643 2691 quod
689 2637 759 2676 ex
804 2621 1078 2676 Theodori
1117 2622 1479 2679 Collectaneis
1509 2624 1806 2679 adductum

242 2723 324 2767 est
355 2731 370 2766 :
402 2713 725 2769 Timotheus
753 2714 903 2768 enim
941 2714 1353 2785 Salophaciolus
1378 2718 1662 2773 excessite
1695 2719 1806 2772 vita

244 2803 457 2857 circiter
487 2818 693 2858 annum
718 2802 845 2869 481,
876 2819 985 2874 quo
1011 2813 1256 2876 tempore
1283 2805 1585 2862 Calendion
1614 2808 1805 2862 Antio-

243 2894 426 2949 chena:
449 2894 713 2950 Ecclesiae
759 2894 1048 2965 praefectus
1082 2905 1185 2951 est.
1228 2896 1357 2964 Quae
1402 2898 1448 2952 si
1497 2898 1808 2968 scripsisset

244 2984 641 3050 Theodoretus,
668 2987 1039 3057 nonagenario
1068 2988 1241 3058 major
1280 2988 1608 3058 scripsisset.

1904 1892 2115 1954 ronius,
2149 1890 2439 1959 epistolam
2484 1892 2627 1948 hanc
2665 1909 2767 1948 suo
2806 1895 2863 1950 in
2897 1898 3088 1953 codice
3124 1903 3472 1970 praepositam

1904 1978 2073 2034 fuisse
2124 1980 2348 2050 reliquis
2379 1983 2447 2046 ⁷⁸,
2494 1990 2752 2053 tanquam
2809 1985 3140 2043 Theodoreti
3193 1989 3379 2055 tidem,
3416 2001 3475 2047 et

1903 2067 2241 2123 Nestorianaa
2303 2070 2581 2126 societatis
2641 2073 2915 2141 publicam
2972 2078 3470 2147 renuntiationem;

1906 2159 2002 2214 sed
2033 2159 2087 2214 id
2117 2160 2320 2214 factum
2351 2161 2547 2230 opinor
2584 2162 2653 2216 ab
2683 2164 2867 2233 aliquo
2891 2166 3196 2223 amantiore
3224 2168 3475 2227 Theodo-

1907 2248 2035 2313 reti,
2066 2265 2229 2319 quam
2257 2251 2524 2306 veritatis.

1976 2338 2039 2392 ll.
2079 2338 2139 2392 In
2179 2339 2338 2393 libris
2377 2340 2614 2410 vulgatis
2656 2342 2836 2398 media
2888 2344 2974 2399 sui
3008 2354 3184 2415 parte,
3244 2348 3473 2405 totidem

1904 2428 2108 2493 verbis,
2138 2430 2358 2486 conficit
2393 2442 2558 2500 caput
2598 2433 2664 2486 l2
2705 2433 2829 2487 libri
2872 2437 3051 2504 quarti
3092 2437 3472 2494 Ηωτειὶεαηηη

1905 2518 2228 2588 fabularum,
2256 2521 2402 2590 quod
2439 2521 2781 2589 inscribitur,
2808 2524 2885 2578 De
2908 2525 3188 2593 Nestorio;
3227 2530 3473 2601 nihilque

1906 2607 2070 2663 habet
2096 2612 2353 2680 amplius,
2378 2620 2577 2681 praeter
2604 2613 3028 2684 disputationem
3055 2620 3321 2689 prolixam
3344 2638 3471 2678 cum

1906 2697 2138 2768 ipsumet
2173 2699 2445 2765 Nestorio,
2477 2701 2545 2756 ad
2571 2718 2732 2773 quem
2766 2706 2940 2761 oratio
2961 2711 3333 2778 convertitur;
3363 2728 3473 2784 qua

1907 2789 2266 2846 conversione
2303 2791 2441 2846 nihil
2480 2801 2566 2848 est
2608 2793 2937 2852 insolentius
2963 2799 3107 2869 apud
3152 2800 3471 2861 Theodore-

1908 2889 2043 2936 tum.

1979 2994 2068 3049 lll.
2103 2994 2336 3066 Scripsit
2371 3013 2521 3063 vero,
2548 3000 2800 3071 quisquis
2830 3014 2913 3059 est
2946 3016 3155 3072 auctor,
3198 3019 3322 3079 post
3362 3012 3472 3067 Ne-

308 3076 377 3130 X.
408 3078 632 3142 Verum,
652 3087 715 3131 ut
745 3094 814 3133 ne
840 3079 1131 3149 scrupulus
1153 3079 1300 3134 ullus
1317 3080 1537 3145 haereat,
1558 3082 1806 3151 aperien—
1832 3126 1875 3184 ο
1909 3088 2162 3152 storium,
2180 3105 2290 3143 non
2317 3091 2480 3145 modo
2502 3091 2846 3161 deportatum
2883 3095 2937 3148 in
2970 3096 3170 3162 Oasim,
3194 3076 3288 3154 sed
3306 3103 3470 3157 etiam

243 3167 400 3234 dum,
434 3169 561 3238 quis
600 3169 693 3224 ille
734 3169 808 3224 sit
837 3168 1218 3224 Theodoretus
1262 3170 1515 3226 Historia:
1547 3173 1802 3242 scriptor,

246 3260 393 3329 cujus
438 3260 695 3314 meminit
744 3259 1064 3317 Theodorus
1091 3261 1306 3316 Lector.
1354 3262 1500 3316 Nihil
1534 3280 1663 3318 vero
1694 3265 1804 3319 dici

251 3357 423 3417 potest
450 3358 546 3404 aut
578 3350 788 3415 verius,
820 3360 915 3406 aut
935 3360 1081 3407 certe
1110 3352 1637 3423 probabilius,quam
1659 3355 1805 3424 quod

248 3437 650 3496 illustrissimus
691 3440 982 3496 Annalium
1039 3442 1275 3512 scriptor
1311 3442 1481 3497 tradit
1507 3444 1595 3496 "z
1640 3444 1807 3498 exsti-

251 3527 375 3584 tisse
405 3530 620 3586 scilicet
661 3532 1037 3587 Theodoretos
1083 3532 1222 3587 duos
1254 3549 1267 3587 :
1303 3534 1574 3588 seniorem
1611 3549 1803 3602 unum,

250 3621 340 3689 qui
361 3620 648 3692 Cyrensis;
671 3624 951 3694 juniorem
979 3627 1235 3692 alterum,
1253 3628 1348 3697 qui
1377 3627 1805 3683 ecclesiasticam

249 3710 494 3782 Cyrensis
516 3712 816 3771 Historiam
849 3718 1207 3773 continuavit.
1248 3718 1474 3773 Addidit
1511 3719 1699 3790 junior
1735 3720 1804 3775 ad

251 3804 472 3859 senioris
520 3804 816 3860 Historiam
867 3806 1039 3863 libros
1081 3809 1346 3878 quinque,
1405 3811 1606 3878 quibus
1651 3826 1806 3866 com-

251 3892 429 3960 plexus
483 3905 571 3950 est
625 3897 899 3966 quidquid
964 3914 1147 3953 rerum
1193 3900 1685 3955 ecclesiasticarum
1735 3901 1804 3956 ab

250 3992 382 4034 anno
410 3983 511 4036 427
543 3983 610 4036 ad
640 3983 841 4040 Justini
880 3986 1231 4055 imperatoris
1270 3989 1424 4043 initia
1458 3998 1670 4061 gestum
1697 4001 1800 4059 est;

249 4078 301 4121 et
330 4072 784 4140 quemadmodum
830 4074 922 4129 ille
967 4076 1036 4130 ab
1071 4076 1188 4130 Arii
1229 4077 1471 4143 vesania,
1516 4079 1596 4133 sic
1627 4080 1729 4135 iste
1770 4095 1803 4135 a

248 4157 473 4215 Nestorii
501 4162 698 4218 haeresi
727 4162 945 4219 initium
973 4165 1150 4220 duxit.

310 4251 394 4307 XI.
425 4255 633 4320 Quodsi
662 4256 794 4312 licet
819 4259 1128 4329 conjectura
1158 4259 1234 4314 uti
1269 4259 1326 4314 in
1374 4276 1432 4316 re
1475 4277 1505 4315 a
1543 4262 1803 4333 tempori-

246 4340 343 4398 bus
371 4347 577 4400 nostris
609 4345 907 4401 admodum
937 4360 1167 4412 remota,
1206 4365 1269 4404 ac
1310 4361 1533 4420 propter
1552 4361 1800 4407 veterum

1907 3179 1962 3234 in
1989 3179 2166 3234 reditu
2197 3180 2395 3236 misere
2427 3182 2753 3238 exstinctum
2786 3185 2949 3240 :faeit
2969 3188 3114 3242 enim
3138 3193 3472 3249 mentionem

1907 3269 2304 3340 deportationis
2330 3280 2387 3326 et
2428 3272 2687 3329 interitus
2726 3292 2739 3328 :
2775 3275 2995 3346 scripsit
3027 3278 3191 3348 igitur
3222 3292 3345 3351 post
3375 3299 3476 3338 an.

1907 3376 2039 3415 num
2068 3363 2194 3426 447,
2223 3378 2333 3431 quo
2361 3379 2507 3418 anno
2555 3365 2784 3434 periisse
2829 3367 3112 3424 Nestorius
3154 3374 3356 3441 apertis
3394 3385 3473 3431 te-

1906 3453 2200 3519 stimoniis,
2230 3462 2326 3509 aut
2348 3463 2495 3511 certe
2534 3459 2894 3527 argumentis,
2927 3463 3259 3518 ostenditur.

1976 3546 2064 3601 lV.
2103 3546 2274 3602 Nemo
2298 3557 2569 3615 veterum,
2606 3550 2753 3618 quod
2793 3551 2992 3617 sciam,
3027 3555 3274 3609 meminit
3312 3556 3471 3617 istius

1905 3636 2172 3708 epistolae,
2207 3647 2527 3707 quatenusa
2543 3640 2722 3709 capite
2745 3641 3040 3697 undecimo
3061 3645 3170 3715 jam
3196 3646 3343 3702 dicto
3369 3648 3474 3703 dif-

1904 3725 2031 3782 fert.
2055 3726 2190 3781 Nam
2222 3727 2486 3783 Leontius
2521 3729 2575 3784 in
2614 3744 2781 3799 opere
2806 3730 2879 3784 De
2909 3733 3081 3798 sectis,
3115 3741 3173 3786 et
3216 3735 3471 3792 Theodo-

1907 3833 2002 3889 rus
2031 3818 2214 3874 Abbas
2246 3819 2303 3875 in
2341 3828 2665 3892 argumento
2697 3823 2888 3892 synodi
2911 3823 3218 3893 Ephesinae,
3245 3843 3307 3882 ac
3332 3828 3472 3881 Pho-

1907 3911 2017 3966 tius
2046 3909 2102 3964 in
2135 3910 2356 3975 Codice,
2397 3911 2766 3966 meminerunt
2799 3914 2968 3968 solius
2998 3914 3126 3969 libri
3160 3932 3213 3971 tv
3251 3917 3473 3974 Hier-eti-

1904 4018 2090 4055 carum
2127 3999 2464 4070 tabularum,
2490 4001 2545 4054 in
2574 4018 2684 4071 quo
2714 4002 2911 4058 inserta
2936 4013 3039 4059 est.

1970 4093 2034 4148 ν.
2074 4092 2142 4146 Et
2166 4107 2298 4147 vero
2321 4093 2606 4162 scriptum,
2625 4093 2773 4162 quod
2798 4093 2854 4148 in
2880 4094 3251 4165 Appendicem
3282 4100 3471 4172 rejecit

1905 4182 2256 4248 Sirmoudus,
2297 4183 2617 4237 nonnullam
2665 4184 2887 4253 quidem
2930 4186 3342 4245 declamationis
3377 4200 3475 4247 aut

1903 4272 2151 4327 historiae
2179 4272 2418 4342 speciem
2442 4271 2682 4341 prmfert,
2721 4274 2925 4328 nullam
2948 4276 3209 4344 epistolae.
3238 4279 3396 4344 Nam,
3424 4283 3472 4335 ιο

1901 4363 2021 4417 Νοη
2049 4363 2215 4417 habet
2238 4361 2595 4416 honorificam
2623 4363 2761 4428 viri,
2792 4364 2879 4419 cui
2910 4366 3202 4433 scribitur,
3230 4373 3440 4440 compel
3459 4402 3471 4413 -

247 4436 513 4491 silentium
561 4437 818 4503 obscura,
874 4439 1240 4495 Theodoritus
1279 4441 1370 4496 ille
1397 4442 1586 4511 junior
1620 4443 1663 4473 ⁷⁷
1687 4458 1798 4496 non
1832 4454 1874 4509 ι)
1903 4452 2200 4515 lationem,
2239 4466 2401 4521 quam
2433 4450 2490 4504 in
2518 4451 2771 4521 epistolis
2811 4452 2878 4507 ad
2917 4463 3194 4524 magnates
3217 4436 3472 4514 omittere

247 4526 371 4581 alter
410 4528 633 4583 videtur
673 4544 814 4595 esse,
863 4544 1027 4600 quam
1060 4530 1383 4585 Alindorum
1426 4532 1714 4601 episcopus
1742 4532 1797 4586 in

246 4619 512 4685 provincia
544 4619 739 4685 Cariae,
760 4622 856 4691 qui
893 4637 1035 4676 anno
1074 4623 1177 4678 556
1222 4624 1456 4677 concilio
1490 4622 1799 4678 Constanti-

247 4714 553 4782 nopolitano
595 4715 806 4771 Mean
841 4718 1127 4773 interfuit:
1164 4727 1378 4789 tempus
1400 4720 1567 4784 enim,
1601 4736 1798 4775 nomen

248 4811 295 4856 et
324 4805 558 4861 eruditio
581 4814 912 4876 congruunt.

308 4892 416 4951 XH.
454 4896 515 4952 in
547 4899 795 4968 catalogo
819 4898 1159 4956 Hebed-Jesu
1194 4902 1402 4956 mentio
1448 4901 1514 4955 fit
1549 4901 1799 4957 Historiae

256 4986 580 5055 rujusdam,-
611 5006 734 5059 quae
786 4991 1030 5060 quinque
1090 4992 1247 5047 libris
1309 4993 1801 5063 comprehenderet

252 5075 555 5145 eiectionem
598 5079 876 5147 Nestorii,
919 5089 976 5136 et
1015 5084 1220 5149 omnia,
1257 5100 1377 5154 qua:
1403 5084 1456 5137 in
1482 5084 1589 5137 illis
1619 5084 1798 5155 regio-

253 5172 396 5229 nibus
439 5185 593 5247 gesta
626 5183 777 5230 sunt.
819 5176 1024 5231 Auctor
1064 5176 1268 5231 dicitur
1312 5177 1548 5231 lrenmus
1579 5177 1797 5249 Tyrius,

251 5264 561 5336 aequalisque
605 5264 963 5319 Theodoreto
1013 5264 1259 5320 innuitur
1304 5264 1423 5334 ipso
1460 5265 1802 5320 recensionis

251 5353 435 5412 ordine.
488 5356 720 5415 Venerit
758 5355 987 5412 fortasse
1021 5359 1077 5410 in
1124 5366 1360 5411 mentem
1418 5356 1581 5411 alicui
1617 5357 1799 5427 suspi-

1908 4542 2289 4598 Theodoretus
2335 4557 2448 4596 non
2491 4543 2649 4597 solet.
2693 4543 2751 4596 2°
2787 4543 2949 4598 Caret
2984 4546 3157 4600 amica
3205 4548 3468 4614 clausula,

1905 4650 2071 4705 quam
2096 4633 2480 4689 Theodoretus
2505 4634 2593 4687 vix
2634 4635 2840 4703 pariter
2871 4651 3109 4704 unquam
3144 4640 3471 4706 praetermit-

1907 4728 1991 4781 tit.
2018 4727 2073 4780 5°
2101 4726 2482 4781 Praefationem
2521 4726 2765 4780 continet
2807 4726 3071 4795 prolixam
3091 4766 3106 4789 ,
3158 4728 3468 4798 locumque,

1904 4827 1965 4871 ut
1989 4817 2165 4883 aiunt,
2190 4832 2559 4881 communem,
2582 4833 2691 4886 quo
2728 4816 2865 4870 nihil
2899 4816 3191 4871 absurdius
3214 4828 3473 4887 peccatur

1905 4906 1958 4960 in
1986 4906 2339 4976 epistularum
2363 4913 2561 4971 artem,
2584 4905 2833 4975 religiose
2855 4920 2884 4958 a
2904 4904 3252 4961 Theodoreto
3281 4907 3473 4963 obser-

1901 5006 2102 5051 vatam.
2145 4999 2199 5051 4°
2236 4996 2537 5051 Fastidiosa
2585 4997 2677 5049 illa
2726 4995 2972 5065 praefatio
3014 4996 3160 5051 aliud
3192 4997 3329 5052 nihil
3363 5010 3468 5063 est,

1900 5102 2063 5155 quam
2114 5085 2348 5139 imitatio
2385 5085 2633 5154 qumdam
2668 5094 2831 5154 atque
2872 5086 3223 5156 amplificatio
3258 5087 3469 5159 prologi

1894 5176 2040 5230 libro
2071 5182 2267 5244 quarto
2307 5173 2696 5229 ereticarum
2726 5174 3031 5244 fabularum
3067 5176 3294 5246 prmfixi,
3323 5182 3469 5246 quoi

1896 5268 2107 5337 puerile
2135 5265 2347 5320 vitium.
2368 5267 2435 5322 5°
2467 5265 2655 5322 Oratio
2677 5266 2743 5321 ad
2775 5268 3090 5323 Nestorium
3124 5269 3303 5339 ipsum
3334 5285 3468 5324 con-

1897 5359 2155 5423 vertitur,
2189 5357 2494 5429 cujusmodi
2523 5357 2668 5429 apud
2693 5358 3101 5416 Theodoretum
3140 5360 3195 5413 in
3220 5360 3472 5431 epistolis

1566 5509 1882 5567 SCHULZII
1922 5510 2153 5567 I\OT1E.

295 5630 547 5688 "Annal.
599 5639 640 5684 t.
682 5628 753 5682 Vl
776 5667 788 5690 ,
822 5641 877 5695 p.
912 5625 1032 5680 655.

1141 5628 1184 5658 ⁷⁷
1216 5626 1339 5680 Haec
1391 5629 1612 5702 quidem
1642 5630 1964 5702 conjectura
2015 5628 2193 5685 Caveo
2234 5631 2464 5702 aliisque
2517 5647 2573 5687 se
2617 5626 3185 5702 commendavjthsed
3226 5624 3467 5702 junioris

238 5701 356 5760 illius
382 5697 962 5772 Theodoret_i__scripta
997 5696 1085 5749 vix
1116 5696 1716 5772 potueruntGennadio
1746 5696 2111 5765 innotescere,
2149 5708 2210 5755 ut
2233 5702 2344 5772 jam
2376 5696 2601 5756 'monuit
2636 5702 2911 5757 Fabricius
2954 5697 3195 5751 ΒΞὸΙὶοιΙι.
3227 5696 3317 5749 (.‘r.
3355 5696 3462 5748 vol.

237 5774 369 5846 Vl,p.
398 5774 524 5830 124.
611 5770 657 5802 ⁷⁸
699 5766 826 5823 Vid.
883 5781 1065 5834 supra,
1098 5782 1149 5835 p.
1188 5767 1307 5823 503}.
