3886 6222
408 305 515 374 355

1528 301 1903 368 GARNERII
1944 309 2440 372 DISSERTATIO
2481 306 2538 371 Ιῐ

3561 316 3676 380 356

405 420 500 475 vix
535 417 836 490 quidquam
885 415 1148 490 reperias.
1184 416 1346 490 407
1393 417 1448 473 6"
1479 415 1666 474 Scatel
1689 417 1979 488 plirasibus
2010 425 2056 482 Α
2084 421 2374 490 docuerit;
2404 425 2563 494 cujus
2590 423 2896 479 doctrinam
2921 424 3390 483 anathematizare
3417 424 3488 484 sit
3517 430 3673 488 idem

406 526 476 565 cx
514 509 778 581 Gregorio
823 509 1100 580 Theologo
1144 508 1429 579 pueriliter
1461 506 1739 577 decerptis
1765 548 1780 575 ,
1830 509 1979 578 quod

407 600 694 671 indignum
754 601 1121 656 Theodoreto.
1176 600 1454 668 Decerptae
1492 606 1624 653 sunt
1662 598 1781 656 ista:
1809 599 1985 654 mani-

407 692 551 747 feste
609 706 678 746 ex
725 691 980 746 Oratione
1041 693 1098 744 iu
1151 689 1508 744 Athanasium
1547 689 1615 744 ⁸⁸⁵.
1670 689 1873 759 Ἄλλην
1925 689 1984 754 ἐξ

405 782 574 855 ἄλλης
597 783 841 854 ἀμείϐων
870 782 1073 853 χώραν,
1105 780 1359 850 καθάπερ
1403 779 1744 852 Αἰγυπτιακὴ
1772 799 1854 844 τις
1883 782 1987 851 μά-

410 877 528 942 στιξ
558 879 624 946 τῇ
659 876 873 946 μεγάλῃ
923 873 1032 927 τῶν
1072 873 1388 944 Ἀντιοχέων
1424 873 1690 943 ἐνέσκηψε
1715 872 1889 938 πόλει,
1927 875 1984 926 ἐν

407 964 580 1035 ταύτῃ
629 963 802 1032 λόγων
839 962 1158 1032 ἐλευθερίων
1202 963 1438 1034 μετρίως
1487 962 1861 1034 μετεσχηκώς.
1916 964 1985 1018 Et

407 1056 569 1124 paulo
602 1066 727 1124 post
747 1053 793 1087 ⁸ο
823 1095 836 1109 .
870 1055 1134 1109 Ἐνταῦθα
1167 1072 1256 1124 μοι
1282 1056 1466 1108 λοιπὸν
1496 1057 1590 1108 καὶ
1617 1057 1686 1108 τὰ
1711 1056 1984 1126 δράματα,

406 1138 480 1196 ὧν
506 1143 703 1214 μικροῦ
739 1145 953 1214 πλήρης
983 1145 1132 1198 πᾶσα
1155 1147 1224 1213 γῆ
1257 1160 1314 1196 τε
1339 1145 1432 1196 καὶ.
1464 1143 1720 1196 θάλαττα.
1761 1145 1849 1206 Ὠς
1876 1143 1986 1214 γὰρ

404 1235 496 1287 τὸν
535 1235 789 1304 μέγιστον
813 1238 1016 1289 ἐκεῖνον
1049 1235 1314 1290 κατέλαϐε
1349 1235 1555 1306 Θρὸνον,
1585 1236 1837 1306 καθάπερ
1865 1235 1986 1288 τινὰ

406 1327 698 1397 τυραννίδα
729 1328 828 1398 τῆς
862 1327 1273 1399 ἀρχιερωσύνης
1308 1329 1409 1400 τὴν
1447 1329 1778 1399 προστασίαν
1812 1329 1987 1399 ἁρπά-

408 1435 526 1480 σας.
574 1418 654 1472 Ex
707 1417 962 1473 Oratione
1007 1419 1077 1473 ad
1123 1418 1351 1474 Arianae
1389 1419 1478 1472 In:
1523 1421 1671 1472 Οίκοι
1711 1419 1779 1473 τὰ
1817 1420 1985 1474 πολλὰ

407 1507 631 1577 βιϐλίοις
676 1511 1026 1579 προσανέχων
1049 1549 1063 1569 ,
1103 1512 1194 1562 καὶ
1245 1511 1363 1563 καθ’
1400 1510 1626 1580 ἡσυχίαν
1659 1510 1836 1580 ἑαυτῷ
1861 1527 1988 1578 συγ·-

403 1599 706 1669 γινόμενος.
754 1599 1013 1669 Spurium
1048 1599 1214 1669 igitur
1237 1607 1321 1653 est
1355 1607 1518 1668 atque
1571 1599 1984 1669 supposititium

407 1689 486 1753 id,
523 1692 901 1761 cujuscunque
931 1691 1078 1745 modi
1110 1701 1213 1756 est,
1245 1693 1532 1761 scriptum.

2082 531 2146 570 ac
2178 517 2351 585 ipsam
2376 517 2637 586 pietatem
2679 517 2977 585 damnare;
3016 520 3109 590 qui
3144 519 3342 591 injuste
3371 529 3429 578 et
3476 523 3676 595 inique

2081 607 2375 663 damnatus
2404 610 2478 664 sit
2509 608 2747 680 Ephesi;
2799 627 2962 681 quem
2994 612 3129 666 socii
3161 622 3412 682 pastores
3439 615 3675 672 calamis

2082 698 2272 768 inique
2320 699 2662 766 occiderint;
2701 701 2858 771 cujus
2915 700 3333 756 damnatoribus
3380 719 3676 775 nunquam

2081 791 2201 862 ipse
2224 791 2296 846 sit
2323 792 2848 857 communicaturus,
2874 792 2980 847 etsi
3011 792 3364 848 membratim
3382 793 3674 865 discerpa-

2082 892 2192 938 tur.
2232 903 2250 935 ι
2303 883 2461 938 Nunc
2497 899 2648 948 vero,
2689 884 2736 938 si
2768 883 2841 938 sit
2875 891 3070 939 auctor
3115 883 3384 953 epistolae,
3424 901 3534 955 qua
3599 886 3676 941 de

2083 977 2287 1046 agitur,
2350 975 2607 1030 eumdem
2657 975 2896 1044 appellat
2959 992 2976 1025 ι
3043 982 3339 1040 amentem,
3389 974 3674 1045 ﬂagellum

2083 1067 2487 1138 (Egyptiacum,
2515 1067 2943 1122 instrumentum
2967 1065 3231 1121 daemonis
3253 1067 3676 1122 mendaciorum

2084 1160 2280 1230 patris,
2315 1159 2690 1214 Christianum
2727 1159 2912 1228 specie
2944 1157 3116 1227 magis
3148 1172 3314 1226 quam
3343 1157 3546 1228 reipsa,
3583 1167 3674 1228 ty-

2086 1251 2334 1307 rannidis
2358 1251 2756 1315 aﬂ'ectatorem,
2801 1250 3054 1320 impium,
3111 1248 3515 1319 blasphemum,
3565 1265 3678 1304 nu-

2085 1344 2288 1414 gaciter
2319 1343 2665 1408 delirantem,
2693 1343 2860 1396 stulta
2884 1341 3209 1410 sapientem,
3232 1340 3328 1410 qui
3352 1341 3673 1410 simplicem

2086 1445 2141 1490 et
2163 1435 2401 1490 artiﬁcio
2425 1445 2704 1490 carentem
2747 1433 2909 1488 ﬁdem
2942 1443 3184 1492 nostram
3215 1432 3547 1489 Graecanicis
3578 1449 3675 1487 ar-

2087 1529 2253 1597 gutiis
2283 1527 2538 1592 turbarit,
2576 1526 2668 1596 qui
2707 1527 3028 1595 pontiﬁcatu
3067 1539 3166 1595 per
3206 1535 3423 1580 sanctos
3461 1524 3674 1594 Ephesi

2087 1629 2483 1690 congregatos,
2537 1619 2725 1674 divino
2773 1617 3036 1688 suﬁ‘ragio
3094 1617 3341 1686 dejectus
3396 1617 3510 1683 sit,
3573 1618 3673 1687 qui

2089 1709 2272 1764 edicto
2301 1710 2646 1779 imperatoris
2670 1708 2854 1764 Oasim
2875 1709 3063 1779 jussus
3086 1707 3358 1772 habitare,
3375 1707 3471 1777 qui
3493 1707 3674 1762 futuri

474 1784 561 1838 Ἦ·
602 1783 707 1837 Sed
728 1783 978 1852 Spurium
1011 1798 1131 1837 esse
1166 1783 1342 1852 ipsum
1385 1800 1604 1854 quoque
1654 1795 1823 1856 cilliUt
1852 1787 1993 1841 duo'
2020 1779 2062 1832 Β
2091 1803 2383 1874 impiorum
2409 1803 2660 1873 supplicii
2693 1802 2844 1856 illinc
2876 1801 3171 1871 sumpserit
3204 1800 3489 1855 exordium
3511 1841 3525 1863 ,
3555 1815 3676 1855 sua:

404 1877 679 1931 decimum
704 1876 828 1930 libri
852 1877 1033 1946 quarti
1075 1876 1456 1932 erett'carum
1490 1879 1816 1948 fabularum,
1842 1881 1985 1936 invi-

406 1974 570 2035 toque
598 1965 947 2020 Theodoreto
983 1975 1254 2031 assutum,
1289 1968 1492 2024 invicte
1526 1969 1819 2026 conﬁcitur
1841 1970 1912 2036 ⁸³,
1939 1973 1985 2027 si

403 2056 762 2112 conferantur
792 2059 938 2112 inter
963 2073 1041 2123 se,
1077 2067 1193 2112 tum
1216 2074 1337 2128 quae
1375 2049 1760 2119 Theodoretus
1793 2064 1849 2118 in
1875 2080 1986 2120 uno

402 2151 706 2219 eodemque
731 2165 898 2219 opere
934 2151 1318 2204 ereticarum
1338 2151 1639 2222 fabularum
1665 2155 1849 2221 habet,
1870 2164 1986 2212 tum

401 2256 523 2309 quae
562 2242 631 2296 de
673 2241 929 2296 Nestorio
956 2243 1340 2313 episcopisque
1382 2245 1503 2314 ejus
1549 2245 1984 2314 damnatoribus,

403 2334 521 2402 ipse
553 2343 609 2388 et
639 2335 941 2388 assurnenti
976 2342 1170 2388 auctor
1197 2335 1469 2390 scribunt.

475 2421 586 2477 VII.
621 2423 1079 2478 Theodoretusin
1099 2424 1419 2494 praefatione
1440 2427 1707 2482 librorum
1742 2431 1985 2502 quinque

402 2514 791 2568 Haereticarum
814 2514 1119 2584 fabularum
1154 2516 1475 2586 pollicetur,
1508 2534 1566 2573 se
1600 2520 1867 2575 adversus
1893 2537 1988 2577 eos

402 2607 812 2676 disputaturum
849 2609 905 2662 in
940 2608 1084 2662 libro
1101 2608 1574 2679 quinto,quorum
1611 2603 1664 2666 in
1687 2614 1810 2669 aliis
1831 2630 1989 2670 erro-

404 2714 496 2754 res
533 2699 894 2768 exposuisset.
951 2699 1132 2766 Quare
1175 2701 1431 2756 hortatur
1486 2701 1692 2757 ibidem
1741 2721 1858 2770 cos,
1891 2707 1985 2776 qui

402 2791 601 2846 lecturi
643 2800 790 2856 sunt,
829 2811 846 2842 ‹
887 2799 948 2846 ut
999 2792 1385 2847 luereticorum
1426 2793 1742 2864 dogmatum
1788 2812 1988 2852 unum-

401 2885 658 2954 quodque
697 2900 820 2939 cum
853 2885 1107 2940 veritatis
1158 2882 1410 2940 doctrina
1451 2898 1789 2957 comparent,
1830 2892 1988 2961 cujus

401 2976 481 3031 rei
519 2976 692 3047 gratia
730 2976 958 3046 quintus
1011 2975 1156 3030 liber
1204 2977 1553 3046 conscriptus
1597 2977 1710 3032 sit:
1767 2980 1988 3037 visuros

399 3069 605 3139 quippe
626 3070 769 3124 hanc
794 3067 970 3122 divini
1007 3067 1249 3138 Spiritus
1283 3069 1503 3124 oracula
1532 3070 1711 3140 sequi,
1742 3071 1832 3126 illa
1853 3088 1985 3127 vero

400 3133 581 3229 pravae
599 3158 950 3229 cogitationis
969 3133 1186 3213 inventa
1205 3173 1345 3214 esse.
1358 3178 1376 3210 ι
1395 3159 1558 3230 Atqui
1576 3133 1673 3215 lib.
1686 3133 1739 3226 ν,
1753 3177 1872 3232 cap.
1894 3163 1982 3229 ii,
2013 3133 2054 3190 ϐ

399 3252 543 3320 quod
561 3260 646 3306 est
660 3253 734 3304 Πε
743 3253 796 3321 pi
812 3251 912 3320 τῆς
929 3249 1022 3303 τοῦ
1051 3252 1302 3322 Σωτῆρος
1331 3253 1660 3324 οἰκονομίας,
1673 3255 1774 3309 etsi
1797 3271 1987 3311 recen-

399 3352 518 3398 seat
534 3342 915 3398 haereticorum
941 3342 1185 3407 nomina,
1203 3359 1438 3413 quorum
1455 3353 1615 3399 antea
1631 3347 1895 3401 retulerat
1917 3348 1985 3404 de

401 3434 799 3491 incarnationis
818 3434 1079 3504 mysterio
1111 3448 1330 3488 errores
1362 3451 1375 3486 :
1409 3436 1645 3504 appellat
1669 3437 1818 3492 enim
1850 3438 1986 3493 Cer-

401 3527 622 3590 donem,
666 3526 1020 3590 Marcionem,
1067 3524 1372 3589 Manetem,
1408 3525 1732 3580 Cerinthum
1758 3567 1772 3592 ,
1818 3529 1986 3583 Ebio-

400 3633 582 3684 natos,
619 3616 1052 3680 Theodotianos,
1093 3615 1553 3681 Artemonianos,
1604 3617 1982 3685 Photinianos,

401 3708 615 3775 Arium,
674 3709 1029 3774 Ennomium,
1088 3716 1145 3763 et
1203 3708 1638 3780 Apollinarium;
1693 3725 1764 3763 ne
1814 3711 1986 3767 verbo

401 3800 628 3871 quidem
683 3799 998 3855 Nestorium
1049 3805 1145 3853 aut
1209 3808 1508 3862 memorat,
1561 3807 1656 3852 aut
1711 3798 1983 3870 indigitat.

405 3893 680 3948 Debuerat
705 3900 913 3957 tamen,
963 3890 1008 3946 si
1044 3890 1200 3962 prius
1225 3890 1372 3945 inter
1409 3890 1704 3946 haereticos
1730 3892 1982 3946 censuis-

401 3993 508 4039 set.

476 4096 610 4151 Vlll.
645 4096 876 4159 Deinde,
914 4093 1179 4149 credibile
1233 4109 1343 4147 non
1401 4103 1505 4160 est,
1549 4094 1980 4163 Theodoretum,

401 4188 497 4260 qui
530 4202 684 4242 suam
722 4185 1006 4257 magniﬁce
1034 4184 1404 4255 depraedicare
1427 4185 1625 4240 solitus
1649 4195 1734 4241 est
1764 4187 1821 4241 in
1853 4203 1984 4257 pro-

401 4281 586 4352 posito
635 4278 874 4333 tenendo
929 4278 1315 4341 constantiam,
1381 4277 1586 4346 quique
1648 4278 1987 4334 conﬁdenter

400 4378 586 4442 negat,
634 4383 693 4424 se
730 4367 966 4422 similem
991 4366 1205 4438 polypis
1249 4365 1864 4436 chamclaaontibusque,
1918 4367 1985 4422 ad

2087 1894 2261 1964 ipsius
2286 1895 2540 1949 amentiae
2566 1893 2744 1947 factus
2774 1892 3097 1946 ludibrium.
3131 1911 3148 1942 ι
3190 1891 3322 1957 Quis
3347 1891 3464 1945 haec
3500 1891 3674 1946 unius

2086 1987 2328 2040 hominis
2356 1986 2525 2039 verba
2561 2000 2682 2039 esse
2716 1983 2924 2048 credat,
2958 1983 3096 2038 licet
3138 1982 3370 2036 diversis
3406 1982 3678 2051 tempori-

2087 2077 2191 2134 bus
2214 2078 2238 2132 ’ἶ
2263 2078 2401 2144 Quis
2427 2078 2578 2132 illius
2602 2077 2811 2140 credat,
2855 2075 2950 2145 qui
2981 2091 3051 2130 ne
3088 2075 3144 2128 in
3170 2075 3405 2130 concilio
3441 2075 3674 2144 quidem

2085 2170 2543 2233 Chalcedonensi,
2582 2168 2934 2238 quantumvis
2964 2175 3194 2236 utraque
3235 2174 3478 2236 potestas
3502 2181 3642 2236 urge
3670 2202 3678 2209 -

2088 2271 2192 2327 ret,
2256 2263 2571 2318 Nestorium
2619 2269 2832 2330 sponte,
2889 2259 2985 2315 sed
3043 2260 3095 2313 vi
3153 2266 3368 2314 tantum
3422 2267 3671 2325 coactus,

2087 2355 2432 2410 damnaverit
2461 2355 2485 2407 ?

2159 2447 2342 2514 Quid?
2390 2447 2536 2518 quod
2590 2445 2940 2501 damnatores
2984 2441 3248 2508 Nestorii,
3293 2458 3432 2513 quos
3457 2443 3672 2512 epistoo

2089 2540 2155 2594 lae
2186 2538 2232 2571 ³³
2264 2547 2455 2594 auctor
2483 2545 2703 2593 sanctos
2717 2544 2896 2600 vocat,
2925 2543 2980 2588 et
3006 2534 3195 2588 divino
3225 2533 3433 2603 Spiritu
3458 2532 3677 2586 aﬁlatos

2089 2634 2247 2699 dicit,
2285 2631 2671 2686 Theodoretus
2697 2627 2745 2660 3‘
2782 2628 3020 2698 appellat
3059 2646 3076 2678 ι
3117 2625 3501 2680 interfectores
3529 2624 3674 2678 socii

2087 2725 2345 2795 pastoris,
2375 2731 2727 2792 corruptores
2757 2721 2930 2775 vinea:
2974 2719 3078 2774 sibi
3116 2717 3359 2783 creditae,
3408 2716 3675 2786 inquina—

2091 2825 2237 2872 torcs
2261 2816 2532 2886 portionis
2570 2814 2885 2876 Dominicai,
2913 2811 3250 2866 desolatores
3284 2809 3397 2880 agri
3437 2807 3673 2872 Christi,

2087 2908 2232 2963 ﬁlios
2264 2915 2560 2977 apostatas,
2604 2921 2840 2976 quorum
2888 2919 3084 2958 manus
3109 2902 3332 2974 pollutae
3379 2900 3673 2970 sanguine,

2087 3018 2151 3057 os
2198 3000 2522 3056 meditatum
2567 2998 2953 3068 iniquitatem,
3002 2995 3186 3065 lingua
3229 2994 3551 3064 injustitiam
3598 2992 3679 3047 lo-

2088 3100 2245 3158 cuta;
2285 3109 2303 3144 i
2335 3100 2391 3145 et
2419 3091 2525 3146 alio
2559 3090 2614 3144 in
2643 3091 2794 3156 loco,
2834 3109 2852 3140 ι
2884 3087 3082 3142 surdos
3129 3097 3185 3140 et
3231 3100 3401 3140 caecos
3449 3092 3682 3154 sponta-

2089 3198 2247 3247 neos,
2279 3189 2463 3235 mcntc
2502 3189 2708 3251 captos,
2744 3177 3165 3248 Apollinarianae
3201 3174 3500 3245 impietatis
3531 3190 3681 3243 prae-

2093 3288 2281 3339 cones,
2302 3272 2522 3326 invidia:
2562 3270 2854 3340 mancipia,
2885 3267 2979 3338 qui
3011 3265 3233 3322 veritati
3269 3264 3522 3335 proprias
3545 3279 3677 3334 pas-

2091 3367 2276 3420 siones
2331 3362 2646 3434 prmferant,
2695 3360 2899 3430 quique
2943 3365 3169 3428 propter
3209 3356 3480 3410 humanas
3504 3356 3682 3409 alter-

2087 3456 2333 3511 cationes
2362 3455 2476 3508 Deo
2510 3452 2763 3522 prtelium
2804 3449 3006 3504 inferre
3040 3448 3158 3504 ausi
3193 3449 3322 3512 sint,
3357 3457 3464 3502 etc.
3508 3466 3527 3499 ι
3567 3447 3682 3503 Ite-

2087 3565 2213 3604 rum
2250 3549 2396 3610 dico,
2427 3545 2550 3617 quis
2582 3544 2772 3600 credat
2799 3543 2917 3598 htec
2965 3542 3034 3596 ab
3081 3557 3192 3596 uno
3231 3540 3537 3609 eodemque
3566 3539 3678 3594 lio--

2087 3643 2258 3707 mine,
2309 3648 2366 3695 et
2403 3637 2627 3709 quidem
2661 3645 2878 3692 amante
2924 3634 3122 3690 famam
3150 3632 3501 3696 constantiae,
3523 3631 3678 3688 dicta

2087 3749 2229 3797 esse,
2282 3748 2386 3787 nec
2432 3731 2733 3786 indicatum
2768 3729 2880 3782 ullo
2909 3727 3114 3790 verbo,
3160 3740 3282 3795 qua:
3330 3732 3479 3778 tanta
3505 3738 3678 3779 causa

2088 3823 2256 3879 fuerit
2287 3830 2510 3876 mutatae
2536 3829 2687 3874 tanta
2713 3821 2769 3873 in
2798 3833 2856 3872 re
2883 3817 3169 3872 sententiae
3189 3816 3214 3868 ?

2158 3915 2226 3970 Χ.
2264 3915 2466 3971 Verum
2532 3912 2714 3966 adhuc
2763 3911 3005 3982 pressius
3056 3917 3333 3963 auctorem
3367 3907 3677 3963 assumenti

2089 4017 2144 4063 et
2191 4007 2604 4063 Theodoretum
2642 4005 2820 4074 ipsum
2866 4015 3278 4072 componamus.
3341 3999 3674 4061 Aitauctor,

2089 4110 2147 4150 se
2181 4095 2417 4159 nescire,
2455 4092 2762 4164 cujusmodi
2797 4091 2996 4145 studiis
3042 4089 3113 4143 sit
3146 4088 3450 4142 innutritus
3471 4089 3677 4144 Nesto-

2090 4186 2228 4241 rius.
2283 4185 2503 4240 Sciebat
2545 4184 2716 4254 probe
2760 4181 3165 4247 Theodoretus,
3221 4179 3497 4233 Theodori
3556 4180 3676 4233 Mo-

2088 4275 2370 4346 psuesteni
2421 4274 2621 4329 studiis
2661 4272 2991 4326 innutritum
3026 4287 3038 4322 :
3070 4269 3174 4322 fuit
3199 4268 3346 4322 enim
3393 4267 3676 4322 condisci-

2088 4367 2252 4438 pulus
2292 4364 2518 4420 Joannis
2575 4361 2944 4426 Antioclieni,
2989 4360 3231 4415 Joannes
3280 4357 3522 4412 Nestorii
3569 4358 3677 4412 sub

401 4467 418 4485 '
450 4461 698 4535 singula,
745 4460 946 4530 quibus
1001 4459 1384 4514 adlimrescunt
1427 4474 1689 4528 corpora,
1749 4459 1980 4516 formam
2019 4471 2058 4524 ο
2089 4457 2383 4513 Theodoro
2409 4456 2692 4527 magistro.

400 4554 918 4620 commutantibus;
952 4552 1048 4622 qui
1077 4550 1393 4606 Nestorium
1425 4551 1707 4606 immensis
1728 4551 1987 4607 laudibus

400 4649 696 4712 extulerat,
736 4653 794 4700 et
835 4644 905 4699 iis
953 4641 1178 4713 quidem
1221 4641 1479 4713 publicis,
1521 4657 1585 4697 ac
1616 4649 1734 4697 toto
1767 4643 1990 4698 Oriente

406 4736 464 4788 in
527 4744 724 4790 testem
782 4733 1091 4804 appellato,
1156 4731 1211 4785 in
1263 4729 1517 4785 eumdem
1564 4741 1753 4800 postea
1798 4733 1992 4788 effreni

400 4826 623 4880 licentia
649 4827 1046 4881 debaccliatum
1073 4839 1216 4889 esse,
1244 4823 1393 4878 nulla
1425 4823 1581 4894 prius
1608 4824 1982 4880 admonitione

401 4917 708 4989 praemissa,
743 4935 850 4987 qua
883 4933 1076 4974 causas
1107 4923 1461 4972 commutata:
1498 4917 1784 4972 sententiae
1811 4917 1981 4972 lecto-

402 5009 578 5071 ribus,
605 5009 1028 5064 inconstantiam
1053 5010 1383 5082 objccturis,
1420 5008 1698 5064 redderet.

467 5101 560 5156 ιχ.
586 5101 900 5156 Nestorium
936 5112 1084 5157 certe
1127 5118 1238 5157 non
1273 5103 1442 5157 semel
1487 5111 1646 5158 antea
1692 5110 1985 5157 vocaverat

407 5214 426 5246 ι
463 5191 872 5266 pientissimum
911 5201 969 5247 et
996 5194 1366 5249 venerabilem
1418 5193 1757 5264 episc0pum,
1798 5195 1980 5247 virum

400 5282 848 5348 sanctissimum,
902 5299 1287 5353 summumque
1337 5285 1431 5339 Dei
1474 5285 1835 5350 sacerdotem,
1890 5286 1984 5355 qui

401 5376 542 5433 nihil
593 5383 794 5448 praeter
854 5374 1159 5431 doctrinam
1211 5375 1377 5448 408
1429 5391 1617 5431 sanam
1678 5377 1896 5432 noverit
1930 5386 1986 5432 et

2157 4548 2249 4603 Ait
2299 4557 2514 4614 auctor,
2567 4545 2880 4601 Nestorium
2914 4545 3076 4600 aliam
3130 4559 3194 4599 ex
3237 4542 3343 4598 alia
3389 4541 3674 4613 regionem

2091 4649 2478 4703 commutasse,
2533 4638 2866 4707 tandemque
2916 4637 2970 4690 in
3019 4651 3270 4707 magnam
3321 4633 3676 4690 Antiochiam

2093 4732 2385 4802 irrupisse.
2441 4731 2821 4786 Theodoretus
2869 4737 3101 4785 noverat
3135 4729 3340 4783 vixisse
3384 4727 3441 4781 in
3493 4727 3678 4782 Laura

2093 4825 2268 4880 sancti
2315 4825 2576 4895 Euprepii
2625 4840 2796 4895 prope
2852 4822 3222 4887 Antiochiam,
3261 4823 3372 4876 imo
3398 4821 3679 4876 etAntio-

2091 4916 2231 4970 Chiae
2262 4915 2619 4986 baptizatum,
2645 4931 2770 4970 cum
2805 4915 2986 4969 adhuc
3017 4922 3164 4969 esset
3197 4928 3355 4983 puer.

2162 5008 2254 5062 Ait
2307 5017 2534 5070 auctor,
2582 5008 2888 5062 ostendisse
2934 5003 3251 5060 Nestorium
3303 5005 3358 5059 in
3401 5005 3675 5067 exordio,

2093 5099 2272 5168 qualis
2308 5105 2421 5152 tota
2457 5099 2570 5152 vita
2589 5107 2734 5152 esset
2781 5097 3020 5151 futurus.
3074 5094 3232 5150 Hunc
3291 5095 3681 5150 Theodoretus

2093 5193 2296 5262 ubique
2320 5191 2522 5261 passim
2550 5190 2978 5253 sanctissimum,
3009 5198 3065 5244 et
3101 5189 3275 5259 ipsam
3311 5202 3452 5258 pene
3502 5188 3682 5257 pieta-

2091 5293 2202 5339 tem
2228 5290 2407 5339 vocat.

2159 5375 2301 5441 Quid
2335 5377 2514 5446 plura,
2539 5373 2852 5429 Nestorium
2875 5382 3069 5429 auctor
3091 5373 3415 5429 nominatim
3451 5380 3510 5427 et
3540 5387 3677 5425 con-

1743 5532 2060 5588 SCHULZII
2092 5531 2323 5587 NOTAE.

465 5653 511 5686 "
540 5648 676 5706 Vide
734 5647 901 5704 verba
943 5648 1066 5718 ista,
1105 5657 1145 5703 t.
1178 5648 1268 5712 IV,
1304 5664 1356 5718 p.
1412 5647 1568 5702 i012.

1674 5648 1719 5681 '°
1753 5648 1916 5713 Ibid.,

1954 5665 2008 5719 p.
2064 5648 2218 5719 1045.

2290 5647 2334 5677 ⁸¹
2366 5645 2505 5700 lbid.
2599 5645 2646 5677 ⁸⁸
2673 5645 2748 5700 De
2797 5643 2899 5697 hac
2931 5640 3180 5698 Gamerii
3223 5635 3510 5710 hypotliesi
3551 5633 3681 5710 vide

399 5705 585 5792 supra,
629 5730 669 5774 t.
698 5719 787 5784 IV,
819 5735 872 5790 p.
903 5717 1026 5773 368.
1055 5705 1114 5750 ’⁸³
1137 5705 1410 5791 Epistolar.
1443 5718 1693 5773 Oudinns
1725 5719 1761 5772 l.
1799 5734 1872 5783 c.,
1902 5705 2148 5788 pinos,
2182 5716 2333 5771 addit
2360 5725 2408 5769 et
2439 5716 2624 5785 capitis
2659 5715 2742 5769 i2.
2789 5713 2832 5746 ‘“
2866 5713 3230 5769 Theodoretus.
3265 5705 3524 5764 Uudinus
3555 5705 3594 5760 l.
3623 5719 3680 5760 ς.

401 5792 554 5850 addit
593 5807 763 5846 verus.
