3886 6222
209 293 291 357 357
1346 280 1444 342 DE
1482 278 1738 342 LIBRIS
1774 277 2260 341 THEODORETI

3321 286 3429 352 358

212 402 435 474 temptim
485 401 766 471 appellat;
809 397 975 471 ιω
1015 410 1287 467 nusquam
1333 395 1469 460 fere,
1501 402 1599 451 aut
1621 404 1759 449 noué
1785 396 1833 457 Δ
1921 391 2035 449 XV.
2067 391 2298 457 Deinde,
2329 394 2543 448 tantetsi
2588 392 2903 457 Historiam,
2938 409 3047 465 qua
3086 395 3154 451 de
3190 397 3425 467 agimus,

211 495 298 551 nisi
312 493 610 549 honorifice
626 491 1021 547 Theodoretus.
1043 489 1112 545 Et
1138 503 1271 544 vero
1284 488 1328 519 ⁸⁸
1356 486 1534 557 capite
1552 486 1610 539 ll
1626 486 1755 542 libri

212 585 367 656 quinti
395 599 520 638 cum
553 589 907 638 enumeraret
949 581 1186 637 haereses
1221 578 1485 636 adversus
1510 579 1761 634 incarna-

213 676 358 732 tionis
385 672 572 739 ﬁdem,
602 673 1051 743 singularumque
1094 680 1347 727 auctores
1371 678 1429 726 et
1462 669 1759 725 acerrimos

213 768 508 824 defensores
540 772 878 826 rsconseret,
907 763 1113 818 nullam
1166 761 1297 817 fecit
1344 760 1579 817 Nestorii
1607 774 1761 815 men-

213 860 437 924 tionem;
491 856 761 910 debuerat
802 863 987 910 tameu
1026 852 1285 918 maxime,
1330 867 1456 907 cum
1506 858 1761 922 ageretur

217 948 273 1003 de
296 947 361 1001 iis
388 945 482 1014 qui
504 943 788 1000 Christum
814 957 1017 1013 purum
1040 942 1319 998 hominem
1353 940 1631 997 dixerunt.

271 1034 357 1088 Xl.
382 1034 546 1102 Atqui
574 1032 779 1087 dixerit
810 1031 1085 1102 quispiam
1111 1049 1124 1084 :
1162 1030 1394 1087 Photius
1426 1038 1483 1085 et
1513 1028 1763 1086 Theodo-

214 1139 294 1178 rus
318 1123 522 1187 Abbas,
550 1130 810 1177 auctores
837 1122 1029 1191 procul
1061 1120 1233 1175 dubio
1264 1134 1460 1190 graves
1510 1127 1568 1173 et
1616 1117 1762 1173 auti-

214 1214 313 1284 qui.
362 1221 524 1283 caput
579 1212 968 1268 duodecimum
1004 1211 1129 1266 libri
1165 1211 1345 1280 quarti
1380 1210 1764 1264 ereticarum

215 1302 521 1374 fabularum,
535 1301 693 1371 quod
709 1302 780 1359 ab
803 1303 1033 1371 epistola
1059 1316 1170 1356 non
1192 1299 1399 1364 differt,
1418 1299 1764 1355 Theodoreto

216 1395 481 1459 tribuunt;
526 1394 664 1463 quin
710 1393 878 1449 etiam
930 1391 1195 1448 Leontius
1261 1400 1318 1446 et
1385 1390 1765 1446 Theodoretus

216 1484 326 1541 inde
352 1483 547 1555 jubent
593 1483 841 1554 agnosci.
883 1490 1149 1552 quantum
1173 1496 1372 1536 exosus
1404 1490 1551 1536 esset
1581 1480 1763 1535 Theo-

216 1577 387 1632 doreto
405 1575 697 1633 Nestorius
726 1575 907 1630 :adde
937 1573 1084 1644 quod
1112 1573 1436 1645 jubentibus
1463 1578 1766 1642 paruerunt

1860 486 2245 543 Theodoretus
2286 484 2544 557 Cyrensis
2581 501 2692 541 non
2726 486 3029 557 scripserit,
3076 495 3255 557 potest
3287 487 3428 543 alter

1859 577 2078 647 aliquis,
2136 592 2242 631 nec
2286 576 2541 647 ignobilis
2587 593 2690 632 nec
2729 578 2956 633 alterius
3009 578 3271 641 nominis,
3316 579 3428 635 dici

1860 677 2071 723 auctor.
2095 666 2238 723 Olim
2254 676 2405 723 certe
2418 668 2788 723 Damascenus
2809 678 2865 725 et
2885 668 3207 725 Theodorus
3231 669 3431 724 Lector

1860 758 2087 813 Patrum
2111 766 2293 823 aetate,
2328 757 2599 814 Baronius
2622 774 2755 815 vero
2770 760 2839 815 ad
2860 776 3063 819 annum
3090 761 3214 825 494,
3248 778 3302 816 n.
3339 761 3429 823 60,

1859 850 2176 920 producunt
2226 849 2627 905 Thcodoretum
2668 851 2922 916 alterum,
2960 853 3053 922 qui
3102 843 3435 907 Ecclesiaste

1861 956 1979 996 eam
2003 941 2279 997 historian:
2301 922 2923 1013 eomposueritiquique
2954 945 3112 1015 longe
3142 960 3171 999 a
3206 944 3433 1016 Cyrensi

1862 1030 2049 1095 distet,
2078 1046 2206 1087 cum
2240 1046 2332 1087 res
2358 1030 2646 1086 Anastasio
2687 1032 2990 1102 imperante
3019 1043 3198 1105 gestas
3224 1042 3430 1089 narret.

1865 1119 2025 1176 Hunc
2048 1128 2266 1178 veteres
2306 1120 2384 1177 illi
2419 1121 2530 1175 duo
2556 1120 2961 1177 Theodoretum
2987 1124 3307 1194 simpliciter
3333 1140 3433 1195 ap-

1862 1212 2090 1281 pellant.
2119 1212 2397 1282 juniorem
2419 1212 2687 1267 Bamnius
2704 1214 3215 1285 nominat,eumque
3246 1224 3435 1285 aperte

1862 1299 2061 1370 probat
2088 1315 2201 1355 non
2226 1313 2256 1355 a
2285 1297 2511 1370 Cyrensi
2559 1306 2771 1355 tantum
2818 1299 3167 1355 Theodoreto
3189 1301 3433 1365 diﬂ’erre,

1865 1390 1961 1449 sed
1992 1391 2160 1446 etiam
2210 1407 2243 1445 a
2287 1390 2580 1447 Theodoro
2612 1391 2863 1457 Lectore,
2898 1391 2956 1446 iu
2981 1406 3093 1462 quo
3118 1393 3435 1448 Damasceni

1865 1480 2209 1538 Scholiasten
2250 1483 2451 1541 merito
2476 1482 2725 1563 castigat,
2785 1491 2849 1537 ut
2891 1497 3053 1553 quem
3086 1491 3335 1552 oporteat
3358 1485 3440 1537 in-

1864 1573 2081 1631 curiose
2112 1583 2390 1633 versatum
2426 1590 2546 1632 esse
2574 1577 2633 1630 in
2656 1575 2779 1630 loco
2804 1574 3439 1645 Damasceni,slquidem

213 1669 564 1738 posteriorum
588 1678 900 1737 temporum
933 1665 1039 1719 viri
1065 1680 1197 1721 sane
1221 1663 1600 1728 eruditissimi,
1622 1678 1762 1733 quo—
1865 1665 2267 1723 emendandum
2301 1674 2456 1723 ratus
2502 1667 2605 1730 sit,
2653 1681 2967 1737 nomenque
3014 1665 3289 1722 Theodori
3337 1679 3440 1737 pro

218 1776 322 1815 rum
351 1761 667 1831 opinionem
693 1759 1005 1814 convellere
1026 1772 1136 1813 non
1169 1757 1305 1812 levis
1322 1764 1408 1812 est
1426 1771 1627 1826 operae.

277 1851 382 1907 XII.
416 1852 494 1906 Ea
516 1867 606 1906 me
636 1850 804 1914 ratio,
828 1849 1024 1915 fateor,
1048 1850 1146 1904 diu
1170 1848 1348 1905 tenuit
1375 1864 1475 1904 suo
1494 1854 1771 1902 momento

216 1957 526 2013 suspensum
567 1958 634 1998 ac
672 1942 930 2009 dubium,
968 1956 1072 1997 nec
1110 1941 1412 1998 etiamnum
1448 1940 1581 1995 sinit
1615 1953 1768 2003 esse,

216 2043 285 2088 tot
315 2036 437 2090 licet
464 2035 744 2106 tantisque
765 2036 824 2090 in
848 2034 1185 2091 contrarium
1211 2033 1545 2102 argumentis
1570 2046 1770 2101 urgen-

216 2124 368 2188 tibus,
406 2123 804 2178 certissimum.
845 2123 1049 2178 Verum
1092 2138 1124 2177 a
1164 2122 1439 2177 sententia
1481 2120 1768 2187 dimoveri,

213 2227 304 2271 nec
326 2216 579 2280 istorum,
605 2230 708 2270 nec
743 2214 962 2269 illorum
988 2214 1313 2269 auctoritate
1339 2227 1562 2282 possum
1582 2229 1597 2277 ;
1614 2211 1772 2266 video

214 2305 401 2375 quippe
423 2320 534 2374 qua
561 2312 716 2373 parte
746 2303 996 2359 elevetur
1024 2303 1069 2334 "
1095 2321 1109 2355 :
1142 2318 1269 2356 nam
1301 2301 1407 2355 viri
1435 2316 1775 2369 consequem

213 2399 278 2453 tis
296 2399 393 2452 cvi
421 2397 690 2461 Leontio,
720 2395 919 2451 Photio
957 2403 1014 2450 et
1057 2393 1346 2449 Theodoro
1372 2392 1728 2447 crediderunt
1757 2406 1770 2441 :

212 2490 463 2545 Leontius
514 2498 701 2544 autem
739 2503 868 2543 cum
926 2486 1144 2541 duobus
1188 2485 1303 2539 fere
1355 2492 1480 2554 post
1526 2481 1771 2545 saeculis,

214 2579 429 2634 Photius
459 2578 660 2642 tribus,
682 2575 1006 2631 Theodorus
1037 2574 1220 2629 adhuc
1250 2572 1427 2628 serius
1452 2570 1771 2640 scripserit;

210 2678 501 2741 potuerunt
522 2685 636 2724 non
665 2667 960 2723 admodum
988 2666 1195 2722 difﬁcili
1240 2665 1460 2735 negotio
1492 2662 1626 2725 falli,
1672 2662 1776 2715 hac

209 2758 501 2830 appendice
517 2757 844 2828 jamdudum
859 2755 929 2811 ab
951 2756 1138 2824 aliquo
1163 2751 1497 2808 Theodoreti
1526 2750 1776 2804 studioso

210 2852 275 2907 ad
328 2852 532 2906 librum
571 2858 833 2921 quartum
892 2847 1276 2902 Hernicorum
1320 2841 1623 2914 fabularum
1676 2841 1775 2895 ad-

213 2943 342 2997 dita.

1799 1740 1841 1795 Β
1868 1757 2091 1811 nomine
2138 1757 2468 1817 Theodoreti
2518 1757 2945 1829 subjiciendum.
3012 1758 3241 1825 Quantae
3288 1759 3437 1813 enim

1871 1847 2098 1903 incuriae
2150 1854 2239 1903 est
2292 1847 2483 1907 isthatc
2540 1848 2875 1912 emendatio,
2942 1865 3068 1904 cum
3121 1848 3441 1903 Theodorus

1872 1938 2276 1995 Theodoretum
2317 1937 2467 1995 hunc
2515 1939 2738 1995 laudet?
2786 1940 3021 1994 Baronio
3072 1948 3441 1995 consentanea

1870 2030 2064 2086 scribit
2085 2031 2171 2085 vir
2207 2030 2463 2085 eruditus
2502 2029 2771 2087 Henricus
2813 2031 3064 2086 Valesius
3094 2031 3150 2085 in
3180 2030 3335 2085 Notis
3369 2032 3438 2084 ad

1873 2122 2147 2179 Theodori
2174 2122 2543 2180 Collectanea.

1941 2235 2080 2290 XVI.
2115 2235 2306 2291 Sentio
2334 2237 2502 2307 igitur
2531 2244 2704 2291 totum
2733 2235 2788 2291 id
2821 2236 2888 2301 ⁸⁷,
2922 2236 3068 2306 quod
3092 2236 3177 2290 vel
3213 2237 3442 2306 epistola

1870 2326 1956 2381 vel
2008 2326 2187 2396 capite
2246 2327 2574 2381 duodecimo
2629 2328 2963 2392 continetur,
3029 2343 3058 2381 a
3101 2326 3445 2381 Theodoreto

1868 2417 2087 2488 juniore
2117 2419 2483 2488 compositum
2515 2420 2702 2483 fuisse,
2737 2429 2793 2475 et
2823 2420 3166 2491 suppositum
3197 2419 3443 2493 Cyrensi.

1875 2506 2035 2561 Ratio
2071 2505 2345 2561 sentiendi
2400 2516 2501 2571 est,
2557 2509 2703 2577 quod
2753 2518 3161 2573 assumentum,
3208 2524 3317 2579 quo
3379 2511 3447 2564 de

1875 2595 2112 2665 agimus,
2171 2605 2381 2664 partem
2447 2595 2618 2651 fuisse
2670 2597 2923 2651 Historia:
2975 2597 3269 2651 ostendant
3314 2598 3446 2659 tria,

1875 2685 2194 2749 exordium,
2248 2686 2489 2741 medium
2549 2695 2603 2740 et
2657 2686 2799 2742 ﬁnis.
2858 2686 2948 2743 Sic
3002 2688 3148 2743 enim
3212 2688 3447 2760 incipit:

1882 2795 1902 2828 ‹
1939 2777 2236 2847 Postquam
2272 2779 2479 2833 mundo
2516 2779 2777 2849 paulatim
2806 2780 3044 2845 labente,
3090 2789 3145 2835 et
3182 2782 3249 2835 ad
3286 2782 3449 2853 hujus

1877 2869 2119 2923 universi
2164 2868 2583 2923 dissolutioncm
2629 2870 2943 2935 festinante,
2971 2872 3347 2942 unusquisque
3390 2890 3449 2930 se

1878 2960 2137 3014 idoneum
2174 2961 2395 3030 pietatis
2418 2962 2738 3031 magistrum
2775 2963 3129 3028 existimavit,
3161 2980 3287 3019 cum
3316 2981 3447 3034 pro-

276 3033 412 3089 ῊΠ-
446 3032 559 3126 sed
597 3046 710 3102 (ἶπο
748 3040 995 3126 ιεξηδυοτξ)
1038 3027 1191 3083 fmus
1214 3023 1583 3126 _fa°m?_Cir_cf
1611 3022 1775 3126 qui“
1803 3069 1844 3126 ε
1878 3058 2001 3119 pter
2048 3022 2370 3120 ignorantiae
2421 3022 2619 3105 fastum
2676 3066 2840 3105 nemo
2868 3052 3077 3107 discere
3117 3022 3444 3116 'sustindrct,

214 3134 340 3189 tam,
374 3124 596 3194 opinor,
626 3121 931 3195 synodum,
967 3120 1025 3175 in
1064 3134 1173 3190 qua
1196 3118 1488 3171 daumatus
1519 3112 1775 3169 Theodo-

217 3221 357 3269 retus
381 3229 509 3270 cum
528 3222 699 3276 esset,
722 3210 963 3267 voluerit
996 3209 1228 3265 fortasse
1256 3206 1526 3277 quispiam
1580 3217 1776 3274 purum

214 3306 588 3361 consensionis
602 3320 728 3359 cum
752 3302 1009 3359 Nestorio
1026 3306 1306 3372 prastat-e,
1323 3295 1646 3365 caeterisque
1667 3310 1775 3348 non

216 3395 606 3450 euriosissimis
649 3394 907 3458 suadere,
957 3390 1105 3447 haud
1144 3390 1307 3446 aliam
1338 3387 1512 3443 fuisse
1556 3386 1779 3440 damna-

219 3484 373 3541 tionis
396 3500 644 3549 eausam,
677 3498 841 3552 quam
867 3482 1015 3552 quod
1046 3479 1333 3552 iniuriose,
1357 3487 1419 3533 ut
1446 3476 1508 3532 lit
1535 3475 1779 3531 fervente

221 3576 597 3648 disputatione,
622 3574 997 3646 cum'Cyrillo
1025 3571 1416 3629 contendisset.
1433 3570 1587 3623 Tunc
1616 3566 1780 3622 credo

223 3666 424 3731 factam,
451 3678 515 3721 ut
547 3682 675 3721 cum
722 3664 949 3735 hujusce
977 3660 1356 3717 consensionis
1402 3659 1781 3714 Theodoretus

226 3758 412 3814 litteris
438 3758 495 3813 in
533 3759 732 3828 quinta
764 3754 974 3826 synodo
1001 3752 1190 3808 relatis
1233 3752 1392 3807 facile
1421 3750 1780 3806 convincere-

229 3857 330 3913 tur,
351 3850 446 3903 has
473 3849 544 3903 ab
571 3846 853 3901 haereticis
882 3842 1146 3898 conﬁctas
1162 3841 1325 3897 amici
1360 3838 1690 3895 Theodoreti
1724 3838 1782 3892 in

230 3938 407 4008 vulgus
461 3938 757 4007 jactarent.
821 3932 954 3999 Qua:
1005 3931 1151 3985 fama
1201 3930 1434 3985 Leontio
1480 3927 1779 3998 imposuit,

229 4028 609 4099 quinquaginta
662 4024 887 4082 circiter
919 4031 1043 4093 post
1072 4037 1246 4078 annos
1284 4022 1489 4076 librum
1520 4021 1587 4076 de
1621 4018 1783 4074 sectis

229 4120 492 4175 scribenti.

290 4206 421 4265 XIV.
464 4207 574 4264 Sed
608 4203 840 4262 instabit
866 4202 1068 4273 aliquis
1112 4220 1127 4257 :
1173 4202 1231 4258 Si
1277 4200 1559 4271 popularis
1595 4198 1785 4268 opinio

230 4301 472 4355 convulsa
504 4307 648 4363 ruat,
686 4296 932 4367 illudque
979 4303 1353 4353 assumentum
1399 4292 1528 4346 libri
1553 4293 1665 4362 jam
1697 4290 1783 4344 di-

233 4392 299 4445 cti
322 4392 727 4463 supposititium
761 4391 854 4454 sit,
891 4388 1111 4444 notabit
1140 4388 1277 4443 ﬁdes
1302 4384 1546 4440 historiae
1577 4383 1645 4437 de
1669 4397 1785 4435 mo—

234 4481 373 4538 ribus
412 4492 468 4538 et
514 4482 633 4537 vita
676 4479 917 4537 Nestorii
972 4477 1276 4534 Antiochiae
1312 4484 1465 4539 acta,
1501 4488 1623 4542 qua:
1657 4471 1783 4525 inde

237 4579 427 4630 tantum
452 4575 594 4629 disci
622 4574 873 4630 creditur
908 4588 923 4627 :
952 4571 1230 4642 quomodo
1271 4568 1421 4624 enim
1449 4567 1657 4621 incerto
1684 4579 1785 4618 au-

234 4667 356 4721 ctori
380 4676 531 4723 certa
562 4666 702 4722 ﬁdes
733 4665 1101 4721 adhibeatur?
1146 4663 1344 4719 Verum
1391 4659 1495 4715 etsi
1532 4656 1787 4712 Theodo-

235 4763 370 4811 retus
429 4772 545 4812 non
600 4756 674 4811 sit
732 4755 1033 4812 assumenti
1091 4760 1307 4817 auctor,
1369 4766 1480 4806 non
1525 4748 1787 4804 continuo

236 4845 399 4917 ignota
428 4857 596 4905 erunt
618 4863 741 4918 quae
773 4847 842 4901 de
870 4846 980 4901 vita
1006 4844 1245 4900 Nestorii
1285 4844 1392 4897 hoc
1425 4841 1481 4896 in
1511 4841 1632 4895 loco
1674 4848 1785 4894 tra-

238 4936 462 4994 duntur:
496 4955 629 4995 nam
654 4938 858 5008 primo,
883 4952 1004 5006 quae
1032 4950 1162 4990 vera
1188 4941 1336 4996 sunt,
1358 4939 1417 4986 ut
1444 4930 1643 4985 eximia
1669 4929 1786 4983 elo-

239 5029 461 5097 quentia,
490 5026 888 5096 extemporalis
906 5024 1124 5080 dicendi
1150 5022 1400 5083 facultas,
1423 5027 1477 5074 et
1505 5018 1786 5073 abstinen-

240 5119 331 5185 tia,
383 5120 584 5191 quibus
641 5108 1112 5173 conciliatricibus
1162 5110 1509 5181 imperatoris
1560 5109 1789 5177 gratiam

240 5208 446 5280 adeptus
464 5218 568 5277 est,
617 5226 685 5266 ex
731 5207 803 5263 Μ.
836 5206 1134 5261 Mercatore
1162 5202 1407 5273 ejusdem
1447 5216 1570 5254 cum
1599 5198 1791 5252 Nesto-

242 5298 310 5354 rio
354 5302 544 5368 atatis,
606 5299 777 5374 410
836 5303 1000 5366 atque
1039 5294 1204 5350 etiam
1249 5308 1316 5346 ex
1360 5291 1583 5345 Socrate
1632 5289 1791 5342 inno-

242 5397 451 5450 lescent.

1878 3141 2152 3195 homicida
2186 3142 2419 3203 daemon,
2465 3140 2735 3195 mendacii
2774 3149 2949 3211 pater,
2984 3144 3319 3199 zizaniorum
3365 3160 3450 3200 sc-

1878 3231 2145 3294 minator,
2200 3247 2311 3285 non
2363 3231 2598 3302 amplius
2623 3247 2723 3302 per
2754 3226 3011 3288 externos
3044 3243 3098 3290 et
3130 3234 3450 3290 manifestos

1878 3318 2066 3374 hostes
2096 3319 2359 3375 adversus
2387 3320 2687 3375 Ecclesiam
2722 3337 2872 3376 arma
2896 3323 3087 3389 movit,
3116 3323 3209 3378 sed
3242 3324 3449 3378 instru-

1878 3417 2125 3464 mentum
2155 3416 2371 3473 nactus,
2405 3410 2549 3479 quod
2578 3427 2816 3475 omnem,
2846 3420 2906 3466 ut
2940 3412 3014 3467 ita
3037 3412 3236 3477 dicam,
3263 3413 3451 3468 subito

1880 3500 1999 3570 ejus
2030 3508 2201 3554 artem
2236 3501 2561 3569 susciperet,
2599 3501 2703 3556 sub
2743 3511 2908 3558 rectae
2937 3503 3214 3573 opinionis
3245 3503 3449 3574 specie,

1883 3588 2188 3643 divinitatis
2212 3588 2375 3642 simul
2403 3597 2458 3642 et
2492 3589 2848 3646 humanitatis
2880 3592 3157 3663 Unigeniti
3208 3595 3455 3663 negatio-

1883 3693 2011 3734 nem
2042 3679 2274 3743 inducit,
2301 3680 2604 3750 simplicem
2635 3690 2691 3736 et
2712 3682 2944 3737 artificio
2969 3692 3247 3739 carentem
3291 3684 3450 3740 fidem

1885 3778 2127 3824 nostram
2153 3769 2483 3826 Grmcanicis
2508 3772 2846 3827 conturbans
2876 3773 3104 3843 argutiis
3141 3773 3209 3828 ⁸⁸.
3258 3794 3276 3826 ι
3313 3773 3453 3830 Tum

1884 3860 2120 3915 Nestorii
2156 3860 2379 3914 nomine
2412 3862 2717 3931 appellato,
2772 3863 3171 3935 descriptisque
3224 3866 3454 3922 minori-

1886 3952 1989 4005 bus
2009 3990 2023 4012 ,
2073 3956 2130 4003 et
2177 3950 2415 4004 narratis
2448 3950 2680 4014 artibus,
2711 3951 2937 4020 quibus,
2964 3960 3026 4006 ut
3054 3952 3321 4023 loquitur,
3348 3955 3454 4011 Ec-

1886 4040 2067 4096 clesite
2104 4039 2724 4111 Constantinopolitanae
2778 4043 3056 4113 totiusque
3088 4043 3318 4114 proinde
3362 4060 3457 4101 or-

1884 4130 1972 4185 bis
2009 4129 2380 4200 principatum
2408 4131 2638 4201 adeptus
2660 4134 2731 4188 sit
2767 4152 2778 4187 :
2807 4153 2826 4185 ‹
2859 4135 2991 4189 Inde
3014 4135 3148 4189 mihi
3175 4135 3457 4207 deinceps,

1884 4221 1993 4282 ait,
2078 4219 2356 4274 enarratio
2428 4223 2856 4291 tragmdiarum,
2944 4238 3067 4294 qua
3141 4232 3343 4280 terram
3402 4232 3461 4281 et

1887 4323 2039 4363 mare
2072 4309 2467 4378 propemodum
2499 4310 2862 4379 impleverim.
2900 4328 2917 4361 ι
2965 4310 3175 4367 Deinde
3213 4315 3459 4384 exponit,

1818 4417 1858 4469 υ
1887 4400 2164 4468 quomodo
2186 4411 2242 4453 et
2270 4400 2577 4470 cujusmodi
2617 4401 2850 4455 haeresin
2886 4402 3172 4456 Nestorius
3212 4405 3463 4472 propala-

1891 4487 2067 4553 veri‘t;
2110 4495 2225 4541 tum
2264 4487 2501 4541 subdit:
2547 4507 2566 4539 ‹
2605 4486 2731 4543 Haec
2782 4504 2811 4542 a
2855 4504 2940 4543 me
2983 4504 3155 4558 pauca
3183 4489 3251 4543 de
3275 4490 3464 4543 multis

1891 4577 2035 4631 dicta
2058 4586 2205 4641 sunt,
2230 4576 2359 4631 dum
2384 4577 2451 4631 ad
2483 4579 2767 4648 sequentia
2795 4579 3018 4633 festinat
3056 4580 3252 4634 oratio.
3294 4598 3311 4630 ι
3341 4579 3464 4635 Mox

1895 4673 2150 4721 enarrata
2197 4666 2441 4720 breviter
2476 4666 2713 4721 Nestorii
2761 4668 2829 4720 ab
2872 4668 3166 4736 Ephesinis
3207 4669 3465 4725 Patribus

1894 4757 2262 4828 depositione,
2304 4758 2681 4827 deportatione
2698 4760 2853 4828 jussu
2887 4759 3235 4827 imperatoris
3277 4760 3333 4814 in
3362 4759 3467 4816 Oa-

1894 4850 2023 4911 sim,
2078 4858 2136 4903 et
2200 4848 2475 4903 horrenda
2521 4859 2722 4912 morte,
2770 4848 2945 4917 pergit
2986 4849 3042 4902 in
3094 4849 3212 4905 haec
3253 4850 3461 4906 verba:

1902 4960 1920 4991 ι
1949 4940 2099 5005 Quae,
2141 4940 2271 5009 quia
2313 4948 2443 4994 sunt
2485 4938 2553 4991 ab
2582 4938 2702 4991 aliis
2732 4946 3007 5006 enarrata,
3050 4941 3467 5009 praetermittere

1891 5036 2319 5083 consentaneum
2350 5034 2450 5080 est.
2488 5027 2569 5079 Ad
2595 5026 2673 5091 id,
2699 5026 2845 5096 quod
2877 5027 3121 5084 historiae
3147 5039 3252 5095 est,
3278 5030 3467 5085 venia-

1890 5135 2032 5174 mus.
2076 5139 2094 5170 ι
2123 5119 2199 5197 Ex
2232 5117 2318 5171 his
2342 5118 2549 5183 verbis,
2585 5134 2723 5189 quis,
2746 5119 2872 5189 quia
2902 5128 3023 5174 sunt
3060 5120 3124 5174 ab
3156 5119 3314 5192 ιιι
3345 5121 3467 5175 aliis

1891 5218 2169 5273 enarrata,
2199 5208 2484 5264 manifesta
2518 5211 2900 5280 suppeditatur
2921 5212 3318 5267 demonstratio
3339 5227 3470 5281 sup-

1893 5295 2215 5366 positionis;
2266 5310 2394 5348 nam
2438 5294 2505 5350 de
2548 5304 2726 5351 morte
2768 5296 3006 5351 Nestorii
3045 5298 3271 5368 ejusque
3303 5296 3466 5349 modo

1896 5385 2061 5439 silent
2087 5384 2342 5440 Socrates
2364 5393 2420 5440 ct
2455 5384 2824 5442 Sozomenus:
2859 5402 2969 5441 non
3006 5402 3135 5440 vero
3169 5394 3469 5455 potuerunt

1552 5521 1870 5577 SCllULle
1907 5520 2143 5577 ΝΟΤΕ.

284 5651 325 5684 ⁸⁸
346 5651 454 5710 lloc
494 5644 978 5724 argumento_jam
1020 5657 1161 5724 usus
1183 5648 1299 5698 erat
1335 5640 1361 5711 §

1403 5641 1574 5731 In}:
1607 5642 1865 5731 Elabend‘i
1906 5642 2050 5731 viam
2090 5642 2697 5731 jalnmquaesiverat‘g
2736 5644 2779 5675 ⁸⁷
2813 5642 2933 5698 Vid.
2970 5637 3189 5711 Dupinii
3221 5635 3469 5731 Bib’fioth.

224 5731 473 5782 auctorum
505 5711 726 5785 κῖιεεη
770 5725 812 5770 t.
846 5711 936 5781 1V,
973 5730 1028 5782 p.
1064 5714 1165 5767 l05
1198 5727 1313 5780 seq.
1389 5712 1434 5742 ⁸⁸
1465 5711 1586 5764 Vid.
1620 5727 1803 5781 supra,
1841 5722 1879 5766 t.
1915 5713 2002 5777 IV,
2043 5711 2105 5782 pi
2138 5711 2263 5769 568‘
2286 5728 2402 5781 seq.
2440 5723 2495 5768 ct
2536 5713 2661 5766 1041
2714 5729 2826 5781 scq.
