3886 6222
391 328 498 393 359

1529 323 1902 388 GARNERII
1943 321 2431 387 DISSERTATIO
2475 323 2527 388 II

3539 323 3654 393 300

394 437 566 506 loqui,
591 449 715 491 cum
751 433 841 491 ille
865 435 930 491 ad
957 451 1158 491 annum
1183 434 1306 501 440,
1344 435 1444 490 iste
1483 435 1550 489 ad
1583 437 1687 490 454
1714 433 1966 489 Ηὶδιοήω
1994 436 2041 494 Α
2068 431 2330 488 donensis
2351 435 2756 505 cognitoribus,
2815 448 2925 489 non
2954 433 3084 490 fecit
3106 433 3440 490 mentionem
3466 436 3652 491 vieto-

395 528 561 584 ﬁncm
601 529 954 598 imposuerit;
1001 527 1288 583 Nestorius
1333 542 1462 582 vero
1520 542 1665 580 anno
1707 525 1808 580 447
1839 543 1965 595 per-

396 619 541 674 ierit.

467 706 630 761 XVII.
668 705 942 760 Credibile
970 705 1133 776 igitur
1153 711 1237 759 est
1273 721 1286 757 :
1325 705 1378 756 1ο
1407 705 1796 758 Assumentum
1824 703 1969 759 istud

396 797 544 851 aliud
571 797 706 851 nihil
744 813 883 860 esse,
933 811 1097 865 quam
1141 794 1426 849 exordium
1456 794 1710 850 Historiae
1734 812 1764 850 a
1788 796 1968 850 Theo-

397 888 610 951 doreto,
641 902 802 955 quem
826 887 1101 956 juniorem
1125 886 1386 950 diximus,
1413 888 1748 956 compositae.
1806 888 1864 940 2°
1889 887 1970 942 Ab

399 976 504 1030 hoc
519 978 740 1046 juniore
762 978 1134 1032 continuatam
1147 993 1268 1032 esse
1290 979 1594 1042 historiam,
1613 995 1772 1048 quam
1787 979 1972 1033 senior

397 1069 465 1122 ab
501 1069 717 1122 Arianis
750 1069 926 1122 turbis
972 1070 1038 1124 ad
1065 1079 1309 1139 tempora
1334 1068 1560 1124 Sisinnii
1590 1069 1758 1139 (hunc
1775 1069 1970 1122 Nesto-

397 1160 510 1213 rius
535 1159 801 1229 excepit),
852 1175 950 1229 per
983 1176 1157 1215 annos
1186 1169 1404 1215 centum
1428 1170 1484 1215 et
1503 1161 1766 1230 quinque,
1797 1159 1971 1214 dedu-

395 1250 556 1305 xerit.
614 1253 666 1305 5.
710 1252 994 1306 Juniorem
1039 1252 1326 1306 exordium
1367 1253 1587 1307 duxisse
1614 1295 1628 1316 ,
1667 1253 1761 1306 ubi
1789 1254 1974 1307 senior

398 1341 561 1396 ﬁnem
594 1343 876 1412 imposuit,
911 1344 979 1398 ab
1006 1343 1356 1399 ordinatione
1377 1360 1572 1414 nempe
1594 1345 1852 1408 Nestorii,
1881 1354 1976 1399 aut

311 1436 315 1440 ‘
397 1446 428 1485 a
470 1433 634 1487 motis
669 1434 853 1502 potius
882 1435 950 1490 ab
988 1435 1106 1505 ipso
1128 1435 1325 1500 turbis,
1365 1437 1601 1507 indeque
1624 1446 1975 1507 prosecutum

399 1539 520 1592 quae
568 1527 938 1595 contigerunt,
991 1541 1164 1596 usque
1191 1528 1258 1582 ad
1285 1529 1487 1584 Justini
1515 1529 1830 1597 imperium,
1877 1543 1976 1596 per

399 1629 574 1669 annos
599 1614 687 1680 90,
744 1616 947 1670 additis
983 1618 1228 1687 quinque
1264 1619 1421 1673 libris
1456 1619 1524 1673 ad
1554 1619 1727 1673 libros
1751 1619 1974 1673 totidem

399 1705 655 1760 senioris.
696 1707 751 1760 4ο
775 1707 851 1760 Ex
873 1716 1071 1777 quarto
1093 1709 1237 1764 libro
1259 1709 1562 1780 fragmenta
1584 1710 1674 1764 illa
1693 1711 1976 1766 Damasce-

397 1813 531 1852 num
558 1800 881 1869 sumpsisse,
921 1817 1041 1870 quae
1065 1812 1227 1858 antea
1253 1804 1512 1858 diximus.

469 1890 654 1945 XVIII.
703 1892 782 1946 Ita
811 1892 1024 1958 forsan,
1081 1904 1305 1965 propter
1329 1895 1739 1967 prtejudieatam
1764 1896 1980 1966 opinio-

398 1993 545 2043 nem,
589 1981 778 2049 paucis
819 1997 1176 2050 persuasero;
1235 1985 1332 2038 sed
1377 1999 1485 2038 non
1515 1985 1714 2048 levem,
1763 1985 1978 2054 opinor,

398 2068 801 2124 eruditioribus
823 2070 1050 2137 dedero,
1077 2073 1191 2127 sive
1211 2074 1548 2142 suspicandi,
1568 2075 1682 2128 sive
1703 2075 1985 2144 inquiren-

398 2158 454 2212 di
476 2175 692 2214 causam
714 2178 728 2227 ;
761 2177 1078 2232 quanquam
1099 2164 1243 2234 apud
1263 2181 1350 2220 me
1369 2166 1482 2220 vim
1499 2166 1984 2223 demonstrationis

399 2249 622 2316 habent,
651 2268 774 2320 qua:
799 2253 1064 2307 hactenus
1093 2255 1255 2308 allata
1276 2263 1422 2309 sunt.

472 2342 615 2398 XIX.
648 2343 919 2410 Quoniam
939 2360 1072 2400 vero
1097 2342 1494 2416 suppositionis
1519 2347 1803 2417 epistolam
1826 2348 1982 2403 dam-

399 2431 688 2497 navimus,
747 2431 950 2487 frustra
1002 2432 1278 2488 curiosius
1325 2435 1339 2453 ‘
1382 2433 1798 2503 inquisierimus
1843 2434 1984 2489 datas

400 2532 639 2592 tempus,
690 2521 894 2578 frustra
925 2523 1119 2579 dandae
1144 2540 1358 2589 causas,
1401 2533 1457 2579 et
1480 2525 1703 2581 modum
1728 2526 1982 2596 scriptio-

399 2615 516 2678 nis;
574 2615 670 2668 sed
722 2615 848 2670 inde
895 2617 1080 2686 potius
1130 2616 1251 2671 falsi
1302 2632 1523 2671 rursum
1569 2626 1850 2672 auctorem
1892 2634 1982 2673 ar-

401 2706 678 2776 gumentis
702 2707 880 2762 tribus
905 2708 1372 2763 convincemus”.

474 2796 591 2850 XX.
623 2797 895 2863 Quorsum
918 2798 1062 2852 enim
1097 2798 1275 2866 primo
1302 2797 1684 2853 Theodoretus
1711 2797 1780 2853 ad
1802 2798 1982 2853 virum

403 2887 670 2943 illustrem
697 2888 852 2943 daret
871 2888 1182 2958 epistolam,
1207 2889 1274 2942 ad
1297 2905 1460 2958 quem
1483 2889 1735 2944 mittebat
1754 2890 1980 2956 librum,

403 2979 457 3033 in
487 2994 597 3049 quo
648 2979 795 3034 idem
830 2987 1216 3049 argumentum
1263 2980 1456 3034 iisdem
1481 2979 1669 3034 verbis
1692 2986 1980 3050 tractaret;

400 3086 504 3125 nec
554 3079 734 3126 tamen
789 3069 916 3125 facti
967 3078 1077 3125 tam
1121 3071 1426 3137 insolentis,
1464 3079 1680 3141 tamque
1717 3071 1981 3139 indecori,
2011 3105 2055 3165 α

404 3162 672 3216 rationem
699 3161 865 3215 ullam
890 3160 1194 3230 proferret?

472 3252 616 3308 XXI.
654 3251 863 3306 Deinde
915 3251 1119 3321 iingua:
1166 3250 1363 3306 Graeca:
1390 3249 1598 3320 peritos
1631 3249 1848 3319 appello
1886 3250 1980 3320 ju-

402 3342 571 3406 dices,
606 3353 872 3411 quantum
901 3343 1072 3412 stylus
1101 3341 1344 3410 epistolae
1372 3356 1403 3394 a
1438 3339 1768 3395 Theodoreti
1797 3339 1982 3408 puris-

403 3435 538 3488 sima
579 3433 818 3487 dictione
862 3432 1117 3496 diﬂ'erat,
1175 3437 1236 3484 ut
1281 3431 1364 3484 vel
1393 3431 1498 3484 hoc
1523 3445 1633 3484 uno
1661 3437 1983 3501 argumento

405 3541 496 3580 res
516 3523 711 3578 conﬁci
742 3523 968 3577 omnino
991 3529 1177 3591 queat.

477 3614 644 3669 XXII.
677 3612 876 3679 Quer
901 3621 1093 3682 postea
1122 3627 1151 3665 a
1176 3609 1562 3666 defensoribus
1583 3609 1845 3679 epistolae,
1874 3625 1984 3680 quo

406 3713 654 3773 tempore
688 3713 811 3771 post
838 3717 1040 3755 annum
1069 3702 1169 3754 447
1201 3700 1462 3768 scriptam
1490 3707 1710 3769 putent;
1742 3710 1890 3764 ante,
1915 3716 1984 3755 an

405 3805 532 3867 post
557 3795 822 3866 synodum
853 3791 1394 3848 Chalcedonensem?

476 3888 532 3942 Si
556 3896 681 3941 ante
701 3905 714 3940 :
739 3903 837 3941 cur
857 3887 1134 3955 petierunt
1158 3885 1345 3938 Patres
1368 3890 1517 3937 tanto
1539 3881 1743 3937 ambitu
1763 3880 1988 3936 damna-

406 3979 454 4032 ri
484 3977 795 4032 Nestorium
827 3992 858 4030 a
883 3975 1258 4038 Theodoreto,
1287 3974 1380 4042 qui
1409 3973 1610 4042 scripto
1632 3972 1850 4041 publico
1877 3980 1984 4026 tam

405 4076 593 4138 aperte
624 4082 777 4121 suam
801 4073 1043 4120 mentem
1064 4064 1408 4134 aperuisset?
1437 4062 1549 4118 Cur
1573 4078 1700 4117 reus
1721 4078 1843 4116 eum
1863 4078 1990 4130 per-

406 4164 662 4226 ageretur
680 4196 694 4221 ,
732 4156 838 4210 hoc
869 4153 1090 4225 publico
1118 4151 1529 4221 fortissimeque
1556 4167 1668 4205 sua:
1692 4167 1869 4206 causa:
1899 4151 1985 4204 in-

406 4255 718 4300 strumento
767 4260 880 4300 non
927 4259 1060 4299 usus
1103 4243 1221 4298 est?
1278 4241 1389 4297 Cur
1420 4242 1812 4312 tergiversatus
1843 4242 1896 4295 in
1919 4256 1986 4295 eo

405 4337 766 4401 exsecrando,
819 4349 984 4406 quem
1032 4335 1458 4389 instrumentum
1485 4333 1770 4396 daemonis,
1821 4348 1984 4402 quem

2070 523 2163 578 riae
2189 523 2256 578 de
2282 525 2534 580 Nestorio
2558 533 2866 595 reportatae,
2901 541 3029 581 cum
3057 526 3238 580 virum
3271 535 3380 581 tam
3402 527 3656 583 nobilem

2069 620 2289 682 tamque
2317 615 2632 684 religiosum
2656 613 2942 667 laudaret?

2137 705 2280 770 Cur,
2331 707 2378 760 si
2405 717 2531 761 ante
2557 723 2589 760 v
2613 705 2882 777 synodum
2907 704 3122 759 exstitit
3150 712 3247 758 aut
3269 703 3524 773 epistola,
3556 711 3658 758 aut

2070 806 2234 866 caput
2273 796 2660 852 duodecimum
2685 839 2698 862 ,
2763 812 2942 867 neque
2985 812 3014 851 a
3055 797 3440 852 defensoribus
3465 797 3655 851 Theo-

2071 887 2246 942 doreti
2270 888 2524 943 Facundo
2545 900 2600 945 et
2619 890 2901 954 Liberato,
2924 903 3105 958 neque
3130 903 3162 941 a
3185 888 3384 957 Vigilio
3410 903 3554 958 papa
3596 888 3657 941 in

2072 977 2382 1044 Constituto,
2401 995 2579 1050 neque
2591 996 2621 1034 a
2635 980 2890 1035 Patribus
2904 996 2936 1033 v
2953 979 3167 1050 synodi,
3182 978 3298 1032 veri
3315 979 3657 1044 amantibus,

2072 1071 2401 1126 alterutrum
2431 1080 2529 1126 aut
2554 1080 2848 1142 utrumque
2873 1073 3101 1126 allatum
3120 1079 3206 1125 est
3239 1069 3293 1124 in
3313 1069 3656 1124 Theodoreti

2071 1163 2338 1233 gratiam?
2385 1162 2498 1218 Cur
2543 1162 2837 1233 Gregorius
2859 1163 3102 1232 Magnus,
3146 1161 3393 1216 scribens
3427 1160 3495 1214 ad
3525 1160 3654 1229 epi-

2073 1269 2268 1323 scopos
2289 1254 2462 1308 Istrize
2491 1269 2589 1323 pro
2612 1253 2828 1323 Pelagio
2850 1255 2893 1308 Il
2917 1294 2931 1317 ,
2981 1268 3108 1308 cum
3133 1253 3292 1307 ﬁdem
3314 1252 3653 1307 Theodoreti

2073 1343 2242 1397 vellet
2287 1343 2579 1397 ostendere
2645 1351 2768 1411 post
2828 1343 3098 1413 synodum
3147 1342 3656 1399 Chalcedonensem

2076 1434 2244 1489 fuisse
2269 1451 2484 1505 puram,
2531 1435 2636 1489 hoc
2665 1434 2980 1490 testimonio
3010 1427 3122 1489 iam
3144 1434 3398 1491 evidente
3431 1445 3659 1505 tamque

2076 1541 2333 1596 expresso
2362 1543 2474 1581 non
2503 1535 2588 1581 est
2615 1528 2784 1581 usus?
2834 1525 2947 1582 Cur
2976 1527 3395 1582 criminantibus
3419 1527 3658 1582 Chalce-

2077 1617 2376 1672 donensem
2405 1619 2696 1689 synodum,
2731 1618 2880 1688 quod
2902 1618 3308 1674 Theodoretum
3331 1620 3657 1689 recepisset,

2082 1710 2235 1764 nullo
2275 1709 2541 1780 requisito
2578 1709 2806 1779 scripto,
2861 1725 2970 1780 quo
2995 1725 3051 1765 se
3075 1711 3317 1765 alienum
3342 1725 3373 1764 a
3399 1711 3662 1765 Nestorio

2082 1800 2361 1871 probaret,
2415 1809 2702 1870 exceptum
2749 1816 2861 1856 non
2902 1810 2988 1856 est
3033 1803 3315 1868 continuo,
3347 1817 3459 1856 non
3487 1802 3662 1858 fuisse

2084 1908 2222 1963 opus
2245 1894 2313 1948 ab
2333 1908 2400 1948 eo
2415 1894 2682 1964 scriptum
2697 1893 2938 1965 exigere,
2963 1895 3055 1965 qui
3077 1903 3188 1949 tam
3204 1895 3413 1949 clarum
3435 1903 3664 1965 tamque

2084 1984 2432 2038 manifestum
2467 1986 2658 2040 volens
2679 1986 2973 2041 edidisset?
3017 1985 3159 2053 Quid
3183 1987 3375 2056 plura?
3402 1987 3551 2042 nulla
3581 1987 3663 2042 rei

2085 2073 2148 2127 ad
2151 2075 2341 2144 juncta
2370 2076 2801 2144 suppositionem
2823 2091 2935 2131 non
2956 2077 3253 2135 declarant.

2085 2205 2217 2278 §IIL
2237 2206 2512 2263 Sermones
2537 2211 2718 2282 viginti
2746 2221 2792 2264 et
2817 2219 3012 2282 septem
3033 2213 3278 2265 adversus
3301 2213 3535 2268 diversas
3555 2215 3668 2268 lue-

2353 2296 2489 2333 reses
2519 2299 2549 2334 a
2577 2267 2763 2334 Pltotio
2791 2267 3027 2335 attributi
3055 2282 3389 2336 Theodoreto.

2155 2414 2196 2468 I.
2225 2413 2454 2469 Photius
2469 2415 2658 2469 codice
2677 2414 2746 2468 46
2762 2415 2878 2470 hate
2894 2414 3060 2470 habet
3081 2432 3094 2467 :
3127 2433 3144 2465 ι
3165 2415 3314 2470 Lecti
3340 2425 3468 2469 sunt
3483 2415 3670 2469 Theo-

2085 2505 2261 2562 doreti
2297 2506 2539 2576 episcopi
2560 2505 2687 2578 Cyri
2717 2506 2844 2560 libri
2869 2515 3076 2577 septem
3101 2514 3158 2560 et
3178 2506 3371 2576 viginti
3394 2506 3669 2562 adversus

2086 2599 2264 2653 varias
2285 2599 2689 2668 propositiones
2708 2599 2774 2663 9°,
2799 2617 2818 2650 ›
2847 2607 2956 2653 etc.

2158 2687 2221 2744 ll.
2269 2691 2485 2747 Fefellit
2522 2694 2777 2747 Photium
2829 2708 2962 2748 suus
2989 2692 3161 2748 codex
3203 2692 3379 2746 tribus
3401 2699 3670 2746 constans

2085 2782 2415 2853 partibus”,
2448 2801 2679 2854 quarum
2701 2786 2878 2854 prima
2901 2784 3362 2854 complectebatur
3391 2798 3487 2837 sex
3509 2782 3670 2853 prio.

2086 2891 2176 2930 res
2198 2868 2399 2943 libros;
2429 2877 2665 2932 secunda
2693 2892 2863 2932 unum
2887 2886 2944 2932 et
2964 2876 3156 2948 viginti
3181 2889 3481 2939 sermones,
3511 2881 3670 2944 post-

2087 2980 2237 3019 rema
2303 2965 2593 3020 Eranisten
2645 2981 2740 3020 seu
2806 2967 3250 3038 Polymorphum.
3314 2965 3451 3020 Cum
3510 2965 3662 3018 enim

2086 3055 2262 3124 prima
2291 3063 2347 3110 et
2370 3056 2531 3111 tertia
2557 3057 2624 3111 ad
2650 3057 3055 3113 Theodoretum
3082 3057 3275 3126 procul
3299 3056 3467 3111 dubio
3487 3056 3665 3125 perti-

2087 3156 2277 3213 neant,
2310 3148 2538 3203 Photius
2563 3149 2798 3204 mediam
2824 3164 3041 3218 quoque
3073 3149 3176 3218 ipsi
3207 3149 3429 3213 tribuit;
3474 3147 3665 3218 reipsa

2089 3245 2272 3293 tamen
2304 3248 2388 3294 est
2411 3239 2661 3294 Eutherii
2686 3238 2988 3310 Tyanensis
3007 3238 3270 3308 episcopi,
3315 3235 3464 3307 quod
3487 3238 3669 3291 mani-

2088 3329 2228 3384 festa
2273 3331 2471 3400 probat
2518 3331 2815 3385 auctoritas
2862 3330 3017 3384 Marii
3057 3331 3450 3395 Mercator-is",
3497 3338 3561 3384 ut
3607 3331 3668 3385 in

2089 3421 2356 3475 Eutherio
2398 3421 2985 3487 demonstrabimus",
3043 3422 3136 3476 ubi
3169 3433 3225 3477 et
3249 3422 3532 3477 historiam
3559 3421 3671 3477 Co-

2089 3509 2228 3565 dicis
2255 3512 2518 3581 tripartiti
2547 3521 2814 3568 texemus.

2563 3645 2590 3716 §
2620 3647 2707 3702 ιν.
2744 3647 2895 3701 Liber
2921 3647 3192 3701 asceticus.

2163 3777 2203 3832 l.
2263 3779 2323 3832 In
2353 3779 2725 3849 manuscripto
2753 3777 2942 3833 codice
2985 3777 3208 3842 Graeco,
3260 3777 3356 3847 qui
3400 3776 3506 3831 fuit
3531 3778 3669 3832 olim

2089 3868 2360 3923 Gabrielis
2390 3869 2884 3939 Philadelphiensis
2910 3869 3327 3939 archiepiscopi,
3360 3869 3567 3938 quique
3597 3871 3667 3924 ad

2091 3977 2192 4016 nos
2221 3977 2390 4033 opera
2419 3963 2714 4018 Frontonis
2737 3963 2917 4017 Ducaei
2939 3963 3210 4032 pervenit,
3235 3969 3359 4032 post
3373 3961 3668 4018 Historiam

2091 4053 2392 4124 religiosam
2419 4053 2772 4116 Theodoreti,
2806 4053 3220 4122 orationemque
3244 4052 3322 4106 De
3343 4053 3520 4108 divina
3541 4055 3673 4108 clm-

2093 4148 2270 4210 ritate,
2302 4145 2502 4216 legitur
2531 4145 2724 4198 titulus
2768 4161 2782 4196 :
2828 4143 2934 4197 Τοῦ
2974 4143 3137 4197 αὑτοῦ
3185 4141 3340 4212 λόγος
3367 4145 3670 4214 ἀσκητικὸς

2092 4237 2233 4291 κατὰ
2260 4237 2451 4290 πεῦσιν
2492 4238 2586 4290 καὶ
2631 4236 2946 4306 ἀπόκρισιν.
2985 4235 3106 4291 Mox
3146 4251 3348 4300 sermo,
3415 4237 3671 4306 ’Δδελφὸς

2092 4327 2343 4397 ἠρώτησε
2377 4328 2606 4397 γέροντα
2631 4326 2825 4394 λέγων,
2856 4335 2961 4380 etc.

407 4428 660 4498 impium,
690 4442 856 4497 quem
889 4434 1188 4487 amentem,
1220 4441 1384 4495 quem
1406 4439 1514 4508 per
1540 4432 1758 4479 sanctos
1783 4424 1985 4492 Ephesi
2019 4456 2064 4512 Β
2165 4422 2229 4476 ll.
2271 4421 2412 4476 Sunt
2439 4421 2532 4491 qui
2572 4435 2880 4475 sermonem
2915 4420 3064 4474 hunc
3095 4417 3328 4474 Maximo
3351 4417 3668 4474 Confessori

404 4527 784 4590 congregatos,
841 4517 1034 4573 divino
1083 4517 1344 4588 suifragio
1385 4516 1453 4570 de
1481 4515 1804 4586 pontiﬁcatu
1835 4515 1985 4586 deje-

404 4620 554 4667 ctum
585 4611 850 4666 dixisset?

475 4703 530 4757 Si
563 4713 752 4772 postea
808 4721 821 4756 :
869 4718 971 4757 cur
995 4702 1148 4756 siluit
1179 4700 1246 4755 de
1269 4699 1701 4756 Chalcedonensi
1729 4700 1985 4763 concilio,

404 4808 532 4846 cum
567 4794 826 4861 Ephesini
860 4793 1146 4863 magniﬁce
1170 4790 1540 4854 meminisset,
1593 4797 1649 4844 et
1673 4790 1729 4843 in
1752 4799 1987 4859 utroque

405 4881 618 4942 Patres,
665 4883 889 4937 haeresis
935 4882 1276 4938 Nestorianae
1315 4881 1744 4952 impugnatores,
1795 4880 1985 4942 tacuit,

404 4986 528 5025 cum
568 4971 761 5026 solitus
794 4974 864 5027 sit
912 4974 1143 5028 aliarum
1174 4973 1463 5027 lueresemn
1494 4970 1656 5042 412
1687 4970 1988 5026 domitores

406 5063 726 5118 nominatim
769 5065 1082 5134 celebrare?
1137 5067 1218 5120 An
1265 5066 1412 5120 ullus
1454 5065 1634 5135 potuit
1665 5065 1985 5120 celebrandi

404 5168 527 5207 esse
553 5153 707 5207 locus
751 5163 846 5208 aut
870 5157 1254 5223 opportunior,
1282 5165 1376 5210 aut
1403 5156 1699 5210 illustrior?
1723 5157 1835 5212 Cur
1851 5157 1987 5227 Spo-

405 5241 554 5296 racio
606 5242 854 5296 scribens
905 5243 1000 5296 uni
1049 5259 1117 5297 ex
1159 5243 1467 5298 illustribus
1506 5245 1724 5300 concilii
1748 5245 1980 5301 Chalce-

2096 4512 2420 4577 tribuant",
2449 4528 2626 4582 eoque
2655 4514 2877 4568 nomine
2901 4510 3202 4566 Bilibaldus
3224 4509 3672 4566 Birekheimerus

2095 4607 2489 4675 interpretatus
2511 4614 2613 4668 est,
2642 4605 2922 4672 ediditque
2949 4603 3321 4673 Norimbergte
3343 4618 3487 4657 anno
3511 4603 3668 4657 1580.

2094 4699 2281 4752 Edidit
2305 4698 2469 4751 etiam
2497 4713 2527 4752 a
2569 4712 2626 4751 se
2668 4712 2886 4750 versum
2907 4696 3155 4750 Nobilius
3193 4696 3376 4749 Romae
3409 4696 3570 4756 1587.
3617 4707 3673 4748 et

2093 4803 2271 4857 nuper
2305 4786 2533 4841 Parisiis
2585 4785 2947 4841 Combetisius
2967 4783 3128 4855 413
3169 4793 3317 4838 tomo
3360 4783 3381 4839 l
3427 4783 3671 4854 Operum

2095 4877 2265 4931 sancti
2309 4876 2547 4941 Maximi,
2598 4890 2788 4929 rursus
2821 4891 2851 4929 a
2891 4890 2948 4929 se
2999 4874 3293 4928 Latinitate
3340 4872 3607 4928 donatum
3658 4891 3671 4926 :

2092 4979 2254 5038 atque
2280 4969 2354 5023 ita
2383 4967 2610 5038 singulis
2636 4965 2972 5022 editionibus
2992 4966 3218 5036 singula:
3234 4966 3538 5030 versiones,
3569 4981 3674 5035 pro

2091 5061 2367 5116 editorum
2402 5060 2640 5130 ingenio,
2681 5057 3094 5128 respondent”.

2162 5155 2249 5208 lll.
2304 5153 2444 5207 Sunt
2487 5152 2580 5222 qui
2609 5151 2899 5206 videantur
2929 5150 3179 5215 innuero,
3234 5165 3344 5204 non
3370 5149 3669 5204 admodum

2091 5248 2230 5302 certi
2278 5261 2397 5301 esse
2441 5244 2700 5300 auctoris.
2764 5244 2859 5298 His
2881 5243 3249 5314 astipulantur
3278 5244 3445 5298 variae
3471 5244 3672 5299 inseri-

1751 5400 2065 5458 SCHULZII
2107 5403 2339 5461 NOTAE.

467 5531 615 5588 "Ad
653 5533 794 5611 h.__l_.
834 5535 1391 5611 \'it_l9_pt_tpi_niun_t,_l_.
1427 5550 1473 5589 c.
1556 5537 2065 5611 ’°__Totum_l0cum
2119 5543 2272 5596 illum
2324 5541 2449 5595 vide
2490 5556 2687 5611 supra,
2747 5550 2784 5595 t.
2842 5542 2930 5604 IV,
2965 5558 3021 5611 p.
3061 5541 3194 5596 1054
3231 5555 3349 5610 seq.

400 5621 584 5674 supra,

3465 5542 3509 5574 "
3543 5542 3669 5597 Viri.

619 5620 672 5680 p_.
701 5603 826 5680 115.
899 5605 944 5635 ³³
979 5605 1097 5680 Viti.
1131 5604 1557 5680 Mat-iiuiviercat.
1588 5608 1744 5680 _0pp.
1778 5619 1830 5680 t.
1853 5609 1919 5671 ll,
1953 5625 2007 5680 p.
2038 5611 2143 5665 ‘265
2178 5627 2292 5680 seq.
2319 5627 2384 5664 ex
2428 5603 2752 5665 edit.'Garn.
2811 5614 2856 5643 ³³
2879 5603 3161 5666 Ititércidit
3194 5603 3668 5678 ista'disputatio,

401 5687 460 5750 ut
509 5675 824 5750 l_larduinus
873 5676 1201 5750 nionuit,__p.
1234 5676 1337 5750 68?)"
1369 5675 1886 5750 editionisprioris.
1959 5675 2008 5710 νδ
2034 5681 2178 5733 ltlcm
2219 5675 2400 5735 tuetur
2443 5681 2727 5750 Dupinitts,
2764 5682 2797 5733 l.
2832 5699 2862 5734 (ι
2893 5724 2904 5747 ,
2931 5693 2968 5736 t.
3000 5683 3085 5745 IV,
3127 5697 3177 5750 ιι.
3213 5682 3330 5733 HO.
3406 5675 3454 5713 ’⁸
3479 5681 3670 5737 Exstat

403 5744 792 5798 ltirckiieimeri
844 5754 897 5800 et
939 5744 1138 5799 Nobilii
1189 5745 1364 5800 versio
1411 5746 1598 5800 Latina
1636 5744 1688 5800 iu
1721 5747 2060 5818 Lugduncnsi
2106 5750 2350 5804 Biblioth.
2393 5744 2594 5813 PP.,'t.
2626 5751 2688 5804 ll.
