3886 6222
206 340 288 408 361
1315 342 1411 405 DE
1454 344 1710 404 LIBRIS
1747 342 2259 405 TIIEODORE’I‘I.
2318 350 2322 355 ’

3325 354 3431 419 362

209 458 397 526 ptiones
428 453 708 507 variorum
739 454 1011 518 codicum,
1063 462 1123 507 ut
1161 465 1244 509 est
1275 456 1396 520 iste,
1432 471 1596 525 quem
1622 455 1756 518 dixi,
1792 466 1831 521 Α
1863 455 2026 528 [οιᾷ
2050 472 2210 513 nemo
2233 466 2397 527 queat
2419 473 2620 514 norum
2637 460 2910 530 quoddam
2929 476 3068 532 opus
3086 461 3432 520 Theodoreto

209 546 448 602 Gabrielis
476 544 999 616 Philadelphiensis,
1032 546 1364 600 Theodoreti
1388 563 1588 601 nomen
1614 562 1755 616 prae-

210 638 363 691 ferens
407 652 422 689 :
470 634 581 689 illis
602 634 788 689 favent
811 636 1159 692 bibliothecae
1184 637 1366 707 Regia:
1402 647 1511 693 tres
1540 637 1758 692 codices

209 743 320 782 mss.
351 727 573 796 aliique,
600 735 675 793 et,
715 728 811 797 qui
842 728 1066 799 majoris
1088 736 1173 783 est
1195 727 1474 797 ponderis,
1506 727 1754 792 Photius,

208 820 372 875 codice
396 818 516 872 195.
569 818 748 884 Quare
796 818 969 874 vincit
995 817 1147 888 prior
1169 820 1440 874 sententia
1469 827 1756 874 auctorum

208 925 433 965 numero.

266 1001 355 1054 IV.
409 1000 523 1054 Cur
574 1000 1073 1069 Philadelphiensis
1131 999 1530 1072 archiepiscopi
1583 999 1757 1056 codex

208 1107 300 1146 non
341 1106 589 1161 magnam
620 1107 652 1145 a
691 1107 779 1146 me
824 1092 986 1146 ﬁdem
1014 1091 1281 1156 obtineat,
1314 1094 1330 1111 ‘
1356 1092 1486 1146 facit
1507 1098 1754 1147 veterum

204 1183 496 1245 auctoritas,
520 1198 756 1253 quorum
777 1199 941 1239 nemo
961 1198 1100 1254 opus
1113 1183 1384 1253 ejusmodi
1408 1182 1753 1237 Theodoreto

202 1274 452 1327 attribuit.
510 1274 772 1343 Negativa
809 1274 1030 1344 quidem
1068 1274 1159 1328 illa
1181 1283 1265 1329 est
1292 1274 1621 1339 auctoritas,
1654 1275 1752 1329 sed

203 1366 274 1417 sui
297 1374 470 1418 nmen
495 1365 551 1419 in
579 1365 683 1420 hoc
701 1381 901 1435 genere
927 1366 1209 1421 momenti.
1234 1366 1346 1421 Cur
1364 1368 1633 1421 assentiar
1657 1367 1754 1421 tri-

203 1454 480 1509 buentihus
505 1455 760 1520 Maximo,
789 1457 846 1510 in
868 1471 1031 1511 causa
1054 1464 1139 1511 est
1161 1467 1353 1512 auctor
1378 1458 1750 1512 centuriarum

201 1553 417 1612 quatuor
436 1544 504 1599 de
527 1545 819 1610 eharitate,
873 1545 967 1615 qui
995 1545 1117 1600 libri
1149 1546 1367 1600 initium
1390 1545 1545 1601 ducit
1570 1546 1641 1601 ab
1667 1547 1752 1601 his

198 1636 364 1691 verbis
411 1654 425 1689 :
479 1638 660 1692 «Ecce
717 1648 918 1707 praeter
964 1638 1164 1692 librum
1213 1638 1281 1693 de
1324 1638 1434 1692 vita
1475 1638 1747 1707 religiosa,

199 1727 306 1782 misi
334 1727 398 1781 ad
427 1737 500 1792 te,
537 1736 694 1797 pater
733 1728 970 1798 Elpidie,
1017 1728 1220 1782 librum
1249 1728 1320 1782 de
1347 1728 1639 1792 charitate,
1670 1734 1750 1782 tot

1859 544 2113 615 aliingere
2155 565 2169 600 :
2211 549 2364 616 prior
2384 549 2532 603 enim
2567 550 2720 606 locus
2747 550 2982 607 habetur
3019 553 3073 606 in
3092 553 3433 622 expositione

1858 636 2050 704 psalmi
2095 653 2278 703 Lxxrv,
2332 655 2484 694 num.
2509 641 2568 707 9;
2630 640 2906 712 posterior
2947 645 3000 698 in
3042 644 3342 714 quaestione
3366 645 3434 700 li

1858 737 2023 791 super
2052 724 2321 781 Numeros
2336 728 2370 779 '.

2474 839 2698 897 CAPUT
2730 841 2822 897 IX.

1855 949 1999 1004 Libri
2024 950 2342 1019 Theodoreti,
2369 970 2593 1025 quorum
2605 953 2719 1009 sola
2742 955 2994 1010 memoria
3018 956 3220 1010 videtur
3239 973 3427 1029 supcr-

2576 1039 2705 1077 6886.

2352 1135 2380 1208 §
2407 1136 2449 1191 Ι.
2480 1134 2621 1208 Opus
2643 1140 2936 1210 mysticum.

1921 1244 1961 1298 l.
2000 1244 2212 1316 Mystici
2235 1247 2423 1316 operis
2450 1256 2732 1304 auctorem
2756 1263 2814 1303 se
2835 1247 3211 1305 Theodoretus
3228 1249 3430 1307 fatetur

1851 1336 2051 1404 partim
2071 1337 2128 1392 in
2147 1339 2379 1408 epistola
2404 1340 2472 1394 ad
2493 1340 2860 1394 Eusebium’:
2891 1358 2907 1391 ι
2932 1340 3430 1412 Mysticuspraster-

1850 1441 1915 1480 ea
1933 1427 2171 1497 scriptus
2191 1437 2276 1484 est
2302 1446 2334 1484 a
2359 1430 2521 1485 nobis
2538 1430 2701 1496 liber,
2725 1440 2783 1485 et
2804 1431 2896 1484 alii
2920 1430 2988 1485 de
3011 1433 3421 1501 Providentiam

1850 1516 2050 1586 partim
2082 1517 2136 1572 in
2169 1519 2313 1574 libro
2334 1537 2368 1575 v
2414 1521 2796 1599 ereticarum
2827 1522 3185 1590 fabularum',
3219 1539 3343 1578 cum
3371 1524 3427 1579 in

1852 1607 2181 1678 baptismate
2212 1611 2381 1665 tradit
2408 1627 2510 1667 nos
2538 1613 2867 1683 consepeliri
2893 1611 3133 1677 Christo,
3163 1622 3224 1668 ut
3244 1631 3430 1670 resur-

1851 1699 2112 1756 rectionis
2156 1702 2457 1773 participes
2496 1703 2710 1758 ﬁamus.
2772 1723 2791 1756 ‹
2817 1705 3043 1769 Verum,
3088 1704 3288 1775 inquit,
3338 1707 3429 1763 hic

197 1818 436 1872 centuriis
455 1793 716 1888 capitum,
745 1793 881 1888 quot
902 1818 1182 1889 evangelia
1205 1826 1355 1883 sunt,
1382 1818 1744 1888 comprehen-
1778 1803 1823 1863 Β
1851 1799 2102 1889 opus?“
2129 1793 2301 1889 ηἶθὸίῗ
2337 1794 2569 1889 πξῖδξξξῖο
2599 1810 2883 1889 sermoni
2942 1803 2999 1850 θί
3023 1811 3153 1889 Fum
3184 1797 3429 1889 a'io‘l'f‘i“

198 1922 321 1961 sum.
344 1927 363 1957 ι
395 1909 582 1976 Neque
618 1907 765 1963 enim
802 1909 949 1963 ullus
985 1909 1183 1964 merito
1206 1908 1423 1962 dubitet
1451 1908 1651 1962 librum
1682 1908 1750 1964 de

198 1998 435 2052 charitate
466 1998 699 2052 Maximo
722 1998 937 2052 auctori
969 1999 1340 2054 tribuendum.

612 2136 638 2200 ᾗ
671 2131 732 2186 ν.
766 2131 917 2186 Liber
940 2131 1312 2203 formularum.

255 2243 471 2316 Scripsit
514 2245 826 2301 Eucherius
865 2244 1251 2317 Lugdunensis
1310 2261 1450 2316 opus
1485 2244 1746 2300 eximium

193 2337 253 2392 de
283 2339 612 2408 spiritalibus
652 2337 926 2403 formulis,
979 2354 1088 2408 quo
1132 2338 1267 2409 quid
1328 2338 1381 2392 in
1447 2336 1748 2407 Scripturis

190 2439 275 2485 aut
313 2431 683 2500 metaphoriee
739 2440 836 2486 aut
872 2430 1168 2501 symbolice
1209 2428 1416 2484 dictum
1442 2427 1613 2484 estde
1636 2429 1747 2484 Deo

190 2521 399 2590 aliisque
439 2520 507 2575 ad
552 2521 977 2590 intelligentiam
1008 2535 1192 2574 rerum
1221 2516 1587 2590 spiritualium
1616 2536 1745 2590 pcr-

191 2610 491 2676 Iinentibus,
544 2612 793 2682 exponit.
854 2610 913 2666 Id
979 2627 1103 2666 cum
1151 2610 1390 2666 Joannes
1438 2609 1745 2665 Alexander

190 2702 519 2758 Brassicanus
549 2719 696 2757 anno
723 2702 863 2757 1550
886 2701 1158 2757 edendum
1178 2711 1418 2769 curaret,
1441 2702 1497 2757 in
1513 2702 1745 2773 epistola

185 2794 243 2848 ad
266 2795 455 2850 Ianum
484 2811 516 2849 a
541 2794 740 2850 Swolla
764 2794 820 2848 id
844 2792 1008 2849 habet
1029 2792 1097 2850 de
1123 2791 1472 2849 Theodoreto
1491 2835 1505 2859 ,
1540 2810 1606 2849 ex
1633 2810 1744 2864 quo

184 2894 355 2954 posset
375 2884 646 2957 quispiam
675 2884 919 2957 cpinari,
956 2884 1326 2956 composuisse
1358 2884 1534 2955 ipsum
1564 2885 1743 2940 simile

184 2976 426 3044 quiddam
454 2977 522 3031 de
550 2975 807 3031 formulis
836 2977 979 3047 apud
1002 2974 1240 3041 Griecos,
1269 2974 1415 3046 quod
1436 2975 1741 3031 Eucherius

185 3067 314 3133 apud
330 3066 570 3122 Latinos.
591 3065 764 3132 Quod.
783 3065 979 3137 inquit,
996 3067 1137 3138 apud
1152 3064 1368 3120 Latinos
1386 3065 1515 3120 fecit
1530 3066 1742 3120 Euche-

1853 1880 2113 1949 mysticos
2153 1880 2445 1937 duodecim
2466 1883 2643 1939 libros
2672 1885 3183 1956 conscripserimus,
3213 1888 3425 1943 studio-

1852 1984 1942 2023 sos
1971 1970 2038 2024 ad
2064 1987 2160 2026 eos
2193 1972 2553 2030 remittemus.
2584 1994 2603 2026 ι

1920 2060 1985 2115 II.
2022 2062 2161 2119 llinc
2191 2064 2547 2137 intelligimus
2579 2081 2715 2137 opus
2770 2066 2915 2123 istud
2950 2069 3240 2125 duodecim
3266 2070 3426 2125 libris
3485 2080 3488 2085 ‘

1850 2156 2308 2224 comprehensum
2350 2157 2552 2223 fuisse,
2602 2168 2659 2213 et
2687 2167 2814 2214 ante
2843 2160 3017 2218 libros
3046 2162 3422 2217 [hereticorum

1851 2243 2153 2314 fabularum
2187 2245 2419 2310 editum,
2457 2248 2568 2302 imo
2601 2255 2727 2301 ante
2752 2264 2957 2304 annum
2982 2251 3106 2317 445,
3142 2266 3252 2322 quo
3277 2267 3424 2307 anno

1850 2335 2235 2392 Thcodoretus
2280 2339 2348 2393 ad
2393 2338 2694 2395 Eusebium
2739 2340 2986 2411 scripsit;
3046 2351 3208 2412 atque
3254 2344 3420 2399 etiam

1847 2436 1973 2483 ante
1993 2444 2198 2483 annum
2223 2429 2349 2496 455,
2374 2430 2469 2500 qui
2495 2430 2853 2495 duodecimus
2879 2441 3008 2489 ante
3034 2432 3216 2488 datam
3245 2435 3418 2490 Eusc-

1848 2519 1937 2574 bio
1966 2520 2273 2590 epistolam.

1915 2611 2006 2665 Ill.
2047 2607 2235 2680 Neque
2290 2611 2539 2677 Photius,
2587 2628 2767 2684 neque
2815 2613 2975 2679 alius,
3029 2614 3177 2687 quod
3226 2616 3417 2678 sciam,

1846 2709 2117 2767 veterum,
2168 2702 2419 2756 meminit
2452 2701 2889 2759 elucubrationis
2914 2712 3075 2759 tanta:
3105 2722 3118 2759 :
3147 2721 3216 2760 an
3248 2706 3421 2760 inter-

1846 2792 1984 2847 ierat
2007 2792 2330 2863 jamdudum
2374 2802 2500 2847 ante
2532 2792 2652 2863 ipsa
2680 2810 2897 2865 quoque
2930 2794 3107 2850 I‘hotii
3134 2797 3422 2867 tempora?

1845 2900 1914 2938 an
1937 2884 2044 2938 alio
2071 2883 2293 2938 nomine
2317 2884 2614 2939 censetur?

1914 2973 2002 3028 IV.
2064 2973 2266 3029 Credat
2306 2975 2447 3030 forte
2499 2976 2794 3046 quispiam,
2842 2977 2952 3031 levi
2994 2985 3195 3043 tamen,
3231 2986 3293 3033 ut
3318 2995 3420 3050 ego

1842 3064 2063 3134 quidem
2085 3065 2299 3135 Opinor,
2321 3073 2667 3134 argumento,
2694 3065 2952 3138 mysticos
2973 3067 3146 3121 libros
3166 3069 3234 3123 ab
3251 3084 3419 3139 opere

189 3155 309 3221 rius,
344 3157 447 3211 hoc
481 3157 626 3227 apud
660 3155 879 3212 (fu-33,305
916 3154 1259 3211 exactissime
1285 3155 1536 3225 praestitit
1559 3153 1739 3209 Theo-
1768 3143 1809 3200 C
1844 3150 1919 3202 De
1965 3151 2213 3204 curandis
2266 3150 2567 3207 Cnet-orum
2604 3153 2959 3224 aﬁ'ectionibus
3009 3170 3119 3210 non
3147 3157 3371 3212 differre
3400 3176 3416 3211 ς

188 3244 390 3302 dorctus
419 3247 511 3301 ille
549 3245 811 3317 Cyrensis
832 3245 1203 3316 episcopus“,
1262 3260 1327 3297 ex
1358 3245 1514 3312 cujus
1541 3242 1739 3313 insigni

188 3350 337 3404 opere
359 3378 373 3400 ,
423 3337 572 3407 quod
630 3337 775 3406 apud
820 3351 921 3390 nos
953 3345 1037 3390 est
1066 3332 1121 3388 in
1148 3332 1390 3404 antiquis
1408 3334 1744 3387 membranis

190 3422 503 3495 descriptum
528 3466 543 3490 ,
598 3425 736 3479 libet
783 3424 872 3479 hic
903 3424 1111 3492 aliquot
1136 3420 1353 3493 egregie
1382 3421 1597 3476 erudita
1622 3421 1743 3476 loca

192 3516 460 3582 ascribere,
494 3530 564 3572 ex
613 3514 817 3583 quibus
840 3512 1083 3567 universi
1108 3512 1258 3566 illius
1291 3510 1480 3580 operis
1502 3510 1742 3580 dignitas

193 3610 242 3654 et
265 3604 455 3659 utilitas
500 3604 799 3658 elucescet.
849 3597 1002 3664 Οἷνος
1030 3600 1120 3655 ἐπὶ
1158 3598 1292 3652 Θεοῦ
1339 3600 1372 3670 ἡ
1409 3600 1644 3668 τιμωρία
1671 3599 1737 3652 ⁸⁷.

198 3692 334 3746 Δαειδ
361 3696 440 3747 ὅτι
474 3695 733 3764 ποτήριον
767 3695 825 3745 ὲν
874 3692 1016 3763 χειρὶ
1060 3691 1267 3762 Κυρίου
1312 3692 1455 3744 οἴνου
1496 3690 1740 3760 ἀκράτου

199 3783 375 3854 πλῆρες
411 3784 778 3855 κεράσειατος.
805 3783 939 3837 Item
964 3800 978 3836 :
1006 3783 1072 3834 Αἱ
1114 3781 1299 3852 τρίχες
1317 3783 1384 3845 ⁸³³,
1412 3782 1508 3852 τῆς
1538 3779 1741 3850 νεκρώ-

200 3891 312 3939 seu);
336 3876 613 3945 σύμϐολοψ
641 3875 833 3943 νεκραὶ
850 3874 956 3945 γὰρ
972 3866 1130 3926 αὗται
1160 3874 1251 3926 καὶ
1274 3872 1463 3941 ὀδύνης
1489 3872 1741 3941 αἴσθησιν

197 3966 245 4017 οὐ
274 3967 561 4036 δεχόμεναι.
598 3963 711 4036 Τὴν
739 3963 913 4033 ἁληοῆ
948 3962 1123 4016 τοίνυν
1149 3963 1292 4032 ζωὴν
1325 3964 1468 4033 ἔχειν
1509 3962 1737 4023 κελεύει.

197 4055 300 4116 τοὺς
323 4055 388 4126 τῷ
416 4055 536 4125 Θεῷ
563 4052 1031 4125 λειτουργοῦντας,
1057 4054 1150 4107 καὶ
1187 4055 1349 4124 μηδὲν
1375 4055 1563 4125 νεκρὸν
1598 4053 1740 4124 ἔχειν

201 4146 313 4210 μηδὲ
341 4148 589 4211 δυσῶδες.
634 4147 806 4198 Τοῦτο
843 4145 950 4217 γὰρ
992 4145 1083 4198 καὶ
1111 4146 1139 4196 ὁ
1169 4145 1449 4209 θεσπέσιος
1479 4149 1624 4216 ἡμᾶς
1657 4147 1737 4199 δι-

196 4233 353 4289 δάτκει
378 4238 604 4301 Παῦλος.
626 4237 856 4304 Χριστῷ
874 4234 1004 4306 γὰρ,
1040 4236 1192 4304 φησὶ,
1227 4238 1737 4305 συνεσταύρωμαι.

198 4327 459 4383 Ζῶὸὲούκ
478 4332 562 4384 ἔτι
584 4330 719 4399 ἐγὼ,
747 4329 811 4396 ζῇ
830 4328 1123 4398 δὲένέμοὶ
1144 4330 1413 4396 Χριστός.
1446 4328 1578 4392 Ταῖς
1608 4328 1734 4397 γὰρ,

1843 3255 1969 3293 nam
2020 3240 2292 3295 consentit
2342 3256 2634 3308 numerus,
2688 3250 2743 3298 et
2791 3245 2937 3318 quod
2986 3247 3111 3316 quis
3151 3248 3416 3314 miretur,

1844 3328 2207 3395 Thedoretus,
2258 3333 2351 3387 ubi
2380 3334 2610 3391 alterius
2633 3336 2816 3407 operis
2836 3338 3111 3405 meminit,
3150 3338 3219 3395 de
3243 3341 3418 3395 altero

1844 3423 1989 3487 silet,
2035 3424 2190 3493 quasi
2238 3425 2355 3479 solo
2395 3427 2618 3480 nomine
2661 3427 2878 3483 diversa
2904 3430 3033 3485 sint.
3084 3432 3286 3487 Verum
3316 3448 3415 3488 ne-

1842 3527 1948 3581 que
1975 3512 2233 3584 mysteria
2260 3521 2566 3569 tractantur
2596 3528 2720 3569 cum
2745 3517 3064 3586 gentilibus,
3113 3521 3415 3589 praesertim

1842 3620 1873 3658 a
1896 3603 2263 3669 Theodoreto,
2301 3605 2395 3675 qui
2421 3605 2476 3660 id
2503 3606 2738 3662 maxime
2760 3616 2947 3675 cavet;
2981 3624 3157 3679 neque
3183 3611 3237 3665 in
3262 3611 3419 3665 libris

1841 3691 2001 3763 415
2037 3694 2302 3749 adversus
2339 3689 2560 3750 Graecos
2604 3698 2881 3765 reperitur
2902 3699 3230 3768 expositum,
3267 3701 3413 3770 quod

1844 3785 1899 3839 in
1945 3786 2088 3840 libro
2117 3803 2149 3841 γ
2192 3785 2577 3840 Πωνεήσατωη
2625 3786 2927 3857 fabularum
2975 3789 3042 3845 de
3090 3791 3413 3861 baptismate

1842 3875 2059 3930 dicitur.

1908 3965 1972 4021 ν.
2014 3967 2180 4021 Libro
2202 3984 2233 4022 ν
2265 3967 2461 4022 Ηωνει.
2486 3968 2615 4037 fab.,
2636 3983 2777 4038 cap.,
2812 3968 2849 4021 2
2869 3968 2971 4023 sub
2994 3967 3155 4023 linem
3185 3971 3413 4040 prolixae

1841 4057 2228 4126 disputationis
2262 4059 2330 4113 de
2357 4058 2523 4114 Verbi
2552 4059 2838 4113 divinitate
2871 4058 3134 4114 adversus
3155 4059 3408 4124 Arianos,

1841 4148 1957 4204 haec
1980 4148 2254 4205 habentur
2277 4169 2291 4204 :
2319 4169 2337 4203 ι
2357 4150 2556 4206 Contra
2581 4151 2681 4205 hos
2703 4161 2885 4206 autem
2910 4150 3197 4204 duodecim
3213 4152 3320 4220 jam
3345 4151 3412 4205 li-

1839 4241 1971 4294 bros
1989 4255 2167 4309 nuper
2189 4241 2637 4310 conscripsimus,
2665 4248 2721 4294 et
2743 4248 2941 4309 praeter
2956 4240 3056 4293 hos
3078 4253 3226 4293 nunc
3243 4240 3408 4293 etiam

1840 4331 2067 4385 alterius
2085 4332 2308 4385 moralis
2327 4331 2611 4402 theologia:
2630 4339 2685 4384 et
2703 4330 2965 4385 doctrinm
2989 4344 3212 4398 scopum
3229 4337 3410 4384 osten-

198 4420 307 4487 φησὶ
327 4421 387 4484 θ’,
419 4421 720 4492 ἐνεργείαις
758 4420 992 4489 ἐμαυτὸν
1025 4420 1325 4490 ἁφιέρωσα.
1362 4420 1564 4475 Verum
1606 4420 1734 4473 inde

1857 4420 2036 4476 limus.
2053 4441 2070 4472 ι
2104 4422 2316 4487 Quibus
2341 4419 2523 4476 verbis
2550 4419 2780 4475 indicari
2801 4418 3019 4473 videtur
3036 4432 3192 4488 Opus,
3215 4417 3282 4471 de
3298 4431 3409 4486 quo

1495 4562 1802 4627 SCHULZII
1844 4571 1969 4626 N01
1987 4572 2075 4625 [Ε.

250 4703 487 4776 ’σίδίιιιιε
538 4703 800 4776 senensis
824 4703 1088 4774 (Biblioth.
1111 4711 1327 4765 sanctm,
1348 4702 1459 4776 lib.
1492 4701 1563 4770 ιν)
1602 4702 1797 4776 refert,
1819 4719 1877 4758 se
1914 4704 2058 4776 inter
2112 4704 2216 4757 aiia
2249 4700 2579 4776 Theodoreti
2610 4719 2776 4776 opera
2823 4701 3018 4774 legisse
3052 4702 3403 4776 mysticarum

196 4773 566 4829 institutionum
596 4774 652 4828 in
669 4772 979 4830 universam
1003 4791 1209 4829 sacram
1245 4774 1579 4841 Scriptu‘ram
1602 4772 1929 4843 isagogicnm
1953 4775 2228 4837 volumen,
2262 4775 2542 4828 nominum
2575 4772 2954 4828 ac’verborum
2992 4772 3256 4837 omnium,
3282 4789 3403 4843 quae

194 4844 367 4916 divinis
410 4844 633 4898 Litteris
648 4844 1049 4916 continentur,
1077 4845 1333 4916 mysticas
1360 4852 1415 4896 et
1457 4844 1770 4916 spirituales
1801 4845 2213 4916 jntclligentias
2250 4843 2696 4916 exponens._Hoc
2734 4858 2893 4916 opus,
2918 4850 3054 4916 teste
3082 4844 3399 4916 Possevino.

197 4915 389 4985 (Appar.
418 4931 541 4985 sac.
564 4923 604 4967 t.
647 4913 716 4985 II,
763 4928 820 4985 p.
854 4915 1003 4985 4578),
1037 4914 1094 4968 in
1126 4911 1366 4985 antiquis
1412 4912 1743 4985 membranis
1789 4913 1975 4968 Griece
2007 4911 2349 4985 descriptum
2395 4911 2716 4985 servabatur
2741 4911 3172 4985 Vindobonae‘in
3199 4913 3402 4985 biblio-

194 4978 325 5038 theca
370 4983 732 5053 Brassicani._
763 4978 816 5016 ³⁷
839 4978 1065 5038 Videtur
1104 4999 1223 5039 esse
1260 4978 1578 5053 degentium
1615 4978 1745 5053 οἶνος

1893 4984 2131 5053 τιμωρία
2172 4978 2273 5053 τοῦ
2322 4983 2491 5053 Θεοῦζ
2517 4983 2630 5053 sive
2659 4990 2719 5034 ut
2750 4990 2791 5053 με
2826 4981 2867 5046 1,
2898 4981 3132 5053 “1138,
3159 4982 3231 5053 ad
3263 4984 3400 5052 psal.

192 5068 341 5124 tntv,
368 5056 421 5117 9,
452 5047 822 5124 legitqrpiwv
849 5055 948 5123 τὴν
976 5055 1240 5124 τιμωρίαν
1284 5047 1477 5124 213.52;
1506 5122 1509 5124 _
1537 5049 1582 5082 ⁸⁸
1610 5051 1745 5121 τρίχε

1857 5047 1990 5106 Edit.
2013 5047 2165 5122 prior
2190 5052 2425 5124 habebat
2456 5050 2669 5119 Γρίκες.
2747 5051 2792 5124 f’
2822 5047 2975 5119 φηξςί.
3006 5047 3290 5124 Excidisse
3320 5053 3404 5124 vi-

192 5122 327 5177 detur
355 5120 545 5186 θείαις.
581 5122 702 5177 Vid.
734 5120 923 5192 supra,
955 5131 995 5175 t.
1029 5123 1069 5185 I,
1093 5120 1148 5190 β.
1179 5122 1305 5176 228.
1389 5124 1399 5150 '
1433 5122 1615 5192 Longe
1649 5120 1842 5191 major
1884 5130 1969 5176 cst
2016 5120 2284 5175 numerus
2335 5120 2632 5192 librorum,
2668 5120 2763 5189 qui
2800 5128 2989 5175 nostro
3016 5122 3100 5192 vel
3133 5123 3399 5190 suppositi

193 5202 298 5263 sunt
322 5194 405 5248 vel
434 5201 643 5263 temere
664 5189 910 5263 ascripti.
943 5193 1024 5263 Ne
1044 5189 1155 5263 jam
1178 5192 1245 5247 de
1278 5206 1467 5263 eorum
1490 5189 1982 5263 dicamus‘errore,
2006 5192 2137 5263 qui,
2158 5206 2282 5245 cum
2331 5189 2588 5263 antiquos
2632 5198 2917 5245 versarent
2959 5189 3401 5263 codices,iTheo-

191 5261 415 5316 dorctum
460 5277 586 5315 cum
616 5259 910 5315 Theodoro
939 5259 1339 5330 Mopsuesteno,
1374 5259 1747 5330 Daphnopata,
1783 5259 2211 5330 aliisque’hujus
2242 5259 2488 5330 nominis,
2519 5268 2949 5325 commutarunt,
2980 5261 3089 5315 huc
3124 5261 3177 5315 in
3206 5262 3401 5330 primis

194 5332 433 5386 referendi
467 5341 595 5385 sunt
626 5332 740 5384 duo
768 5331 858 5383 isti
889 5329 1059 5401 libri:
1095 5333 1147 5401 1,
1180 5331 1328 5401 Περί-
1361 5330 1454 5381 τοῦ
1482 5331 1654 5401 Δὀιγίου
1690 5330 1745 5401 βο

1861 5329 2063 5401 suam;
2092 5331 2198 5382 τῶν
2243 5329 2786 5401 ἁγίων-ξὰποοτόλῳν
2824 5332 2916 5383 καὶ
2945 5331 3046 5400 τῆς
3079 5329 3238 5398 ἁγίας
3268 5332 3397 5401 Θεο-

196 5402 347 5453 τὸκου.
380 5401 473 5455 Hic
501 5401 726 5470 quidem
754 5401 972 5453 libellus
1004 5400 1056 5453 in
1086 5397 1398 5470 Appendice
1430 5398 1495 5452 ad
1552 5397 1740 5470 Cangii
1771 5397 2082 5454 Chronicon
2114 5398 2746 5470 PaschaleTheodoreti
2793 5397 3013 5454 nomen
3034 5397 3145 5470 prae
3177 5399 3397 5470 sefert,

197 5471 270 5523 sed
292 5472 493 5526 videtur
516 5468 637 5526 esse
666 5470 964 5540 Sophronii
992 5470 1311 5540 patriarchae
1337 5468 1605 5522 Ilicrosol.
1639 5469 1741 5523 sub
1766 5471 1921 5540 cujus
1944 5471 2161 5524 nomine
2184 5478 2361 5524 exstat
2383 5469 2438 5522 in
2467 5469 2749 5540 Lambecii
2781 5468 3221 5540 Commentariis,
3247 5469 3282 5520 I.
3313 5484 3395 5540 in,

198 5554 237 5607 ρ.
260 5541 334 5597 52.
365 5544 417 5597 2.
454 5541 705 5597 Collectio
737 5537 1002 5593 canonum
1036 5539 1522 5600 ecclesiasticarum,
1557 5554 1720 5606 quam
1766 5537 2064 5593 Salmasius
2088 5540 2185 5607 (De
2208 5540 2406 5603 usuris,
2435 5554 2485 5593 c.
2518 5539 2637 5604 21).
2673 5540 2820 5593 inter
2850 5540 3108 5592 ἀνέκδοτα
3142 5537 3397 5591 Theodo-

196 5606 273 5678 reti
316 5612 493 5677 refert,
525 5613 715 5673 nixus,
750 5616 812 5663 ut
859 5608 1095 5671 videtur,
1145 5609 1468 5663 auctoritate
1515 5608 1723 5662 codicis
1765 5610 2046 5678 cujusdam
2088 5606 2341 5663 Parisini.
2370 5608 2476 5663 Sed
2509 5607 2779 5663 Collectio
2817 5609 2919 5663 ista
2944 5609 3175 5664 debetur
3198 5606 3396 5678 Joanni

194 5676 508 5749 Scholastico,
542 5692 603 5737 nt
660 5681 850 5751 plures
898 5679 1129 5751 probant
1177 5679 1413 5751 codices,
1464 5678 1671 5751 quibus
1699 5676 1845 5751 usus
1863 5749 1871 5751 _
1894 5679 2303 5751 est_.lustellus,
2329 5694 2451 5732 cum
2477 5678 2874 5751 Bibliothecam
2898 5689 3051 5733 suam
3078 5676 3394 5731 canonicam

190 5753 459 5808 adornaret.
536 5756 555 5784 '
586 5748 905 5806 Eusebium.
951 5748 1169 5802 Scilicet
1218 5749 1581 5820 Ancyranum.
1614 5748 1734 5802 Viti.
1789 5749 1950 5818 epist.
1990 5749 2073 5806 82.
2153 5750 2172 5780 ³
2210 5749 2319 5802 Lib.
2349 5766 2379 5804 ν
2431 5763 2548 5816 cap.
2581 5748 2663 5803 {8.

468 5850 754 5909 ΡΑτιιοι..
790 5843 910 5901 Gn.
950 5842 1281 5904 LXXXIV.
2995 5844 3065 5899 ,2
