3886 6222
388 338 494 401 363

1530 330 1908 394 GARNERII
1941 328 2440 391 DISSERTATIO
2477 329 2553 389 lI.

3567 323 3680 388 36‘

391 448 656 520 agimus‘.
720 446 878 514 Quod
930 447 978 502 si
1013 447 1087 502 ita
1127 457 1230 514 est,
1290 443 1534 516 Oportuit
1568 443 1623 498 in
1653 443 1772 513 ipso
1801 449 1968 495 totam
2000 446 2042 503 Α
2073 449 2128 494 et
2157 449 2372 506 nostro,
2399 440 2623 494 libellus
2657 437 2936 509 reperitur
2979 438 3082 492 hac
3125 437 3508 509 inscriptione,
3543 439 3682 509 περὶ

394 537 681 609 theologia:
712 551 807 592 seu
835 536 1223 608 mysteriorum
1247 533 1373 589 ﬁdei
1406 532 1804 603 expositionem
1830 545 1978 584 com-

393 631 721 702 prehensam
748 643 888 682 esse.
935 628 1139 683 Verum
1169 643 1270 681 cur
1294 625 1494 680 dicitur
1524 639 1703 693 nuper
1732 621 1945 677 conseri
1963 652 1978 662 ι

393 723 587 795 ptum?
632 722 714 777 An
741 737 846 776 vox
874 721 1058 776 Graeca
1091 720 1304 791 πρώην,
1339 733 1448 773 non
1472 733 1658 787 nuper,
1695 714 1790 770 sed
1819 721 1978 768 antea

393 813 708 885 signiﬁcat?
765 813 876 868 Cur
929 813 1094 866 etiam
1149 811 1356 866 dicitur
1395 814 1410 830 '
1448 811 1588 864 liber
1639 807 1982 878 theologicus

397 923 546 963 nunc
570 905 939 975 compositus?
990 907 1072 960 An
1102 904 1310 974 pariter
1356 918 1460 958 vox
1485 902 1670 957 Graeca
1690 901 1784 954 νῦν
1825 899 1977 954 reddi

396 998 573 1069 potuit
603 1013 754 1051 more
783 1012 894 1050 non
921 995 1203 1061 insolenti,
1235 1004 1388 1060 tunc,
1439 1005 1500 1048 ut
1533 993 1857 1052 ostendatur
1885 1008 1980 1047 eo.

395 1091 520 1145 dem
551 1098 795 1158 tempore
825 1099 1123 1158 utrumque
1149 1103 1288 1158 opus
1313 1086 1730 1142 elucubratum?
1765 1085 1983 1141 Utrius-

396 1195 501 1250 que
529 1179 680 1232 vocis
712 1178 1232 1248 interpretationem
1265 1184 1416 1229 certa
1438 1174 1578 1228 ratio
1604 1174 1977 1227 demonstrat:

394 1286 520 1326 nam
545 1270 720 1324 libros
747 1269 1132 1324 erelicarum
1155 1267 1461 1338 fabularum
1489 1265 1868 1319 Theodoretus
1888 1278 1982 1317 an-

396 1378 468 1417 no
485 1362 589 1417 459.
619 1362 960 1431 composuit;
996 1360 1251 1414 meminit
1273 1375 1403 1413 vero
1434 1359 1592 1427 longe
1620 1364 1746 1411 ante
1773 1355 1984 1410 theolo-

395 1452 644 1523 gicorum
673 1453 947 1507 librorum
999 1469 1011 1503 :
1058 1465 1171 1504 non
1205 1449 1352 1520 ipsos
1386 1448 1552 1519 igitur
1579 1463 1744 1517 nuper
1769 1455 1825 1500 et
1846 1461 1982 1500 nunc

397 1545 768 1600 elucubravit.

540 1701 567 1772 ᾗ
594 1701 660 1756 ll.
698 1700 841 1755 Libri
870 1701 932 1753 de
963 1697 1223 1770 theologia
1259 1708 1418 1768 atque
1449 1696 1837 1750 incarnatione.

468 1836 509 1890 1.
565 1832 714 1905 Opus
745 1851 776 1888 a
807 1851 865 1889 se
897 1833 1270 1902 conscriptum
1313 1831 1379 1886 de
1405 1829 1678 1900 theologia
1708 1837 1764 1883 et
1793 1828 1975 1883 incar-
2006 1810 2050 1865 Β

397 1927 622 1980 natione
659 1925 826 1979 tradit
858 1923 1242 1979 Theodoretus
1289 1923 1412 1976 loco
1444 1937 1570 1975 mox
1600 1920 1800 1985 citato,
1835 1929 1892 1974 et
1927 1920 1983 1973 in

397 2018 597 2074 litteris
650 2018 716 2072 ad
766 2017 1005 2072 Leonem
1053 2015 1388 2086 pontificem.
1435 2033 1452 2065 ι
1492 2013 1698 2083 Scripsi
1733 2011 1983 2081 quaedam

398 2112 663 2166 adversus
710 2110 941 2164 Arianos
987 2117 1044 2164 et
1082 2108 1484 2172 Eunomianos;
1528 2137 1596 2146 -——
1645 2105 1751 2158 alia
1792 2119 1985 2158 rursus

399 2203 466 2256 de
492 2201 786 2270 theologia,
820 2201 998 2269 deque
1033 2198 1216 2252 divina
1246 2198 1685 2252 incarnatione".
1713 2213 1728 2247 ι

475 2291 538 2345 ll.
570 2291 732 2345 Solus
753 2289 868 2358 ipse
892 2299 1143 2342 veterum
1166 2286 1504 2340 mentionem
1527 2283 1657 2338 facit
1679 2298 1820 2338 -:-nec
1835 2281 1983 2336 enim

401 2384 650 2445 Photius,
701 2390 797 2435 aut
841 2379 1205 2449 Nicephorus,
1264 2387 1359 2431 aut
1399 2378 1540 2432 alius
1563 2375 1836 2446 quispiam
1865 2389 1984 2428 mc-

401 2473 593 2537 minit;
631 2472 740 2525 imo
772 2485 872 2524 nec
899 2469 1010 2522 ulla
1035 2469 1201 2538 hujus
1225 2466 1466 2520 nominis
1493 2465 1835 2520 elucubratio
1858 2464 1986 2517 hae-

402 2578 564 2620 tenus
595 2563 821 2634 prodiit.
869 2560 1155 2615 lnteriitne
1184 2558 1408 2613 omnino
1445 2567 1552 2612 tam
1581 2556 1794 2627 insigne
1823 2571 1982 2624 opus,

400 2671 467 2710 an
495 2653 655 2709 alteri
684 2651 1027 2722 suppositum
1050 2658 1133 2704 est
1160 2649 1519 2718 auctori,jam
1539 2648 1666 2701 inde
1688 2663 1716 2702 a
1735 2647 1986 2716 pluribus

401 2745 648 2802 seculis?
703 2745 952 2799 Alterum
1009 2742 1153 2797 istud
1184 2742 1525 2812 probabilius
1553 2740 1688 2793 mihi
1711 2739 1932 2794 videtur
1968 2756 1983 2793 :

402 2837 600 2908 opinor
625 2835 772 2890 enim
795 2875 809 2899 ,
862 2849 984 2904 quae
1013 2832 1298 2902 scripsisse
1324 2847 1382 2887 se
1414 2829 1582 2886 tradit
1603 2830 1985 2885 Theodoretus

403 2930 471 2984 de
497 2928 770 2998 theologia
803 2935 858 2982 et
883 2925 1068 2980 divina
1103 2925 1500 2987 incarnatione,
1537 2923 1850 2977 nullatenus
1881 2921 1986 2977 dif-

404 3021 551 3076 ferre
586 3035 615 3074 a
646 3019 805 3072 libris
835 3017 1014 3072 tribus
1057 3013 1897 3078 adversus_Pneumatomaehos,
1931 3023 1987 3069 et

2080 534 2177 603 τῆς
2209 533 2372 601 ἁγίας
2404 533 2654 604 Τριάδος.
2710 531 2819 588 Sed
2848 540 3139 602 postquam
3169 541 3226 587 et
3256 531 3406 586 illius
3427 545 3670 601 apogra-

2079 627 2277 695 phum,
2309 638 2368 682 et
2389 627 2555 682 istum
2587 625 2908 696 diligentius
2931 623 3162 696 perlegi,
3194 624 3380 694 reperi
3403 622 3544 677 nihil
3569 621 3682 677 dif-

2080 719 2227 774 ferre
2260 735 2290 773 a
2313 719 2599 789 prioribus
2622 718 2802 773 tribus
2829 718 3146 772 divinorum
3175 715 3496 785 dogmatum
3519 713 3684 784 capi-

2081 808 2249 873 tibus,
2281 823 2402 877 qua:
2426 807 2708 878 pertinent
2735 807 2801 861 ad
2827 807 3032 860 librum
3055 805 3412 877 subjunctum
3435 812 3683 874 quatuor

2080 899 2238 954 libris
2267 899 2654 954 Hrereticarum
2680 898 3008 970 fabularum.

2153 992 2217 1046 γ.
2242 990 2400 1056 Quod
2427 991 2472 1046 si
2498 991 2624 1061 quis
2647 990 2966 1044 divinorum
2989 989 3343 1044 decretorum
3364 986 3679 1056 epitomen,

2080 1099 2202 1153 quae
2225 1083 2579 1153 subiungitur
2608 1081 2766 1138 libris
2789 1091 3030 1152 quatuor
3055 1081 3440 1136 eretic-arum
3462 1077 3684 1148 fabula-

2081 1192 2224 1238 rum,
2276 1174 2461 1243 opcris
2501 1174 2795 1244 theologici
2821 1174 3066 1240 nomine,
3117 1183 3342 1245 pr0pter
3365 1172 3683 1246 argumenti

2081 1265 2487 1336 cognationem,
2533 1265 2865 1335 appellatam
2902 1275 3087 1336 putet;
3127 1282 3210 1322 na:
3236 1267 3328 1321 ille
3358 1265 3553 1336 procul
3583 1266 3684 1319 ab-

2079 1363 2368 1410 erraturus
2381 1364 2466 1410 est
2483 1371 2512 1410 a
2531 1371 2681 1410 vero.
2695 1356 2831 1410 Nam
2853 1356 2978 1410 libri
3004 1356 3072 1410 de
3091 1357 3362 1426 theologia
3387 1355 3448 1410 fit
3467 1355 3686 1411 mentio

2083 1448 2138 1502 in
2163 1448 2368 1503 litteris
2391 1455 2520 1502 ante
2545 1463 2752 1502 annum
2777 1448 2881 1502 449
2902 1448 3158 1517 scriptis;
3191 1465 3316 1503 cum
3343 1448 3471 1502 libri
3495 1447 3685 1504 Hiere—

2085 1538 2314 1592 ticarum
2364 1537 2671 1606 fabularum
2695 1577 2709 1602 ,
2763 1552 2889 1592 cum
2921 1537 3212 1608 subjuncta
3236 1537 3556 1592 divinorum
3585 1536 3688 1593 de-

2088 1635 2366 1682 cretorum
2399 1626 2662 1695 epitome,
2715 1627 2937 1681 nonnisi
2972 1635 3095 1697 post
3125 1627 3425 1681 concilium
3451 1625 3696 1682 Chalce-

2087 1721 2332 1775 donense
2363 1718 2612 1773 habitum
2642 1733 2789 1772 anno
2813 1718 2913 1772 451
2948 1715 3240 1787 compositi
3260 1716 3392 1773 sint.

2394 1875 2421 1947 §
2457 1876 2546 1930 111.
2584 1875 2726 1946 Opus
2758 1875 3008 1928 adversus
3032 1873 3375 1927 Marcionem.

2161 2042 2199 2066 ι.
2238 2012 2408 2066 Nemo
2435 2020 2687 2066 veterum
2718 2012 2946 2082 hujusce
2972 2027 3158 2082 operis
3187 2011 3443 2065 meminit
3478 2021 3686 2081 prater

2088 2103 2520 2157 Theodoretum.
2578 2103 2829 2157 Meminit
2877 2102 2968 2157 ille
3006 2117 3139 2156 vero
3192 2101 3370 2156 tribus
3416 2101 3473 2155 in
3516 2103 3684 2158 locis.

2088 2195 2334 2266 Epistola
2357 2195 2426 2249 82
2453 2195 2523 2249 ad
2550 2195 2851 2250 Eusebium
2881 2213 2895 2247 :
2927 2194 3169 2250 «Contra
3189 2195 3520 2264 Apollinarii
3540 2211 3689 2265 pra:-

2087 2285 2296 2355 stigias,
2327 2284 2650 2354 rabiemque
2673 2284 2968 2338 Marcionis
2990 2284 3163 2338 libros
3180 2283 3311 2338 olim
3330 2284 3645 2353 composui.
3660 2303 3678 2334 ι

2087 2375 2331 2445 Epistola
2362 2374 2463 2430 116
2491 2374 2558 2428 ad
2585 2375 2858 2429 Renatum
2891 2393 2904 2428 :
2943 2393 2960 2425 ι
2988 2375 3187 2429 Libros
3218 2374 3412 2444 scripsi
3443 2375 3691 2445 amplius

2089 2465 2313 2536 triginta
2364 2466 2632 2520 adversus
2672 2466 2864 2520 Arium
2912 2475 2968 2520 et
3012 2466 3372 2531 Eunomium,
3409 2465 3688 2522 adversus

2087 2558 2440 2624 Marcionem,
2471 2577 2488 2610 ι
2527 2566 2633 2612 etc.
2671 2558 2739 2614 Et
2765 2558 2998 2629 epistola
3023 2558 3126 2612 1-15
3153 2558 3220 2613 ad
3252 2556 3556 2612 monachos
3587 2573 3689 2612 ur-

2087 2651 2173 2706 bis
2193 2651 2376 2723 Regiaa
2398 2668 2411 2704 :
2442 2650 2752 2706 «Adversus
2770 2666 2888 2715 eos,
2911 2651 3005 2721 qui
3028 2651 3320 2706 Marcionis
3341 2651 3465 2705 tabe
3483 2665 3692 2704 eorru-

2087 2743 2166 2813 pti
2192 2751 2341 2806 sunt,
2366 2750 2582 2797 certare
2604 2758 2888 2812 nunquam
2914 2742 3250 2807 destitimus,
3278 2741 3690 2812 persuadentes

2087 2835 2381 2890 Marcionis
2404 2836 2592 2890 furore
2621 2835 3052 2901 insanientibus,
3083 2850 3195 2888 non
3225 2835 3430 2890 bonum
3462 2845 3685 2890 tantum

2086 2941 2229 2989 esse,
2264 2941 2456 2980 verum
2481 2925 2650 2979 etiam
2688 2926 2932 2996 justum;
2981 2941 3093 2980 non
3119 2926 3449 2990 alienorum,
3487 2935 3548 2980 ut
3577 2926 3687 2996 ipsi

2087 3016 2426 3080 fabulantur,
2460 3015 2554 3070 sed
2579 3031 2808 3070 suorum
2834 3016 3009 3086 ipsius
3033 3032 3266 3086 operum
3290 3018 3677 3074 salvatorem.»

403 3111 622 3165 duobus
647 3119 838 3164 contra
859 3106 1282 3178 Apollinaristas
1309 3105 1649 3175 compositis,
1682 3104 1776 3174 qui
1802 3111 1858 3158 et
1882 3103 1983 3173 ipsi
2013 3145 2060 3208 ο
2089 3107 2220 3173 Qua:
2266 3116 2542 3176 postrema
2573 3106 2742 3162 verba
2773 3106 2980 3162 ideirco
3025 3107 3253 3171 adduxi,
3289 3118 3351 3162 ut
3383 3109 3488 3163 hoc
3515 3125 3681 3178 opus,

403 3203 647 3271 quinque
693 3201 896 3256 diversi
940 3216 1050 3257 non
1078 3206 1206 3254 sunt
1235 3215 1266 3252 a
1295 3198 1526 3270 dialogis
1551 3199 1779 3254 totidem
1800 3239 1816 3265 ,
1848 3212 1986 3268 quos

404 3292 704 3348 Athanasio
750 3301 1151 3362 supposuerant
1177 3292 1243 3355 ii,
1299 3291 1394 3360 qui
1430 3306 1597 3361 opera
1630 3290 1804 3360 ipsius
1833 3304 1984 3344 eom-

408 3383 720 3439 melinianis
746 3384 887 3455 typis
915 3400 1060 3440 anno
1088 3383 1224 3438 l600
1247 3384 1544 3439 ediderunt
1566 3385 1609 3438 ⁸.

477 3475 568 3530 111.
607 3476 664 3530 In
706 3475 850 3530 hanc
877 3475 1197 3546 Opinionem
1221 3475 1345 3529 veni
1397 3475 1487 3529 his
1515 3476 1670 3544 quasi
1699 3476 1982 3546 gradibus.

408 3564 803 3628 Animadverti,
870 3566 919 3618 l.
947 3565 1040 3618 ubi
1080 3573 1434 3618 recensentur
1463 3565 1590 3618 libri
1620 3565 1686 3620 de
1717 3567 1984 3637 theologia

409 3665 464 3710 et
513 3655 698 3710 divina
746 3655 1166 3719 incarnatione,
1230 3655 1436 3710 nullam
1482 3655 1599 3709 ﬁeri
1650 3657 1984 3712 mentionem

407 3762 635 3818 operum
671 3747 933 3802 adversus
956 3746 1334 3801 Macedonium
1356 3745 1848 3816 etApollinarium,
1874 3749 1985 3803 vel-

409 3847 470 3893 ut
494 3839 548 3892 in
579 3838 808 3908 epistola
837 3837 939 3892 115
965 3837 1032 3892 ad
1059 3847 1309 3894 sanetum
1343 3837 1606 3902 Leonem,
1640 3849 1774 3904 etc.;
1809 3840 1864 3893 2.
1890 3841 1983 3895 ubi

410 3939 771 3985 recensentur
809 3930 986 4000 Opera
1030 3929 1293 3984 adversus
1326 3930 1702 3986 Macedonium
1731 3942 1787 3986 et
1815 3933 1984 4002 Apol-

409 4023 665 4076 linarium
687 4063 699 4086 ,
737 4032 796 4076 ut
825 4023 878 4076 in
906 4023 1068 4092 epist.
1097 4021 1165 4076 8'2
1194 4020 1262 4076 ad
1287 4022 1585 4078 Eusebium
1611 4023 1982 4094 Ancyranum,

408 4121 466 4166 et
490 4112 593 4167 116
621 4111 687 4166 ad
716 4111 1008 4176 Renatum,
1055 4127 1165 4166 non
1196 4113 1488 4167 memorari
1523 4113 1694 4168 libros
1728 4114 1796 4169 de
1827 4115 1981 4169 theo-

410 4202 552 4273 logia
597 4211 654 4257 ct
691 4203 1105 4268 incarnatione;
1145 4203 1198 4258 5.
1240 4202 1434 4258 solitos
1459 4203 1624 4275 416
1648 4214 1862 4261 veteres
1880 4223 1982 4261 no-

411 4288 559 4344 mine
590 4289 875 4360 theologiaa
899 4289 1202 4346 inscribere
1249 4291 1443 4356 libros,
1472 4293 1675 4362 quibus
1704 4295 1982 4364 ὁμοουσιόο

408 4396 510 4452 της
529 4379 840 4435 divinarum
869 4394 1230 4451 personarum
1255 4382 1556 4453 probatur;
1593 4384 1648 4438 id
1679 4395 1894 4442 constat
1917 4405 1983 4444 ex

2091 3201 2266 3256 sicubi
2291 3201 2472 3255 alieno
2499 3200 2603 3254 sub
2628 3200 2852 3254 nomine
2876 3200 3062 3264 lateat,
3087 3200 3234 3270 quod
3259 3201 3534 3271 suspicor,
3558 3203 3686 3271 ipso

2088 3293 2357 3361 prodente
2387 3300 2732 3362 argumento,
2769 3292 3114 3362 deprehendi
3147 3292 3342 3363 possit.

2157 3381 2221 3435 ll.
2278 3381 2660 3436 Theodoretus
2716 3381 2921 3451 passim
2967 3381 3130 3436 docet
3177 3381 3232 3436 in
3267 3382 3541 3452 epistolis,
3580 3400 3688 3438 cur

2088 3474 2370 3544 scripserit
2397 3471 2661 3528 adversus
2682 3472 3036 3538 Marcionem,
3059 3483 3112 3527 et
3132 3489 3244 3544 quo
3266 3489 3445 3543 opera:
3465 3475 3680 3543 pretio:

2087 3575 2275 3620 narrat
2307 3566 2457 3620 enim
2491 3580 2590 3620 sua
2622 3566 2678 3620 in
2719 3567 3009 3636 parochia,
3057 3574 3188 3620 tunc
3216 3581 3342 3620 cum
3379 3566 3682 3636 regendam

2085 3658 2347 3727 suscepit,
2405 3657 2642 3728 viguisse
2690 3657 2986 3713 Marcionis
3030 3657 3302 3724 hazresin,
3360 3658 3686 3729 factumque

2085 3749 2202 3804 suis
2221 3749 2539 3811 sudoribus,
2577 3758 2743 3818 atque
2772 3751 2938 3805 etiam
2966 3758 3284 3804 sanctorum
3309 3750 3594 3820 precibus,
3620 3761 3686 3806 ut

2085 3835 2531 3892 Marcionitarum
2563 3836 2751 3891 decem
2784 3837 2952 3892 millia
2991 3837 3059 3892 ad
3087 3837 3248 3891 fidem
3282 3848 3682 3894 converteren-

2088 3937 2191 3984 tur.
2225 3928 2332 3985 Sed
2361 3929 2415 3982 in
2439 3929 2672 3983 Historia
2698 3929 2960 4000 religiosa,
2992 3929 3168 3999 capite
3187 3930 3276 3994 20,
3299 3930 3573 4000 prolixius
3597 3948 3686 3987 re-

2084 4019 2223 4084 fert,
2278 4020 2558 4090 quomodo
2599 4029 2916 4075 sanctorum
2943 4020 3204 4090 precibus
3255 4031 3464 4077 tantam
3497 4021 3566 4076 de
3599 4033 3683 4077 tot

2085 4112 2340 4166 hostibus
2371 4112 2659 4166 victoriam
2691 4111 3009 4181 reportarit.

2155 4202 2244 4256 111.
2301 4201 2720 4258 Observandum
2761 4218 2926 4272 porro
2971 4218 3265 4258 numerum
3326 4203 3684 4261 Marcionita-

2089 4312 2206 4350 rum
2237 4295 2306 4350 ad
2336 4304 2544 4350 rectam
2572 4295 2736 4350 fidem
2764 4310 3157 4350 conversorum
3182 4295 3466 4351 diversum
3494 4297 3682 4354 diver-

2086 4391 2162 4441 sis
2191 4385 2354 4458 417
2377 4386 2514 4441 locis
2540 4387 2643 4457 legi
2674 4405 2687 4440 :
2713 4386 2900 4439 Decem
2923 4391 2936 4405 '
2957 4387 3126 4441 millia
3149 4398 3204 4443 et
3226 4388 3465 4458 amplius
3481 4389 3688 4445 dicun-

407 4472 753 4528 orationibus
803 4471 1166 4538 Nazianzeni;
1203 4475 1256 4528 4.
1301 4475 1446 4544 apud
1490 4476 1714 4532 eosdem
1762 4490 1982 4535 veteres
2012 4483 2058 4541 Ι)
2086 4486 2174 4532 tur
2197 4493 2464 4532 conversa
2495 4478 2550 4532 in
2575 4479 2740 4548 epist.
2767 4479 2900 4543 HS;
2936 4479 2991 4532 in
3017 4477 3179 4547 epist.
3201 4479 3305 4533 115
3327 4479 3393 4533 ad
3421 4489 3678 4535 sanctum

408 4564 699 4635 theologia
721 4572 777 4619 et
801 4563 1087 4618 Trinitatis
1107 4565 1350 4628 nomina,
1374 4582 1498 4621 cum
1521 4567 1702 4637 agitur
1721 4569 1788 4624 de
1809 4570 1986 4636 libris,

407 4653 716 4724 promiscue
764 4654 1018 4724 usurpari
1074 4671 1087 4707 :
1139 4653 1192 4707 id
1219 4653 1425 4724 ubique
1475 4657 1677 4726 passim
1704 4661 1982 4725 occurrit;

407 4746 460 4806 5.
505 4745 751 4815 dialogos
789 4743 1055 4801 adversus
1078 4743 1459 4799 Macedonium
1491 4753 1547 4799 et
1580 4747 1982 4816 Apollinarium

408 4841 572 4901 atque
611 4834 778 4905 etiam
809 4835 1002 4889 Arium
1048 4835 1105 4888 in
1135 4833 1394 4888 omnibus
1424 4832 1539 4889 fere
1565 4836 1851 4894 codicibus
1880 4839 1986 4895 hoc

408 4924 572 4977 titulo
601 4923 874 4993 insigniri,
905 4928 1033 4998 περὶ
1061 4927 1158 4996 τῆς
1185 4927 1344 4996 ἁγίας
1366 4927 1617 4998 Τριάδος,
1648 4930 1737 4984 cui
1764 4941 1982 5001 poterat

407 5013 536 5067 addi
591 5023 817 5083 propter
844 5015 1090 5088 dialogos
1132 5019 1400 5074 adversus
1425 5019 1848 5090 Apollinarium,
1886 5023 1981 5076 καὶ

408 5105 557 5167 θείας
578 5103 1060 5176 ὲνανθρωπήσεως.

477 5191 564 5248 ιν.
619 5193 678 5248 ln
711 5196 1098 5265 manuscriptis
1125 5199 1341 5257 duobus
1366 5201 1671 5269 codicibus,
1714 5203 1981 5260 Vaticano

2088 4569 2329 4625 Leonem
2359 4569 2625 4626 duntaxat
2657 4571 2774 4641 plus
2799 4589 2961 4641 quam
2984 4571 3175 4625 millia.
3212 4572 3385 4627 Error
3417 4571 3472 4626 in
3496 4583 3683 4642 poste-

2086 4661 2293 4715 riorem
2318 4661 2501 4716 locum
2533 4661 2758 4732 irrepsit
2780 4664 2800 4694 τ
2829 4681 2842 4716 :
2871 4666 3111 4734 positum
3133 4663 3283 4719 enim
3308 4673 3394 4718 est
3413 4681 3426 4718 :
3448 4665 3680 4729 Πλεξους

2090 4751 2189 4823 μὲν
2217 4753 2251 4823 ἢ
2280 4752 2455 4822 χιλίας
2483 4754 2681 4824 ψυχάς,
2712 4770 2813 4825 pro
2855 4755 3073 4819 πλείους
3107 4757 3140 4828 ἦ
3174 4758 3374 4827 μυρίας
3401 4756 3601 4826 ψυχάς.

2158 4844 2245 4899 lV.
2280 4844 2399 4898 Non
2433 4859 2596 4899 nemo
2629 4846 2733 4900 sibi
2787 4847 3063 4916 persuasit
3095 4847 3372 4919 dialogum
3407 4848 3680 4904 adversus

2087 4935 2435 5000 Manichaaos,
2485 4937 2579 5007 qui
2613 4937 2760 4993 inter
2805 4954 2976 5009 opera
3013 4939 3335 4995 Damasceni
3371 4942 3674 5012 reperitur,

2087 5042 2361 5095 quemque
2389 5029 2634 5092 Iacobus
2673 5029 2862 5084 Billius
2902 5031 2958 5084 in
3007 5029 3262 5086 Latinum
3306 5033 3507 5097 vertit,
3551 5049 3678 5090 esse

2087 5131 2228 5184 opus
2269 5131 2300 5169 a
2333 5116 2686 5172 Theodoreto
2714 5120 2818 5174 sibi
2854 5120 3193 5174 vindicatum
3227 5140 3242 5174 :
3271 5121 3534 5175 utebatur
3558 5121 3674 5186 ille,

2089 5207 2156 5260 ad
2185 5206 2499 5276 opinionem
2532 5208 2878 5275 ﬁrmandam,
2905 5212 3159 5282 pluribus
3188 5213 3432 5282 quidem,
3460 5214 3557 5268 sed
3588 5212 3680 5269 bis

1742 5357 2052 5415 SCHULZII
2091 5358 2322 5416 NOTAE.

594 5531 1248 5620 ppquamtalisuexstitit
1271 5534 1601 5620 Theodoreti
1634 5537 1796 5620 liber,
1831 5540 2049 5620 qualem
2080 5541 2267 5620 Sixtus
2289 5543 2700 5620 Senensisloco
2733 5549 2799 5602 ad
2831 5549 2858 5620 ᾗ
2897 5550 2930 5605 5
2958 5550 3120 5606 allato
3155 5563 3572 5617 commemorat,
3602 5553 3674 5610 ad

409 5602 562 5687 illum
594 5602 776 5687 potius
797 5603 901 5687 hoc
931 5602 1313 5687 loco_spect_ari
1356 5606 1807 5687 existimaverim:
1838 5602 1903 5687 ξ’
1938 5611 2062 5666 Vid.
2105 5613 2266 5687 epist.
2310 5615 2429 5669 115.
2509 5617 2696 5672 “Hanc
2745 5602 3675 5678 seu‘iein’i'sﬁ"eib‘éﬁEEE'EEJaﬁii

409 5672 488 5762 19,
1030 5671 1410 5762 dissertationi
1430 5677 1708 5762 subjecta.
1732 5749 1766 5762 ﬂ
1789 5679 1807 5710 ⁷
1833 5679 2093 5762 Errorem
2126 5671 2182 5735 i'n
2212 5685 2299 5737 his
2336 5687 2522 5741 verbis
2567 5671 2689 5741 non,
2727 5671 3092 5762 agnoscimus,
3125 5671 3356 5762 utraque
3369 5671 3674 5751 venirt;

412 5757 665 5814 magnum
712 5757 997 5798 numerum
1022 5748 1330 5814 exprimere
1354 5753 1552 5816 potest.
1584 5748 1942 5805 Exactissima
1969 5759 2151 5806 autem
2169 5769 2275 5808 non
2300 5769 2440 5825 opus
2462 5764 2578 5812 erat
2600 5748 3030 5830 computatione.
