3886 6222
201 363 296 424 365

205 566 390 620 dubius
419 563 612 628 fuerit,
644 579 713 617 an
731 563 978 635 dialogus
998 565 1166 620 tribui
1193 548 1389 620 debeat
1409 568 1766 630 Damasceno,

208 663 414 726 propter
449 669 691 723 pugnam
723 653 988 710 doctrina:
1017 654 1084 709 de
1128 671 1320 725 pmna,
1355 672 1518 726 quam
1565 657 1767 712 daemo-

209 764 295 802 nes
315 747 492 810 luunt,
519 745 589 800 ab
622 761 687 800 ea
715 745 1008 809 diversam,
1038 763 1159 816 quae
1192 763 1352 818 paena
1399 747 1582 802 damni
1623 748 1766 802 dici-

211 851 306 892 tur.
333 837 454 891 Hmc
487 845 674 891 autem
714 846 800 891 est
843 837 1176 891 Theodoreti
1219 837 1488 893 doctrina.
1515 838 1568 891 2.
1610 837 1767 904 Quod

214 930 612 984 Manichaeorum
643 945 802 984 error
840 929 1033 984 eodem
1068 930 1288 1000 penitus
1321 931 1504 992 modo,
1538 929 1765 983 iisdem-

213 1037 304 1091 que
345 1021 455 1073 fere
494 1020 704 1082 verbis,
743 1021 798 1076 in
845 1022 1078 1090 dialogo,
1114 1029 1278 1090 atque
1308 1021 1362 1074 in
1403 1021 1544 1074 libro
1587 1020 1768 1088 primo

215 1116 577 1170 Ha’reticarum
647 1115 976 1183 fabularum,
1053 1113 1230 1182 capite
1289 1112 1376 1178 26,
1440 1121 1765 1181 esponatur.

215 1208 259 1260 ὃ.
282 1205 426 1272 Quod
453 1207 742 1276 dialogista
775 1207 842 1258 de
880 1215 1074 1259 natura
1112 1213 1168 1259 et
1208 1205 1416 1258 malitia
1454 1205 1764 1258 daemonum

216 1299 418 1369 perinde
446 1299 646 1352 sentiat
681 1304 845 1366 atque
879 1295 1278 1358 Theodoretus,
1318 1302 1432 1347 tum
1465 1293 1521 1346 in
1548 1293 1766 1362 exposi-

218 1392 343 1445 tione
365 1389 656 1451 Geneseos,
690 1398 807 1442 tum
838 1387 890 1440 in
926 1387 1162 1456 epitome
1225 1385 1538 1438 divinorum
1573 1385 1767 1439 decre-

217 1495 395 1535 torum.
445 1482 496 1535 4.
543 1480 699 1546 Quod
737 1479 962 1549 perinde
1002 1479 1208 1549 pariter
1230 1478 1296 1532 de
1322 1477 1576 1531 libertate
1616 1475 1768 1529 arbi-

218 1573 312 1625 trii.
330 1571 392 1626 Ut
410 1571 648 1624 rationes
668 1571 773 1624 illae
795 1587 902 1623 non
930 1571 1286 1624 vehementer
1304 1584 1389 1623 me
1409 1568 1764 1631 convincunt,

218 1664 279 1717 ita
305 1661 538 1717 sustineo
568 1661 894 1716 sententiam
924 1659 1165 1730 :judicet
1196 1659 1389 1713 lector.

546 1773 574 1843 §
615 1774 702 1828 IV.
727 1773 870 1843 Opus
905 1773 1152 1827 adversus
1184 1771 1410 1826 Judwos.

276 1891 311 1944 l.
344 1889 618 1944 Adversus
659 1887 878 1942 Iudaeos
929 1885 1212 1954 scripsisse
1281 1901 1340 1940 se
1384 1882 1764 1938 Theodoretus

216 1990 421 2039 testatur
455 1980 510 2034 in
547 1977 778 2046 epistola
810 1976 926 2035 H5,
956 1974 1024 2028 ad
1057 1984 1305 2028 sanctum
1337 1974 1610 2038 Leonem;
1641 1974 1760 2038 116,

212 2075 269 2135 ad
292 2075 587 2136 Renatum;
617 2080 673 2124 et
715 2069 837 2133 145,
878 2069 943 2122 ad
975 2069 1274 2122 monachos
1296 2068 1762 2136 Constantinopo-

211 2167 404 2218 litanos.
439 2163 492 2218 Si
519 2161 795 2231 singulare
825 2159 1096 2228 quoddam
1122 2174 1259 2228 opus
1307 2159 1592 2228 intelligat,
1628 2158 1764 2212 illud

209 2254 280 2307 rel
304 2254 513 2323 penitus
545 2251 772 2314 interiit,
805 2249 890 2304 vel
914 2249 1092 2303 alieno
1114 2248 1216 2302 sub
1236 2249 1460 2303 nomine
1485 2248 1624 2318 fugit
1641 2262 1765 2303 sen-

263 2437 324 2491 ll.
352 2436 484 2490 Cum
532 2441 917 2488 recenseretur
947 2431 1228 2500 Expositio
1269 2430 1527 2492 Danielis,
1561 2439 1762 2484 etcum

204 2529 485 2582 referretur
523 2523 902 2580 testimonium
936 2521 1285 2577 Hebcd-Jesu
1307 2520 1374 2574 de
1403 2519 1556 2574 libris
1581 2519 1763 2573 Theo-

200 2619 384 2681 doreti,
409 2618 522 2672 disi
553 2615 926 2686 videriposse
956 2615 998 2679 ⁸,
1035 2629 1174 2684 opus
1200 2653 1214 2677 ,
1268 2611 1414 2681 quod
1461 2627 1489 2664 a
1515 2609 1766 2663 Theodo-

201 2719 309 2765 reto
331 2709 592 2762 adversus
612 2706 832 2760 Iudaeos
872 2705 1235 2773 compositum
1254 2712 1358 2766 est,
1404 2718 1512 2756 non
1539 2701 1763 2756 diﬂ'erre

197 2818 226 2855 a
259 2798 676 2856 Commentariis
723 2798 780 2851 in
836 2796 1150 2858 Danielem,
1188 2804 1281 2847 aut
1311 2794 1475 2847 etiam
1522 2793 1579 2846 in
1629 2793 1764 2848 alios

197 2891 500 2960 prophetas.
557 2888 618 2942 in
656 2887 725 2942 iis
780 2895 927 2942 certe
967 2885 1055 2950 ﬁt,
1094 2885 1240 2954 quod
1279 2883 1660 2937 Theodoretus
1705 2897 1763 2936 se

195 2982 448 3037 adversus
487 2980 708 3037 Judaeos
755 2978 1103 3034 contendisse
1135 2983 1321 3030 narrat
1359 2975 1416 3028 in
1439 2974 1669 3044 epistola
1696 2974 1762 3028 ad

198 3070 482 3124 monachos
515 3067 1170 3136 ConstantinOpolitanos,
1206 3065 1272 3119 de
1305 3064 1522 3119 Christo
1568 3079 1763 3132 nempe

198 3159 329 3213 edita
353 3159 521 3214 fuisse
549 3146 943 3229 prophetarum
968 3155 1239 3210 vaticinia.
1269 3154 1393 3209 Scio
1418 3169 1526 3208 non
1552 3153 1758 3208 nemini

201 3251 384 3314 visum,
420 3251 948 3305 demonstrationem
1005 3248 1269 3302 adversus
1336 3247 1593 3305 Judreos,
1639 3259 1760 3314 qua:

200 3343 433 3397 estinter
460 3357 745 3396 sermones
789 3339 970 3394 Basilii
999 3337 1382 3399 Seleuciensis,
1407 3351 1528 3390 esse
1557 3335 1660 3389 hoc
1682 3335 1760 3404 ip-

203 3449 310 3486 sum
337 3449 494 3502 opus,
532 3431 680 3501 quod
723 3430 1102 3484 Theodoretus
1134 3425 1303 3482 tradit
1334 3441 1392 3480 se
1435 3434 1627 3480 contra
1660 3425 1756 3479 Ju-

203 3522 732 3592 deos‘composuisse
755 3521 795 3573 ’.
841 3520 978 3574 lluic
1001 3519 1245 3589 Opinioni
1289 3517 1433 3570 favet
1464 3516 1609 3586 quod
1644 3516 1761 3569 haec

205 3613 583 3668 demonstratio
610 3612 863 3667 videatur
895 3611 1096 3665 Basilio
1133 3609 1434 3678 supposita,
1462 3615 1517 3661 et
1557 3607 1759 3660 nihilo-

207 3701 369 3758 minus
401 3718 513 3756 non
547 3700 984 3770 improbabiliter
1031 3697 1220 3753 referri
1261 3707 1425 3768 queat
1468 3697 1535 3751 ad
1581 3695 1760 3766 quinti

208 3793 368 3847 seculi
417 3801 632 3863 partem
655 3836 669 3857 ,
718 3808 826 3861 qua
857 3791 1090 3846 Basilius
1119 3800 1174 3845 et
1206 3791 1584 3844 Theodoretus
1606 3789 1760 3841 vixe-

211 3892 337 3938 runt.
363 3885 565 3939 Verum
605 3882 1008 3938 hebdomadum
1045 3882 1262 3936 initium
1301 3898 1409 3935 non
1438 3880 1664 3949 perinde
1691 3877 1759 3932 ab

211 3981 419 4042 utroque
439 3973 699 4036 sumitur,
723 3987 900 4041 neque
924 3972 1087 4026 iidem
1109 3972 1233 4026 anni
1250 3971 1414 4042 518
1439 3971 1506 4024 ab
1526 3978 1760 4038 utroque

211 4072 486 4129 ponuntur,
522 4076 700 4131 neque
727 4062 900 4132 stylus
927 4061 1332 4115 Theodoretum
1364 4059 1522 4128 sapit.

513 4172 540 4244 §
570 4172 634 4227 Υ.
667 4172 808 4243 Opus
859 4172 1104 4226 adversus
1145 4170 1440 4242 Origenem.

269 4280 304 4333 l.
333 4281 518 4352 Neque
549 4280 929 4336 Theodoretus
966 4282 1198 4352 uspiam,
1228 4296 1403 4350 neque
1446 4281 1587 4334 ullus
1613 4290 1762 4334 vete-

214 4386 337 4435 rum,
362 4374 473 4428 imo
510 4387 614 4427 nec
658 4371 1026 4427 recentiorum
1060 4372 1259 4442 aliquis
1299 4371 1547 4425 meminit
1574 4371 1758 4440 operis

1373 360 1472 422 DE
1509 360 1765 424 LIBRIS
1792 361 2302 424 THEODORET‘I-

204 475 538 547 potissimum
601 472 956 544 argumentis.
1001 473 1052 527 1.
1091 472 1248 540 Quod
1293 473 1526 545 ipsemet
1574 475 1766 531 Billius
1795 482 1839 538 Α

1940 476 2028 530 Ill.
2087 474 2384 534 Observavi
2421 493 2605 550 porro,
2661 480 2808 551 quod
2863 482 3215 543 admonuisse
3265 489 3450 549 forsan

1863 565 2104 635 juvabit,
2133 566 2538 623 Theodoretum
2565 570 2810 641 magistri
2838 573 2922 626 sui
2950 576 3176 647 vestigia
3195 580 3275 634 sic
3303 597 3452 639 asse-

1869 664 2079 718 cutum,
2116 665 2174 709 ut
2204 657 2414 712 nullum
2448 659 2561 714 fere
2605 672 3012 731 argumentum,
3057 669 3202 737 quod
3236 673 3450 744 attigis-

1869 754 1972 809 set,
2027 746 2290 801 intactum
2347 749 2649 819 reliquerit.
2719 752 3090 812 Nihilominus
3134 760 3260 816 inde
3337 781 3449 820 non

1869 853 2093 892 moveor
2130 837 2196 893 ad
2221 840 2556 895 credendum
2579 843 2643 907 ¹¹,
2673 845 2816 913 quod
2850 847 3115 904 adversus
3156 851 3450 924 Origenem

1869 929 2152 999 scripserit
2180 948 2194 983 :
2223 946 2348 985 nam
2378 948 2502 987 eum
2540 949 2642 988 nec
2662 936 2805 991 inter
2832 939 3116 997 haereticos
3148 949 3446 1013 recensuit,

1869 1018 1979 1073 imo
1995 1023 2381 1077 annumeravit
2397 1023 2782 1080 haereticorum
2810 1029 3316 1101 impugnatoribus;
3349 1054 3450 1094 nec

1869 1110 2186 1168 durioribus
2230 1114 2413 1170 verbis
2445 1116 2728 1172 insecutus
2765 1128 2878 1184 est,
2920 1123 3079 1191 cujus
3118 1124 3195 1178 rei
3226 1141 3446 1182 causam

1869 1217 1992 1257 cum
2044 1203 2420 1274 inquirerem,
2472 1207 2810 1277 mirarerque
2870 1221 3093 1280 propter
3136 1222 3446 1284 temporum

1869 1294 2239 1348 conditionem
2270 1305 2326 1349 et
2356 1294 2796 1366 Origenislarum
2844 1299 2912 1352 ab
2941 1300 3323 1360 Alexandrinis
3347 1322 3446 1361 ve-

1867 1385 2166 1448 xationem,
2207 1402 2315 1439 non
2369 1386 2528 1439 aliam
2577 1388 3003 1456 probabiliorem
3045 1395 3245 1462 reperi,
3281 1411 3446 1464 quam

1869 1475 2015 1544 quod
2057 1475 2465 1542 Theodoretus,
2524 1487 2583 1531 ut
2614 1487 2734 1532 erat
2780 1483 3170 1536 monachorum
3204 1484 3447 1541 Orientis

1869 1566 2190 1620 ambitiosus
2210 1567 2437 1632 amicus,
2461 1578 2516 1623 et
2535 1569 2909 1641 Egyptiorum
2933 1560 3225 1640 praestitum
3254 1585 3445 1630 aucto-

1871 1658 2048 1712 ritatis
2082 1674 2189 1712 non
2224 1659 2676 1728 patientissimus,
2712 1678 2820 1716 non
2851 1679 3017 1718 ausus
3046 1673 3130 1718 est
3164 1667 3219 1720 in
3253 1665 3446 1737 Orige-

1870 1764 1998 1801 nem
2042 1749 2260 1814 invehi;
2307 1750 2565 1818 quoniam
2609 1751 2760 1805 visus
2810 1763 2956 1808 esset
3011 1764 3066 1808 et
3100 1772 3128 1808 a
3163 1757 3447 1812 monachis

1866 1838 2108 1892 Orientis
2155 1839 2482 1905 dissentire,
2528 1841 2672 1910 apud
2705 1857 2843 1910 quos
2880 1854 3000 1898 erat
3034 1845 3088 1898 in
3147 1847 3344 1916 pretio,
3389 1857 3447 1902 et

1865 1929 2246 1984 Alexandrinis
2285 1931 2566 1994 accedere,
2611 1947 2749 2000 quos
2786 1948 2909 1988 cum
2942 1936 3149 1992 Joanne
3180 1936 3443 1992 Hieroso-

1869 2019 2133 2089 lymitano
2176 2020 2230 2072 in
2285 2035 2446 2074 causa
2489 2020 2922 2091 Origenistarum
2970 2041 3241 2095 pugnasse
3271 2041 3442 2080 novo-

1866 2122 1965 2164 rat.

2102 2308 2128 2379 §
2165 2310 2251 2364 Vl.
2283 2311 2425 2365 Libri
2457 2312 2526 2364 ad
2558 2313 2869 2381 questiones
2909 2331 3206 2383 magorum.

1940 2482 1978 2534 Ι.
2014 2482 2408 2549 Responsiouis
2430 2482 2495 2536 ad
2521 2485 2748 2551 qmesita
2765 2500 3069 2555 magorum,
3095 2489 3188 2557 qui
3219 2497 3348 2544 sunt
3383 2493 3439 2548 in

1865 2570 2106 2631 Perside,
2137 2571 2386 2624 meminit
2416 2572 2616 2640 passim
2661 2573 3060 2640 Theodoretus,
3093 2578 3243 2633 velut
3271 2579 3326 2633 in
3349 2579 3441 2636 lit»

1868 2665 2001 2717 teris
2030 2665 2096 2718 ad
2132 2665 2428 2721 Eusebium
2474 2666 2821 2740 Ancyranum
2848 2671 2888 2700 ί·
2923 2689 2936 2723 :
2971 2690 2988 2722 ε
3017 2672 3275 2743 Mysticus
3301 2690 3442 2744 pras-

1866 2765 2012 2810 terea
2047 2757 2283 2826 scriptus
2316 2767 2398 2811 est
2423 2775 2452 2812 a
2476 2759 2638 2813 nobis
2664 2760 2825 2822 liber,
2857 2770 2912 2816 et
2935 2763 3026 2816 alii
3051 2763 3117 2816 de
3137 2765 3438 2820 Providen-

1867 2846 1962 2908 tia,
1997 2855 2053 2900 et
2075 2847 2140 2900 ad
2177 2849 2404 2917 quzesita
2436 2850 2453 2868 ⁶
2478 2863 2756 2917 magorum
2782 2851 2942 2914 alius,
2978 2861 3084 2906 etc.
3117 2853 3184 2906 Et
3206 2853 3274 2907 ad
3299 2853 3439 2910 Leo-

1866 2953 1989 2991 nem
2029 2937 2278 3007 Magnum
2305 2956 2318 2991 :
2355 2957 2372 2988 ι
2399 2937 2538 2993 Sunt
2564 2939 2718 3004 mihi,
2750 2957 2871 3010 qua:
2893 2943 3089 3011 partim
3115 2954 3239 2998 ante
3269 2961 3441 3001 annos

1865 3025 2080 3094 viginti,
2109 3027 2308 3096 partim
2352 3036 2476 3080 ante
2517 3029 2841 3092 octodecim,
2875 3031 3071 3098 partim
3105 3040 3230 3085 ante
3275 3033 3440 3100 quin-

1787 3139 1828 3194 ρ
1865 3115 2062 3179 decim,
2097 3117 2295 3185 partim
2333 3126 2459 3170 ante
2489 3118 2778 3172 duodecim
2810 3120 3040 3188 scripsi;
3068 3121 3313 3189 quzedam
3339 3121 3440 3176 ad-

1865 3222 2053 3260 versus
2091 3207 2324 3262 Arianos
2375 3214 2432 3262 et
2486 3208 2890 3271 Eunomianos,
2942 3211 3190 3278 quaedam
3247 3224 3440 3267 contra

1861 3296 2077 3351 Iudaeos
2095 3313 2157 3351 ac
2183 3298 2435 3367 gentiles,
2459 3297 2706 3365 quaedam
2731 3306 2922 3351 contra
2946 3313 3150 3368 magos,
3181 3301 3276 3369 qui
3309 3310 3441 3355 sunt

1863 3389 1916 3442 in
1939 3389 2180 3451 Perside,
2205 3408 2220 3438 ι
2241 3397 2346 3442 etc.
2369 3388 2545 3457 Atque
2570 3389 2623 3442 in
2643 3389 2873 3442 Historia
2892 3390 3258 3455 ecclesiastica,
3281 3392 3438 3456 lib.v,

1863 3494 1981 3548 cap.
2010 3479 2079 3532 '58
2117 3497 2130 3532 :
2164 3497 2181 3529 ι
2217 3477 2399 3547 Magos
2427 3489 2560 3532 vero
2605 3479 2784 3534 Persae
2815 3488 3016 3533 vocant
3041 3496 3168 3544 eos,
3197 3483 3292 3550 qui
3328 3481 3443 3536 ele-

1861 3578 2044 3623 menta
2094 3569 2227 3624 deos
2271 3569 2498 3632 faciunt,
2535 3571 2771 3638 quorum
2821 3585 2923 3625 nos
2982 3571 3195 3627 fabulas
3238 3572 3345 3626 alio
3381 3574 3439 3627 in

1861 3675 2028 3729 Opere
2063 3659 2436 3724 ostendimus,
2484 3660 2540 3713 in
2578 3675 2687 3728 quo
2726 3659 2794 3713 ad
2842 3662 3171 3730 quastiones
3219 3662 3440 3717 illorum

1861 3753 2188 3808 solutionem
2224 3752 2588 3806 attulimus".
2623 3771 2642 3803 ι

1937 3845 1998 3898 11.
2035 3845 2112 3898 Ex
2155 3843 2242 3896 his
2303 3849 2515 3896 constat
2555 3839 2960 3894 Theodoretum
3003 3841 3176 3910 magis
3215 3855 3441 3910 responc

1862 3935 2151 3997 dissc,non
2181 3942 2391 3987 tantum
2421 3940 2546 3985 ante
2565 3947 2766 3984 annum
2792 3931 2917 3994 456,
2953 3945 3061 3999 quo
3084 3946 3226 3983 anno
3256 3929 3439 3986 Histo-

1862 4025 1940 4077 ria
1956 4022 2255 4089 composita
2284 4027 2386 4082 est,
2413 4018 2508 4073 sed
2541 4018 2704 4072 etiam
2735 4027 2860 4071 ante
2877 4032 3080 4070 annum
3101 4015 3224 4078 457,
3259 4015 3310 4069 id
3331 4023 3436 4082 est,

1862 4110 2151 4166 duodecim
2176 4108 2335 4163 annis
2357 4116 2412 4161 et
2428 4107 2664 4177 amplius
2683 4115 2809 4160 ante
2826 4105 3008 4160 datam
3027 4105 3094 4158 ad
3112 4103 3276 4176 419
3301 4104 3440 4160 Leo-

1867 4220 1991 4258 nem
2029 4202 2278 4271 Magnum
2307 4199 2592 4269 epistolam
2621 4239 2635 4262 ,
2670 4198 2781 4250 imo
2805 4206 2931 4251 ante
2963 4211 3166 4253 annum
3189 4196 3314 4261 455,
3338 4195 3435 4265 qui

1861 4303 1944 4349 est
1972 4292 2331 4347 duodecimus
2355 4298 2479 4343 ante
2501 4289 2760 4356 scriptam
2791 4286 3030 4340 Eusebio
3063 4285 3374 4354 epistolam.

1930 4385 2018 4438 lll.
2048 4382 2178 4449 Quae
2202 4380 2408 4434 fuerint
2441 4391 2722 4446 magorum
2768 4375 3017 4446 quaesita,
3047 4374 3296 4428 divinare
3324 4387 3435 4427 non

217 4462 262 4516 in
293 4463 576 4535 Origenem
601 4465 917 4534 conscripti.
947 4463 1206 4534 Suspicor
1242 4463 1385 4532 apud
1430 4463 1594 4532 Syros
1620 4463 1756 4515 alte-
1790 4463 1833 4516 Ι)
1862 4473 2029 4537 licet;
2071 4479 2283 4525 constat
2313 4468 2672 4523 nihilominus
2706 4465 3011 4535 frequentia
3056 4465 3264 4530 fuisse;
3307 4479 3435 4518 nam

217 4551 311 4607 rius
338 4553 617 4624 cujusdam
661 4562 880 4624 partum
924 4553 1264 4623 suppositum
1309 4553 1476 4606 fuisse
1510 4551 1758 4606 Theodo-

214 4654 328 4709 reto,
357 4646 754 4715 deceptumque
789 4646 916 4700 inde
957 4646 1354 4700 Hebed-Jesum
1377 4645 1440 4696 ιο.

269 4736 327 4790 ll.
366 4737 598 4806 Scripsit
644 4737 900 4806 quidem,
936 4737 982 4791 si
1035 4737 1441 4793 Hebed-Jesum
1507 4736 1760 4791 audimus

213 4835 352 4897 atque
377 4829 694 4884 Liberatum
719 4870 734 4895 ,
771 4829 1036 4884 adversus
1068 4831 1391 4899 allegoricos
1440 4829 1762 4884 Theodorus

213 4915 624 4986 llopsuestenus,
657 4935 767 4974 non
800 4919 1006 4974 idcirco
1033 4928 1213 4976 tamen
1256 4921 1404 4973 credi
1437 4928 1616 4988 potest
1645 4935 1759 4973 ma-

215 5006 346 5074 gistri
396 5025 534 5078 Opus
566 5009 836 5064 tributum
879 5009 1178 5078 discipulo,
1224 5009 1492 5079 siquidem
1551 5009 1765 5064 llebed-

215 5096 321 5153 Iesu
349 5101 632 5170 utriusque
659 5102 845 5170 operis
882 5102 1150 5164 meminit,
1177 5109 1230 5156 et
1267 5101 1412 5172 quod
1446 5101 1763 5156 Theodore-

219 5199 306 5255 tus,
333 5201 388 5246 et
409 5193 558 5264 quod
575 5191 901 5247 Theodorus
926 5193 1300 5262 composuisse
1330 5191 1549 5248 dicitur.

1863 4573 1918 4617 et
1949 4562 2214 4616 Diodorus
2241 4559 2544 4623 Tarsensis,
2586 4566 2641 4611 et
2671 4556 2993 4613 Theodorus
3020 4555 3436 4623 Mopsuestenus

1867 4654 2130 4710 adversus
2162 4666 2346 4721 magos
2370 4649 2638 4720 ejusmodi
2662 4649 3034 4716 disputarunt.

1936 4745 2023 4798 lV.
2046 4743 2252 4812 Opinor
2278 4756 2410 4795 vero
2438 4757 2467 4794 a
2499 4740 2670 4808 magis
2691 4753 2799 4791 non
2825 4738 2970 4805 ipsos
2996 4735 3268 4798 doctores,
3297 4751 3435 4804 quos

1866 4833 2153 4903 appellavi,
2200 4830 2294 4885 sed
2333 4829 2673 4885 Christianos
2710 4827 2766 4879 in
2800 4824 3025 4879 Perside
3085 4823 3432 4888 exsistentes,

1869 4924 2228 4991 interrogatos
2254 4936 2394 4984 esse,
2425 4919 2520 4988 qui
2551 4927 2738 4986 utpote
2769 4915 3196 4987 neophyti,cum
3225 4916 3278 4969 in
3321 4917 3434 4972 sel-

1867 5013 2060 5068 vendis
2074 5010 2471 5082 quaestionibus
2496 5007 2825 5070 laborarent,
2847 5003 3089 5061 Orientis
3121 5007 3433 5076 magistros,

1869 5102 2070 5170 quippe
2114 5100 2427 5160 viciniores,
2467 5095 2850 5160 consulebant,
2891 5095 3024 5165 quid
3057 5096 3285 5151 moleste
3330 5094 3436 5151 sci-

1870 5193 2194 5248 scitantibus
2223 5187 2666 5260 respondendum
2695 5186 2841 5242 foret
2864 5188 2928 5241 ιδ.

1530 5347 1840 5402 SCHULZII
1873 5345 2100 5400 NOTAE.

273 5502 423 5577 ‘__Vid.
457 5522 722 5577 supra,p.
755 5505 878 5559 260.
920 5507 971 5577 4⁸
1005 5505 1128 5577 Eid.
1159 5504 1391 5577 Fabricii
1440 5503 1687 5577 Βίὸιὶοτιιἶ
1724 5501 1842 5566 Gr.,
1873 5500 2147 5577 vol._Vlll,
2166 5501 2369 5577 p_._l_'53.

219 5569 411 5644 f'ildem
440 5569 641 5631 statuit
667 5569 881 5630 Caveus
918 5575 972 5629 in
1007 5575 1142 5630 Hist.
1183 5574 1345 5628 litter.
1374 5575 1554 5644 script.
1584 5572 1784 5644 ρεθυιρεδ,
1813 5587 1866 5640 p.
1905 5572 2030 5644 226.
2106 5571 2149 5602 "
2170 5569 2297 5644 Vidi.
2331 5570 2489 5644 epist.
2520 5569 2608 5644 8?.
2690 5569 2732 5600 ⁸³
2756 5569 2907 5620 Adde
2945 5569 3128 5644 locum
3156 5578 3262 5642 ως

1331 5644 1373 5675 ⁸⁸
1403 5644 1461 5698 In
1481 5631 1639 5697 'hunc
1665 5631 1900 5697 indicem
1931 5642 2198 5696 librorum
2231 5631 2584 5701 Theodoreti,
2619 5652 2851 5706 quorum
2882 5635 2994 5689 sola
3013 5632 3298 5706 Amemoria
3355 5631 3438 5706 yi-

217 5638 311 5714 lin
339 5645 666 5701 Leviticum.
712 5644 832 5698 Vid.
896 5644 1241 5714 ι.1,ι).176.

1813 5587 1866 5640 p.
1905 5572 2030 5625 2'26.
2106 5569 2297 5626 u’Vid.
2331 5570 2489 5640 epist.
2520 5569 2608 5640 82.

2465 5501 2510 5533 ⁸ο
2538 5498 2660 5553 Vid.
2688 5512 2873 5566 supra,
2912 5512 2966 5565 p.
2992 5495 3115 5557 260,
3148 5493 3320 5548 schol.
3345 5494 3435 5548 η.

2690 5569 2732 5600 ⁸³
2756 5567 2907 5620 Adde
2951 5566 3128 5618 locum
3156 5578 3222 5616 ex
3240 5569 3441 5630 quaest,

212 5698 728 5791 deterit-superesse;
748 5698 1015 5791 referendi
1041 5698 1180 5768 'sunt
1204 5698 1301 5791 illi,
1333 5728 1566 5791 quorum
1607 5711 1810 5791 mentio
1870 5711 2009 5791 facta
2050 5721 2151 5791 est,
2182 5726 2238 5780 p.
2279 5698 2593 5791 chpubus
2630 5698 2979 5761 accensemus
3005 5698 3436 5759 Commentarios

208 5781 253 5836 in
280 5787 413 5839 varia
439 5779 659 5840 cantica
695 5783 994 5852 Scriptura:
1029 5797 1216 5846 sacrae,
1257 5782 1322 5836 de
1352 5779 1552 5851 quibus
1581 5781 1687 5834 vid.
1738 5780 2016 5844 Lambee,
2059 5781 2094 5832 1.
2128 5779 2204 5846 xv,
2239 5791 2294 5849 p:
2327 5779 2442 5832 176.
