3886 6222
349 324 450 388 36Ἰ

989 426 1216 483 CAPUT
1248 425 1315 480 X.

633 518 830 593 Opera,
864 534 981 590 qua:
1011 518 1261 573 Auctario
1298 517 1651 570 continentur.

426 611 469 668 Ι.
522 613 593 670 Ut
626 627 791 684 quam
820 609 1228 665 absolutissima
1268 606 1469 678 potuit,
1498 621 1729 677 Operum
1756 605 1939 660 Theo-

355 707 532 763 doreti
556 703 805 761 collectio
824 701 1093 773 prodiret,
1118 700 1235 755 visa
1260 706 1390 753 sunt
1412 698 1480 753 ad
1499 707 1738 769 quatuor
1761 706 1942 753 tomos

345 790 384 854 Et
433 788 728 853 Sirmondo
788 793 969 849 editos
1023 789 1295 857 addenda,
1352 805 1477 859 quae
1528 788 1938 852 desiderantur,

344 898 584 960 'quazque
633 893 934 959 potuerunt
976 881 1235 938 inveniri.
1272 881 1348 936 Ea
1375 896 1507 935 vero
1551 888 1679 935 sunt
1703 880 1941 936 duorum

354 994 616 1051 generum
656 996 669 1031 :
706 976 813 1030 alia
860 974 1008 1030 enim
1044 987 1327 1041 nunquam
1362 971 1633 1026 hactenus
1677 970 1943 1025 viderunt

356 1071 695 1137 lucem;alia
731 1067 995 1124 viderunt
1044 1065 1291 1138 quidem,
1322 1064 1419 1120 sed
1465 1065 1648 1119 alieno
1693 1063 1797 1118 sub
1842 1079 1943 1119 no-

354 1161 523 1214 mine.

322 1278 327 1281 -
424 1250 490 1304 ll.
531 1250 653 1304 Non
693 1250 875 1320 potuit
930 1257 1115 1303 autem
1173 1245 1394 1317 partitio
1446 1244 1643 1300 melior
1694 1243 1943 1299 Auctarii

356 1341 495 1406 ﬂeri,
529 1357 693 1413 quam
733 1357 855 1412 qua:
876 1341 983 1396 fuit
1027 1355 1257 1409 operum
1282 1354 1314 1393 a
1343 1338 1635 1393 Sirmondo
1661 1337 1940 1392 instituta.

356 1434 537 1501 Quare
582 1433 651 1489 ad
696 1433 945 1505 singulos
971 1440 1149 1487 tomos
1199 1430 1403 1500 aliquid
1432 1428 1675 1496 additur,
1721 1437 1946 1499 praeter-

357 1540 520 1595 quam
545 1523 613 1579 ad
637 1524 965 1589 secundum,
1002 1522 1100 1593 qui
1123 1522 1420 1592 prophetas
1445 1535 1638 1575 omnes
1666 1519 1945 1575 sexdecim

358 1615 742 1686 complectitur
769 1633 783 1683 ;
807 1630 935 1670 nam
957 1612 1354 1669 Commentarii
1377 1612 1432 1667 in
1467 1610 1684 1677 Isaiam,
1708 1611 1803 1682 qui
1835 1626 1946 1666 non

363 1707 635 1761 habentur
658 1706 879 1779 integri,
914 1705 1011 1762 sed
1038 1721 1105 1761 ex
1139 1704 1272 1760 solis
1306 1703 1529 1759 Catenis
1554 1703 1769 1758 collecti
1795 1713 1944 1769 sunt,

1196 314 1577 378 GARNERII
1612 312 2245 375 DISSERTATIONIS
2279 316 2336 375 ll
2374 316 2783 376 APPENDIX.

3522 315 3637 379 368

1967 428 2014 482 Α
2111 426 2201 481 lll.
2226 428 2444 497 Reliqui
2468 442 2599 497 ergo
2623 424 2756 480 tomi
2779 433 2891 478 tres
2924 438 3071 478 nunc
3090 430 3380 494 augentur,
3407 421 3506 477 sed
3529 425 3633 479 alii

2041 516 2281 584 parcius,
2310 517 2403 572 alii
2428 515 2725 586 copiosius.
2744 513 2825 569 Ad
2849 514 3014 585 primi
3032 515 3394 585 posteriorem
3420 523 3640 584 partem

2042 608 2255 663 accedit
2278 625 2346 665 ex
2391 608 2649 664 Vaticana
2678 607 3018 663 bibliotheca
3064 607 3315 663 nonnihil
3348 608 3642 677 pertinens

2043 696 2112 751 ad
2150 697 2425 764 Psalmos;
2457 715 2524 753 ex
2555 709 2763 761 nostra.
2802 697 3246 754 Commentarius
3273 696 3540 769 mysticus
3580 697 3642 752 in

2041 787 2265 844 Cantica
2309 790 2647 845 canticorum
2682 789 2724 821 ³⁸
2749 807 2764 855 ;
2791 789 2858 844 ad
2905 788 3054 845 tertii
3095 788 3466 859 posteriorem
3493 804 3642 858 quo-

2043 894 2150 948 que
2175 889 2408 950 partem,
2450 882 2696 953 epistolae
2724 881 2916 952 viginti
2954 890 3204 951 septem;
3255 881 3325 935 ad
3375 890 3643 953 quartum

2044 990 2326 1031 sermones
2360 985 2592 1045 septem,
2624 984 2680 1031 et
2702 984 2963 1031 tractatus
2983 974 3276 1041 undecim;
3303 991 3415 1030 non
3439 992 3642 1032 omnes

2046 1075 2229 1124 tamen
2274 1068 2507 1139 integri,
2551 1067 2647 1123 sed
2678 1068 2927 1122 nonnulli
2962 1068 3231 1123 duntaxat
3267 1069 3325 1123 in
3357 1068 3647 1139 fragmen-

2046 1156 2136 1211 tis.

2114 1250 2202 1305 Π.
2241 1249 2317 1304 De
2333 1251 2565 1322 singulis
2590 1250 2981 1307 additamentis
3003 1250 3303 1321 copiosius,
3329 1259 3390 1305 ut
3416 1250 3486 1305 de
3512 1250 3646 1304 aliis

2047 1340 2313 1413 Operibus
2357 1341 2559 1397 factum
2591 1342 2877 1408 hactenus,
2928 1341 3113 1397 dicere
3152 1341 3291 1395 nihil
3332 1340 3644 1395 admodum

2045 1436 2203 1506 juvat
2233 1452 2246 1489 :
2282 1434 2455 1490 satius
2476 1435 2625 1489 enim
2661 1433 2961 1504 unicuique
2986 1448 3304 1505 praeponere
3333 1448 3490 1487 suam
3512 1448 3650 1488 cen-

2050 1544 2256 1593 suram,
2296 1535 2566 1601 potasque
2613 1526 2950 1599 subjungere
2975 1567 2990 1591 ,
3031 1535 3197 1596 atque
3230 1526 3303 1580 ita
3343 1524 3645 1580 consulere

2050 1618 2273 1673 lectoris
2295 1617 2492 1681 labori,
2522 1630 2634 1687 quo
2659 1615 2941 1672 fastidiose
2964 1615 3213 1686 requirat
3238 1614 3457 1685 procul,
3494 1612 3648 1669 unde

2051 1718 2352 1779 praesentes
2387 1709 2561 1775 locos,
2589 1710 2635 1765 si
2656 1707 3031 1764 ditlieultatem
3061 1715 3271 1771 creent,
3295 1705 3518 1762 facilius
3553 1706 3647 1761 in-

364 1797 466 1853 (ιιεὶ
495 1796 815 1869 diligentius
831 1796 1131 1869 conquisiti
1154 1795 1283 1861 sint,
1318 1794 1552 1866 reperiri
1591 1804 1776 1850 tanton
1803 1812 1940 1851 nus—
1983 1787 2023 1840 Β
2055 1801 2273 1872 telligat.
2332 1800 2541 1856 Suﬂicit
2570 1816 2702 1869 ergo
2731 1800 2977 1855 Auctarii
3031 1798 3298 1872 syllahnm
3341 1797 3648 1862 exhibere,

365 1904 529 1959 quam
561 1897 878 1959 potuerunt.

2058 1891 2350 1948 recensitis
2369 1892 2672 1965 sigillatint,
2694 1906 2816 1963 qua
2870 1891 3103 1962 singulis
3144 1888 3307 1945 tomis
3338 1887 3649 1946 adduntur.

1713 2047 2040 2103 SCHULZII
2081 2047 2314 2103 NOTAE.

439 2144 483 2177 "
507 2142 630 2200 Non
660 2144 812 2200 stetit
840 2143 1145 2200 Garnerius
1179 2143 1487 2214 promissis.
1509 2143 1635 2199 Vid.
1667 2159 1722 2213 p.
1756 2143 1856 2197 ‘27!

1020 2502 2222 2621 DISSERTATIONIS
2310 2502 2557 2618 SEC
2582 2503 3008 2619 UNDXE

1668 2740 2327 2830 APPENDIX.

805 2943 893 3005 De
926 2944 1169 3021 septem
1206 2936 1480 3014 Dialogis
1510 2934 1809 2997 adversus
1834 2932 2119 3007 Ariamos,
2141 2932 2626 2997 Macedonianos
2665 2939 2723 2998 et
2747 2934 3239 3016 Apollinaristas.

1400 3211 1566 3284 420
1602 3215 2031 3279 ADMONITIO
2067 3217 2168 3276 AD
2201 3215 2625 3277 LECTOBEM.

446 3480 723 3537 Harduini
751 3480 915 3550 culpa
939 3478 1208 3535 accidisse
1234 3478 1478 3542 videmr,
1503 3485 1565 3532 ut
1588 3478 1717 3533 huic
1743 3478 2057 3533 tractationi
2088 3478 2299 3548 pariter
2321 3493 2385 3534 ac
2413 3473 2689 3546 sequenti,
2736 3488 2861 3543 quae
2888 3469 2957 3528 de
2985 3472 3092 3528 ﬁde
3118 3469 3455 3554 Theodoreti
3488 3488 3664 3543 expo-

377 3570 481 3633 nit,
515 3586 718 3626 nomen
739 3568 1155 3626 Dissertationis
1182 3569 1353 3623 tertia:
1402 3568 1817 3623 inscriberetur.
1844 3567 2300 3638 Prospicieudum
2324 3567 2428 3623 fuit
2453 3581 2523 3622 ne
2546 3564 2712 3637 hujus
2745 3565 2953 3620 erroris
2984 3562 3214 3633 vestigia
3238 3562 3295 3618 in
3316 3573 3507 3620 nostra
3536 3565 3661 3621 edi-

382 3660 524 3715 tione
547 3670 736 3716 essent
755 3659 1000 3730 reliqua;
1027 3666 1147 3715 erat
1164 3658 1315 3714 enim
1334 3657 1631 3713 admodum
1648 3658 2016 3724 molestum,si
2044 3657 2113 3713 ad
2143 3657 2586 3715 dissertationem
2605 3654 2822 3710 tertiam
2842 3655 3162 3711 remittendi
3183 3664 3371 3711 essent
3397 3656 3659 3713 lectores.

373 3746 564 3806 Visum
594 3761 679 3808 est
705 3752 889 3822 itaque
916 3752 1060 3807 hanc
1092 3750 1162 3806 de
1177 3749 1423 3821 quinque
1450 3748 1687 3821 dialogis
1713 3749 2098 3804 tractationem
2140 3747 2519 3805 dissertationi
2558 3746 2815 3802 secundae
2851 3746 3027 3802 instar
3071 3744 3407 3817 Appendicis
3430 3749 3665 3819 subjun.

370 3858 524 3915 gere.
562 3843 677 3899 Hoc
705 3843 999 3901 consilium
1022 3842 1332 3913 argumenti
1359 3840 1668 3897 similitudo
1708 3840 1994 3896 suadebat.
2031 3840 2241 3912 Dialogi
2262 3840 2410 3896 enim
2436 3839 2549 3906 isti,
2577 3853 2717 3909 quos
2737 3837 2963 3908 plurimi
2994 3838 3321 3904 Athanasio,
3355 3837 3667 3896 Garnerius

371 3935 744 4000 Theodoreto,
764 3934 999 3991 aliicum
1025 3934 1271 3999 Petavio,
1294 3932 1630 3989 Combeﬁsio
1650 3942 1708 3987 et
1734 3932 1975 4002 Dupinio
2008 3933 2218 3987 rectius
2247 3931 2484 3986 Maximo
2536 3929 2898 3986 vindicandos
2937 3946 3065 3985 esse
3108 3939 3391 4002 putarunt,
3417 3931 3531 3988 illis
3562 3949 3668 3989 an-

372 4026 701 4084 numerandi
723 4035 854 4081 sunt
876 4025 1054 4089 libris,
1085 4024 1155 4080 de
1179 4039 1417 4094 quorum
1443 4033 1671 4080 auctore
1690 4023 1874 4079 adhuc
1901 4023 2006 4079 sub
2030 4023 2216 4095 judice
2247 4023 2317 4078 lis
2338 4034 2442 4080 est.
2501 4023 2562 4078 ln
2603 4030 2752 4079 tanta
2795 4023 2979 4093 itaque
3001 4022 3339 4095 judiciorum
3363 4025 3665 4093 varietate,

371 4129 430 4178 et
449 4121 579 4192 quia
608 4120 912 4176 Garnerius
939 4119 1136 4191 peritis
1158 4119 1356 4173 harum
1386 4135 1573 4175 rerum
1601 4120 1828 4175 arbitris
1848 4120 2140 4174 veritatem
2169 4120 2501 4190 conjecturae
2545 4136 2658 4176 suae
2685 4120 3021 4191 persuadere
3044 4135 3155 4175 non
3179 4118 3373 4187 valuit,
3405 4120 3551 4177 hanc
3574 4122 3667 4176 in-

374 4206 740 4285 grediendam
771 4226 895 4268 esse
921 4212 1240 4282 putavimus
1266 4211 1435 4276 viam,
1468 4220 1550 4277 ut,
1584 4212 1766 4268 deleto
1788 4226 1954 4282 quem
1984 4211 2159 4265 editio
2188 4212 2342 4282 prior
2369 4212 2609 4268 habebat
2637 4214 2817 4278 titulo,
2847 4214 2991 4268 hanc
3039 4212 3426 4268 tractationem
3459 4212 3667 4271 inscri-

374 4309 633 4364 heremus
663 4303 1015 4375 Appendicem
1030 4317 1129 4358 seu
1151 4301 1609 4373 Supplementum
1639 4303 1708 4358 ad
1733 4304 2138 4359 dissertationis
2163 4303 2467 4374 superioris
2488 4312 2654 4375 caput
2678 4314 2953 4360 octavum.
2984 4305 3281 4361 Mutandus
3308 4322 3531 4377 quoque
3552 4306 3663 4362 fuit

374 4399 548 4464 locus,
578 4413 743 4469 quem
789 4396 988 4468 dialogi
1017 4396 1107 4452 isti
1139 4398 1195 4452 in
1215 4396 1458 4453 editione
1483 4397 1652 4468 priori
1681 4398 1960 4454 tenebant.
1996 4399 2143 4453 lnter
2171 4397 2314 4453 hanc
2341 4407 2397 4453 et
2426 4406 2749 4469 sequentem
2788 4400 3175 4456 tractationem
3231 4400 3395 4471 positi
3421 4401 3666 4470 prolixi—

378 4501 488 4549 tate
515 4506 614 4547 sua
668 4489 1032 4545 morabantur
1068 4488 1331 4543 lectorem
1364 4488 1421 4542 in
1448 4489 1856 4558 perlustrandis
1903 4488 1991 4543 his
2018 4488 2270 4544 Garnerii
2306 4488 2790 4544 dissertationibus
2814 4498 3147 4545 versantem.
3189 4490 3394 4545 Locum
3428 4491 3537 4545 illis
3559 4492 3664 4546 tle-

379 4583 497 4639 beri
528 4590 789 4654 putamus
814 4589 939 4653 post
981 4580 1427 4635 dissertationem
1450 4582 1839 4648 ultimam,seu
1862 4581 2134 4651 quintam.
2161 4580 2525 4654 Adjungimus
2574 4584 2758 4654 itaque
2792 4583 2916 4639 illo‘s
2952 4584 3322 4651 sermonibus,
3350 4600 3492 4655 quos
3526 4584 3668 4639 Gar-

378 4677 572 4733 nerius
601 4675 868 4731 Eutherio
895 4673 1170 4747 Tyanensi
1201 4672 1417 4729 tribuit.

451 4944 493 4998 ι.
523 4942 717 4998 Tradit
743 4943 1127 4999 Theodoretus
1165 4958 1224 4998 se
1256 4951 1449 4999 contra
1505 4942 1761 5008 Arianos,
1787 4943 1973 4999 Euno—
2001 4947 2046 5008 c
2076 4943 2213 5013 gias,
2247 4943 2568 5013 rabiemque
2623 4942 2941 5009 Marcionis,
2975 4943 3148 4998 libros
3177 4944 3308 4999 olim
3353 4949 3671 5017 composui.

383 5035 618 5097 mianos,
655 5034 1073 5091 Macedonianos
1104 5046 1159 5090 et
1186 5035 1607 5107 Apollinaristas
1637 5037 1965 5107 scripsisse;
2074 5046 2132 5091 et
2160 5036 2217 5091 in
2253 5036 2486 5107 singulis
2521 5035 2679 5091 libris
2726 5035 3163 5092 ecclesiasticum
3190 5038 3386 5109 dogma
3421 5057 3526 5110 per
3570 5042 3670 5098 Dei

382 5124 450 5179 ad
478 5138 686 5192 eosque
725 5123 919 5186 libros,
952 5140 1077 5178 cum
1110 5135 1486 5189 accusaretur,
1518 5126 1670 5180 velut
1697 5126 1765 5181 ad
1786 5135 1969 5181 certos
2073 5125 2304 5195 gratiam
2334 5125 2533 5180 elucet.
2556 5144 2573 5177 ι
2611 5125 2785 5197 Epist.
2814 5126 2919 5180 H5
2952 5144 2965 5179 :
3013 5145 3031 5177 ι
3052 5126 3252 5182 lubeat
3276 5130 3544 5187 sanctitas
3572 5150 3672 5189 ve-

384 5231 498 5273 suze
543 5215 670 5269 ﬁdei
714 5222 880 5270 testes
929 5225 1213 5284 provocat.
1272 5218 1445 5286 Epist.
1509 5216 1576 5271 82
1605 5234 1617 5269 :
1657 5235 1674 5268 ι
1707 5217 1838 5284 Quae
1871 5219 1969 5273 Dei
2072 5228 2184 5274 stra
2216 5235 2304 5273 me
2335 5219 2402 5273 ad
2430 5235 2528 5275 vos
2566 5221 2778 5285 venire,
2812 5230 2867 5276 et
2897 5220 3205 5277 doctrinam
3237 5204 3417 5278 meam
3449 5234 3674 5295 aposto—

385 5305 561 5377 gratia
619 5314 725 5368 est,
776 5313 834 5358 et
872 5303 1172 5374 prophetas
1204 5319 1395 5359 omnes
1426 5306 1843 5361 commentariis
1870 5323 1969 5361 ex-
2070 5309 2195 5365 licis
2248 5310 2496 5382 vestigiis
2547 5312 2905 5368 inhaerentem
2957 5314 3276 5369 ostendere.
3326 5314 3471 5371 Sunt
3518 5318 3672 5372 enim

384 5393 564 5465 posui,
598 5400 656 5448 et
700 5392 1048 5456 Psalterium,
1104 5400 1162 5446 et
1222 5392 1566 5462 Apostolum,
1622 5403 1677 5448 et
1706 5392 1970 5452 adversus
2073 5400 2229 5465 mihi,
2276 5417 2399 5470 qua:
2474 5404 2677 5473 partim
2742 5412 2869 5459 ante
2924 5420 3102 5459 annos
3178 5404 3397 5476 viginti,
3461 5409 3667 5477 partim

383 5482 618 5540 Arianos
667 5497 732 5538 ae
771 5480 1237 5547 Macedonianos,
1285 5491 1341 5536 et
1377 5482 1713 5551 Apollinaris
1755 5487 1971 5555 praesti-
2071 5499 2198 5547 ante
2253 5494 2581 5561 octodecim,
2633 5483 2835 5565 partim
2903 5505 3029 5551 ante
3089 5495 3408 5568 quindecim
3441 5501 3484 5566 ’,
3540 5515 3674 5572 par-

1734 5638 2052 5698 SCllULle
2093 5643 2321 5703 NOTAE.

456 5761 476 5793 ⁸
508 5759 657 5815 Part.
688 5767 810 5815 ante
839 5758 1020 5827 quind.
1048 5755 1173 5814 Περ
1200 5755 1426 5813 aberant
1455 5756 1523 5813 ab
1553 5757 1793 5815 editione
1822 5757 2021 5829 priori.
