3886 6222
213 345 311 410 369

876 349 974 414 DE
1018 353 1370 417 DIALOGIS
1402 358 1568 418 ADV.
1608 358 1958 433 ARIANOS,
2000 361 2603 437 MACEDONIANOS,
2639 365 2800 425 ETC.

3359 371 3464 433 370

214 463 302 517 tim
350 471 476 517 ante
515 461 675 535 421
707 462 998 521 duodecim
1048 468 1269 539 scripsi,
1300 470 1550 539 quaedam
1588 478 1783 527 contra
1812 476 1858 532 Α
1954 472 2039 528 Vi.
2072 472 2222 529 Hane
2253 490 2430 530 meam
2478 476 2808 531 sententiam
2843 484 2903 530 ut
2934 477 3061 531 aliis
3082 478 3462 547 persuadeam,

213 555 432 611 Arianos
476 564 534 610 et
583 555 975 620 Eunomianos,
1008 577 1025 609 ι
1061 567 1169 614 etc.
1222 561 1397 630 Epist.
1432 562 1572 617 “6:
1614 580 1632 613 ι
1685 561 1778 616 Li-

216 649 334 703 bros
373 647 570 717 scripsi
616 649 855 718 amplius
901 650 1124 721 triginta
1165 653 1431 709 adversus
1478 654 1671 710 Arium
1722 662 1778 708 et

219 737 528 794 Eunomium
561 779 578 803 ,
660 740 926 796 adversus
996 742 1327 799 Marcionem
1405 752 1464 801 et
1523 744 1780 801 Macedo-

216 831 375 893 nium,
411 849 430 882 ›
458 838 567 887 etc.
598 831 786 886 Etlib.
809 850 845 888 v
870 832 1252 891 Haereticarum
1282 836 1610 907 fabularum,
1638 852 1688 891 c.
1721 836 1779 901 2,

216 922 350 992 quod
394 929 479 976 est
526 921 595 977 de
659 922 797 978 Filio
832 925 1154 996 unigenito':
1192 944 1212 978 ι
1251 926 1360 982 Sed
1395 927 1464 983 de
1488 927 1558 983 iis
1587 943 1689 983 nos
1722 927 1781 982 in

220 1014 297 1078 iis,
325 1030 441 1084 qua:
467 1015 731 1070 adversus
762 1016 951 1070 Arium
981 1027 1036 1072 et
1066 1018 1397 1074 Eunomium
1420 1020 1743 1090 scripsimus
1763 1060 1777 1086 ,

220 1106 421 1175 copiose
467 1105 855 1161 disseruimus.
911 1126 929 1159 ›
964 1106 1033 1162 Et
1080 1123 1201 1179 cap.
1247 1125 1364 1179 seq.
1413 1111 1563 1180 quod
1598 1111 1780 1166 estde

221 1197 411 1267 Spiritu
458 1205 677 1261 sancto,
710 1199 870 1269 cuius
912 1214 1035 1253 cum
1066 1200 1412 1257 divinitatem
1457 1203 1776 1272 probasset:

228 1306 245 1339 ι
268 1289 330 1342 At
357 1289 522 1353 enim,
553 1288 764 1354 subdit,
791 1289 861 1345 de
885 1288 1094 1360 Spiritu
1139 1303 1332 1347 sancto
1359 1293 1627 1349 adversus
1662 1295 1781 1364 ejus

222 1381 379 1452 gratia
416 1381 716 1437 destitutos
758 1383 1048 1439 hereticos
1090 1391 1204 1439 tres
1248 1383 1421 1440 libros
1452 1386 1779 1455 conscripsi,

222 1478 273 1525 et
318 1485 786 1540 supervacaneum
841 1471 1101 1528 existimo
1152 1487 1465 1528 sermonem
1519 1473 1625 1528 hoc
1659 1474 1782 1530 loco

223 1561 535 1631 producere.
571 1582 591 1613 ›

284 1653 345 1706 Il.
368 1652 520 1708 Circa
548 1654 667 1710 haec
707 1655 1022 1710 testimonia
1071 1655 1308 1712 observo
1343 1674 1357 1711 :
1389 1658 1656 1722 Primum,
1687 1674 1780 1713 or-

224 1741 387 1796 dinem
414 1744 508 1810 qui
540 1743 594 1796 in
618 1743 978 1798 recensendis
1003 1744 1270 1813 operibus
1310 1755 1560 1799 servatur
1584 1745 1781 1801 adver-

1882 566 2234 623 ostendenda:
2283 576 2412 623 sunt
2444 568 2724 640 sigillatim
2776 584 2872 624 sex
2897 576 3083 639 partes
3110 569 3195 627 τί.
3237 569 3368 636 Quae
3410 580 3466 626 et

1883 658 2039 729 cujus
2090 660 2354 729 temporis
2410 660 2689 730 agitentur
2727 660 2785 714 in
2825 659 3057 730 dialogis
3094 661 3461 731 quaestiones;

1881 750 1937 804 2.
1968 764 2132 818 quam
2165 750 2412 805 incertus
2460 750 2629 805 fuerit
2672 752 2729 805 in
2767 751 2917 806 hunc
2964 766 3137 822 usque
3165 750 3312 806 diem
3364 768 3465 807 au-

1884 846 2030 904 ctor;
2056 839 2109 893 5.
2140 839 2288 909 quod
2308 841 2380 896 ab
2410 856 2519 895 uno
2537 856 2728 896 omnes
2749 841 2861 896 sint
2882 841 3172 911 compositi
3195 843 3283 909 ει.
3313 843 3467 913 quod

1886 945 2028 986 unus
2055 930 2146 985 ille
2170 940 2363 985 auctor
2392 931 2547 986 sitab
2575 931 2902 987 Athanasio'
2925 932 3209 999 diversus;
3231 932 3283 988 5.
3316 933 3462 1004 quod

1885 1030 2080 1076 auctor
2109 1020 2452 1093 dialogorum
2510 1025 2583 1079 sit
2614 1024 2869 1081 diversus
2926 1040 2956 1079 a
2996 1024 3230 1079 Maximo
3270 1041 3462 1081 mona-

1885 1110 2059 1179 clto‘;
2087 1112 2142 1166 6.
2177 1112 2326 1181 quod
2349 1128 2541 1168 omnes
2574 1130 2711 1184 quas
2749 1114 3134 1171 Theodoretus
3162 1116 3323 1173 libris
3348 1117 3465 1173 suis

1887 1200 2148 1256 adversus
2192 1200 2427 1256 Arianos
2450 1242 2464 1267 ,
2514 1201 2932 1256 Macedonianos
2959 1209 3015 1256 et
3042 1201 3464 1272 Apollinaristas

1886 1291 2111 1361 apponit
2140 1300 2298 1347 notas
2318 1332 2333 1357 ,
2362 1292 2449 1347 his
2476 1301 2688 1362 septem
2726 1290 2959 1362 dialogis
2981 1291 3227 1361 apprime
3262 1306 3466 1350 convc-

1889 1384 2063 1439 niant.

1893 1499 1921 1571 ξ
1966 1499 2005 1553 Ι.
2033 1497 2165 1564 Quae
2194 1508 2243 1553 et
2274 1500 2425 1571 cujus
2457 1499 2704 1622 {emi-07's
2738 1499 3071 1581 .quccstionc:
3110 1499 3376 1569 agitentur
3402 1497 3462 1553 in

2584 1586 2637 1622 ia
2664 1585 2798 1622 oars.

2584 1585 2798 1640 tatogrs.

1959 1661 1999 1715 l.
2037 1660 2097 1715 ln
2128 1660 2238 1716 illis
2261 1669 2473 1730 septem
2495 1658 2747 1731 dialogis,
2767 1669 2828 1714 ut
2850 1675 2917 1715 ex
2948 1660 3187 1714 lectione
3205 1663 3461 1727 apertum

1888 1757 1992 1817 est,
2025 1758 2265 1819 quatuor
2285 1749 2510 1804 omnino
2536 1754 2926 1817 oppugnantur
2959 1743 3224 1809 haeretici,
3264 1756 3463 1812 nempe

225 1849 305 1887 sus
330 1832 569 1897 Arianos,
595 1832 1004 1888 Macedonianos
1028 1842 1075 1888 et
1094 1833 1531 1905 Apollinaristas.
1550 1836 1779 1901 Deinde,
1812 1832 1855 1887 Β
1883 1840 1938 1894 in
1983 1840 2200 1895 duobus
2248 1837 2528 1910 prioribus
2572 1836 2764 1893 Aetius
2797 1846 2963 1908 atque
3007 1834 3331 1898 Eunomius,
3364 1831 3462 1902 qui

223 1925 392 1979 Arium
437 1939 563 1979 cum
600 1924 875 1980 Eunomia
923 1925 1112 1996 jungi,
1171 1924 1407 1981 Arianos
1436 1942 1562 1981 cum
1593 1926 1780 1981 Euno-

225 2011 420 2075 mianis,
445 2011 500 2065 id
531 2020 638 2077 est,
662 2027 788 2066 cum
807 2011 960 2082 puris
987 2010 1230 2077 Arianis,
1261 2012 1358 2081 qui
1378 2012 1630 2067 Anomtei
1648 2012 1780 2067 dicti

226 2113 362 2159 sunt.
387 2104 592 2166 Tertio,
625 2112 745 2159 tres
770 2103 945 2159 libros
964 2103 1228 2159 adversus
1255 2103 1782 2159 Pneumatomachos

224 2194 488 2250 haretieos
517 2209 549 2249 a
577 2194 931 2250 Theodoreto
985 2209 1105 2249 esse
1133 2194 1491 2264 conscriptos.
1552 2192 1778 2260 Quarto,

223 2287 601 2356 praestigiarum
619 2285 955 2356 Apollinaris
977 2284 1198 2340 nomine
1225 2285 1453 2355 intelligi
1477 2285 1777 2355 captiones,

222 2378 461 2443 fallacias,
491 2378 845 2447 rationesque
866 2377 1214 2447 sophistieas.
1238 2377 1442 2446 quibus
1469 2377 1561 2432 ille
1590 2377 1775 2433 homi-

220 2484 310 2524 nes
335 2469 513 2524 minus
538 2468 789 2523 eruditos
817 2468 1071 2537 decipere
1102 2468 1332 2523 solebat.

279 2557 363 2611 ιιι.
384 2557 644 2624 Quamvis
678 2557 748 2612 de
798 2557 885 2611 his
911 2557 1070 2612 libris
1098 2557 1365 2614 adversus
1385 2556 1638 2623 Arianos,
1668 2558 1780 2613 Ma-

219 2649 533 2705 ccdonianos
545 2659 604 2704 et
617 2649 1038 2719 Apollinaristas
1053 2649 1431 2705 Theodoretus
1449 2659 1557 2704 tam
1588 2658 1779 2720 aperte

216 2743 477 2813 loquatur;
509 2758 691 2813 neque
722 2742 955 2798 Photius
983 2751 1186 2809 tamen,
1214 2758 1394 2812 neque
1413 2742 1776 2812 Nicephorus,

218 2849 379 2903 neque
407 2834 574 2897 ullus,
605 2834 756 2904 quod
808 2835 997 2899 sciam,
1029 2843 1279 2890 veterum
1312 2834 1645 2889 mentionem
1679 2849 1778 2889 eo-

218 2940 327 2978 rum
354 2924 501 2980 fecit.
552 2926 669 2979 [mo
697 2940 811 2983 non
852 2925 1076 2981 memini
1120 2941 1209 2980 me
1264 2927 1480 2996 legere,
1524 2927 1776 2982 etiamin

215 3015 436 3082 Catenis,
467 3017 774 3087 quidquam
804 3017 931 3072 inde
956 3017 1291 3087 productum
1321 3036 1334 3071 :
1367 3019 1582 3074 tametsi
1612 3034 1779 3089 opor-

221 3109 370 3163 tuerit
394 3109 876 3164 elucubratissima
904 3124 1022 3165 esse
1057 3124 1228 3179 opera
1260 3150 1276 3175 ,
1329 3125 1451 3179 quae
1481 3117 1635 3165 tanto
1665 3127 1780 3165 am-

219 3198 322 3253 bitu
352 3199 734 3256 Theodoretus
762 3199 1113 3269 depraedicet.

274 3292 513 3347 114]ch
540 3308 670 3348 cum
702 3292 968 3346 attentius
994 3291 1395 3362 perpenderem
1423 3293 1782 3362 mirarerque,

219 3384 353 3438 venit
380 3384 437 3438 in
485 3392 731 3438 mentem
762 3382 1065 3453 inquirere,
1096 3400 1164 3437 an
1194 3383 1539 3438 interiissent
1573 3383 1662 3438 illa
1686 3399 1785 3453 pe-

219 3475 372 3541 nitus,
412 3484 475 3530 ut
507 3475 647 3529 nihil
687 3475 930 3544 supersit
948 3482 1148 3543 praeter
1170 3474 1528 3541 memoriam;
1556 3491 1625 3529 an
1649 3474 1788 3529 inte-

219 3581 301 3635 gra
326 3567 561 3622 laterent
588 3565 817 3630 alicubi,
842 3564 938 3620 sed
968 3565 1150 3619 alieno
1165 3565 1269 3619 sub
1290 3564 1532 3620 nomine.
1565 3566 1785 3620 Postre-

220 3674 354 3713 mum
389 3659 445 3715 id
476 3658 618 3713 mihi
673 3658 855 3713 visum
898 3665 983 3711 est
1032 3656 1378 3721 credibilius,
1438 3672 1609 3726 reque
1657 3655 1787 3710 dili-

220 3752 420 3821 gentius
458 3765 703 3821 expensa
732 3749 1001 3813 conclusi,
1034 3747 1282 3817 dialogos
1331 3747 1456 3802 illos
1497 3756 1709 3817 septem
1741 3749 1783 3813 ⁸,

220 3843 301 3912 qui
325 3844 683 3914 reperiuntur
708 3842 767 3896 in
798 3848 944 3895 tomo
989 3841 1234 3896 secundo
1257 3840 1498 3909 Operum
1538 3839 1785 3894 Athana-

222 3936 302 4000 sii,
329 3936 532 4006 quique
562 3935 634 3990 ab
664 3934 789 3989 aliis
813 3932 1134 3997 Athanasio,
1156 3932 1224 3987 ab
1252 3931 1374 3985 aliis
1403 3931 1634 3985 Maximo
1672 3946 1789 3985 mo-

222 4026 380 4081 nacho
419 4026 762 4089 tribuuntur,
802 4037 912 4077 non
945 4021 1194 4075 diversos
1233 4035 1354 4075 esse
1386 4036 1414 4073 a
1454 4019 1614 4074 libris
1649 4034 1788 4089 quos

222 4117 588 4174 Theodoretus
632 4132 694 4172 se
753 4115 1019 4172 adversus
1051 4114 1288 4169 Arianos
1316 4154 1330 4178 ,
1393 4113 1785 4180 Eunomianos,

223 4209 737 4279 Macedonianosquc
781 4216 837 4263 et
888 4206 1309 4277 Apollinaristas
1346 4205 1636 4276 scripsisse
1669 4222 1786 4261 me—

223 4312 403 4358 morat.

282 4394 341 4449 V.
391 4394 451 4448 In
489 4393 638 4447 hanc
670 4390 986 4461 opinionem
1029 4390 1153 4445 veni
1209 4389 1297 4443 his
1344 4388 1456 4445 fere
1503 4389 1782 4458 gradibus.

1882 1932 2273 1987 Anomteorum
2300 1938 2589 2001 parentes;
2622 1928 2681 1983 in
2706 1929 2894 1993 tertio,
2933 1935 3089 1982 sexto
3116 1934 3173 1981 et
3201 1924 3461 1994 septimo,

1882 2021 2251 2087 Macedonius,
2282 2020 2376 2090 qui
2408 2018 3036 2075 Pneumatomachorum
3076 2015 3369 2086 princeps;
3402 2013 3458 2069 in

1882 2112 2111 2181 reliquis
2142 2110 2392 2176 duobus,
2445 2108 2839 2180 Apollinarius,
2872 2115 2969 2163 aut
3011 2104 3459 2176 Apollinariipo-

1883 2202 1992 2257 tius
2028 2210 2347 2267 sectatores,
2373 2215 2608 2272 quorum
2636 2199 2862 2271 triginta
2889 2199 3116 2270 argutia:
3136 2196 3310 2253 forma
3346 2197 3457 2267 syl-

1880 2294 2128 2366 logistica
2165 2302 2570 2365 proponuntur,
2610 2300 2669 2348 et
2712 2292 2783 2346 ab
2810 2290 3119 2347 orthodoxe
3140 2290 3456 2345 solvuntur.

1948 2386 2014 2439 ll.
2056 2385 2116 2439 In
2168 2384 2350 2455 primo
2379 2383 2616 2454 agitatur
2656 2382 2841 2437 obiter
2863 2380 3256 2435 Anomceorum
3305 2392 3461 2447 quae-

1880 2480 1986 2534 stio
2006 2478 2074 2533 de
2107 2476 2422 2548 cognitione
2444 2476 2565 2541 Dei,
2592 2475 2679 2530 An
2712 2473 2928 2545 perinde
2963 2474 3029 2527 sit
3058 2482 3210 2526 notus
3239 2469 3459 2533 homini,

1879 2572 2043 2625 etiam
2072 2569 2308 2632 mortali,
2339 2586 2401 2623 ac
2427 2568 2539 2639 ipse
2574 2568 2673 2622 sibi
2695 2583 2714 2621 :
2744 2575 2859 2620 tum
2891 2564 3184 2635 diligenter
3212 2563 3461 2633 disputa-

1880 2670 1967 2716 tur
1985 2661 2062 2716 De
2087 2662 2325 2732 Ingenito
2362 2669 2411 2713 et
2449 2659 2655 2715 Gcnito.
2674 2657 2805 2724 Quae
2825 2656 2948 2711 duze
2973 2654 3304 2725 quaestiones
3330 2665 3463 2710 oro-

1878 2755 1965 2810 cul
1994 2754 2164 2809 dubio
2189 2753 2255 2807 ad
2281 2752 2444 2807 ﬁnem
2469 2750 2654 2822 quarti
2691 2748 2897 2813 smculi,
2921 2745 3212 2818 quintique
3242 2743 3464 2798 initium

1877 2856 2125 2918 spectant
2162 2853 2334 2901 :sunt
2377 2845 2527 2899 enim
2558 2850 2721 2897 motae
2774 2841 2853 2895 ab
2887 2839 3053 2896 Aetio
3087 2847 3144 2892 et
3193 2836 3462 2892 Eunomio

1876 2939 2327 3009 Aetiidiscipulo,
2350 2951 2585 3007 quorum
2623 2944 2942 3005 postremus
2982 2930 3122 2986 obiit
3148 2925 3459 2983 ann0~592u

1876 3046 2223 3102 quorumque
2247 3024 2809 3085 sectatoresAnemoei
2829 3023 2961 3077 dicti
2984 3028 3134 3077 sunt.
3164 3020 3275 3073 Hos
3296 3028 3463 3087 porro

1886 3123 2120 3178 Basilius
2149 3121 2252 3176 sub
2279 3119 2504 3174 nomine
2526 3116 3017 3176 Eunomianorum,
3057 3108 3464 3180 Gregoriusquo

1889 3215 2168 3285 Nyssenus
2198 3220 2254 3266 et
2287 3211 2713 3281 Chrysostomus
2745 3205 2861 3260 sub
2906 3204 3130 3258 nomine
3168 3200 3464 3254 Arioniam-

1850 3324 1855 3331 ·
1890 3321 2012 3360 rum
2051 3304 2425 3360 confutarunt.
2462 3298 2683 3369 Dialogi
2717 3299 2828 3353 duo
2858 3296 3097 3367 priores,
3145 3293 3215 3347 de
3261 3289 3466 3361 quibus

1890 3408 2071 3449 sermo
2096 3400 2199 3456 est,
2224 3406 2349 3445 eum
2395 3389 2677 3445 Anomoeis
2699 3387 3006 3453 habentur;
3041 3400 3165 3456 qua:
3192 3390 3340 3440 secta
3361 3380 3466 3436 fuit

1889 3481 1995 3537 illis
2021 3481 2359 3551 temporibus
2386 3480 2695 3536 notissima.

1955 3574 2046 3629 lli.
2080 3574 2141 3628 In
2168 3572 2350 3638 tertio,
2389 3581 2546 3627 sexto
2570 3582 2627 3627 et
2654 3571 2911 3641 septimo,
2938 3569 3015 3623 De
3040 3564 3466 3639 Spiritussancti

1888 3664 2180 3726 divinitate,
2194 3670 2350 3732 atque
2364 3662 2524 3715 etiam
2541 3659 2734 3715 Christi
2749 3661 2951 3723 anima,
2970 3656 3341 3713 controversia
3353 3669 3468 3709 mo—

1887 3762 2065 3808 vetur.
2080 3753 2211 3818 Qua:
2232 3751 2354 3806 dua:
2373 3750 2707 3819 qumstiones
2725 3748 3027 3804 Macedonii
3062 3757 3191 3803 sunt
3211 3746 3463 3816 propriae,

1888 3851 1949 3898 ut
1989 3844 2192 3913 partim
2232 3858 2301 3898 ex
2344 3842 2467 3896 aliis
2507 3840 2872 3910 scriptoribus
2897 3881 2921 3904 ,.
2948 3841 3148 3910 partim
3180 3857 3249 3894 ex
3293 3840 3465 3895 Mario

1885 3932 2190 3989 Mercatore
2238 3934 2523 3988 discimus.
2564 3932 2712 3987 Vixit
2746 3940 2932 3986 autem
2978 3931 3332 3985 Macedonius
3361 3929 3465 3985 sub

1888 4025 2052 4081 ﬁnem
2067 4025 2257 4096 quarti
2288 4025 2473 4080 saeculi
2510 4043 2521 4078 :
2554 4023 2840 4094 depositus
2863 4029 3014 4077 certe
3047 4029 3132 4075 est
3163 4035 3310 4074 anno
3337 4020 3464 4085 560;

1887 4125 1943 4172 et
1975 4117 2267 4171 damnatus
2300 4115 2357 4169 in
2393 4115 2632 4170 concilio
2661 4130 2700 4168 ιι
2748 4112 3114 4177 ωοιιιηθηίοο,
3147 4126 3293 4166 anno
3335 4110 3462 4166 58f:

1888 4206 2123 4261 Hazresis
2146 4214 2330 4260 tamen
2361 4204 2539 4275 viguit
2573 4203 2755 4258 adhuc
2802 4212 3024 4272 postea,
3075 4209 3133 4255 ut
3168 4214 3466 4255 exconse-

1887 4299 2172 4370 quentium
2188 4306 2500 4367 temporum
2523 4295 2753 4352 historia
2771 4302 3004 4359 constat,
3028 4308 3339 4364 quanquam
3364 4293 3469 4346 mi-

1887 4406 1991 4449 nus
2021 4390 2307 4445 turbarum
2332 4390 2591 4445 excitavit
2617 4397 2741 4458 post
2761 4402 2967 4442 annum
2986 4385 3110 4440 450.

225 4484 580 4541 Animadverti
604 4483 869 4554 primum,
886 4497 1008 4551 quae
1037 4483 1092 4537 in
1114 4481 1344 4551 singulis
1374 4480 1606 4550 dialogis
1633 4496 1783 4550 quee-
1816 4509 1863 4567 ι)
1958 4482 2046 4536 ιν.
2077 4481 2137 4536 In
2162 4487 2359 4551 quarto
2382 4489 2440 4535 et
2462 4479 2656 4549 quinto
2681 4476 2953 4532 refellitur
2986 4476 3211 4530 hzeresis
3232 4473 3465 4567 Ariano~

225 4576 411 4632 stiones
439 4583 815 4631 moverentur.
852 4572 1013 4638 Tum,
1044 4587 1210 4642 quam
1240 4571 1491 4626 incertus
1525 4571 1694 4626 fuerit
1728 4570 1785 4624 in

226 4668 353 4723 hunc
387 4684 567 4739 usque
612 4667 759 4723 diem
815 4665 1059 4737 ipsorum
1107 4672 1319 4720 auctor.
1354 4664 1583 4728 Postea,
1615 4679 1785 4719 unum

226 4774 327 4815 esse
352 4762 599 4816 omnium
628 4768 932 4815 auctorem.
962 4756 1190 4821 Deinde,
1218 4757 1368 4810 hunc
1404 4764 1685 4811 auctorem
1717 4756 1786 4811 ab

228 4850 502 4907 Athanasio
522 4850 768 4914 diﬂ'erre,
799 4858 964 4920 atque
987 4849 1155 4903 etiam
1177 4863 1206 4902 a
1237 4847 1471 4902 Maximo
1490 4847 1782 4902 monacho.

230 4942 471 5014 Denique,
501 4959 614 4998 non
648 4943 818 4997 alium
846 4940 1071 4996 omnino
1098 4954 1240 5003 esse,
1273 4953 1436 5008 quam
1475 4938 1786 4993 Theodore-

231 5041 349 5101 tum,
378 5034 830 5106 quandoquidem
859 5046 1069 5095 omnes,
1096 5045 1232 5099 quas
1260 5029 1373 5083 suis
1408 5028 1565 5082 libris
1589 5028 1783 5083 adver-

230 5142 309 5181 sus
326 5128 573 5192 Arianos,
605 5124 1028 5182 Macedonianos
1066 5132 1123 5178 et
1164 5120 1584 5191 Apollinaristas
1614 5136 1785 5190 appo-

231 5218 296 5272 nit
341 5219 500 5291 422
548 5226 750 5281 notas,
802 5215 1048 5284 apprime
1095 5212 1427 5268 conveniant
1456 5211 1542 5265 his
1573 5220 1782 5281 septem

230 5308 451 5382 dialogis,
478 5325 720 5381 quorum
754 5307 997 5376 quinque
1028 5305 1349 5361 Theodorus
1379 5304 1537 5369 Bcza,
1571 5302 1784 5357 Sculte-

229 5410 298 5459 tus
316 5404 453 5460 duos
477 5404 713 5460 Latinos
739 5399 873 5455 fecit
888 5400 929 5453 ³.

1891 4588 2033 4638 rum,
2084 4587 2299 4627 necnon
2334 4569 2894 4641 ,Apollinaristarum,
2946 4567 3014 4622 de
3052 4566 3231 4621 Verbo
3278 4560 3467 4618 divino

1887 4664 2151 4734 fungente
2171 4662 2387 4717 vicibus
2416 4660 2472 4715 in
2494 4659 2731 4731 .Christo
2766 4658 2882 4713 sive
2913 4656 3084 4711 totius
3117 4653 3337 4716 animm,
3369 4652 3465 4721 qui

1887 4754 2217 4809 Arianorum
2256 4768 2447 4818 error;
2475 4751 2589 4806 sive
2616 4748 2786 4804 solius
2809 4747 3030 4809 mentis,
3061 4744 3157 4815 qui
3183 4742 3465 4813 Apollina~

1889 4849 1977 4903 rii.
2012 4846 2105 4902 Ha:
2142 4846 2265 4901 dua:
2314 4845 2646 4916 quaestiones
2697 4841 2801 4897 sub
2850 4839 3015 4894 tinem
3057 4836 3238 4908 quarti
3277 4833 3466 4889 sazculi

1892 4948 2029 4994 ortte
2096 4945 2255 5001 sunt,
2307 4946 2366 4991 et
2411 4936 2714 4998 damnatae,
2770 4932 2827 4986 in
2881 4929 3116 4985 concilio
3159 4926 3382 4998 quidem
3436 4941 3467 4980 a

1891 5029 2051 5102 423
2098 5030 2353 5084 Patribus
2394 5021 3019 5094 Constantinopolitanis
3043 5035 3189 5076 anno
3228 5018 3323 5108 581
3338 5057 3384 5108 ,Η
3409 5018 3505 5108 in‘

1887 5120 2047 5174 libris
2085 5126 2268 5172 autem
2311 5116 2381 5170 ab
2427 5111 2764 5177 Athanasio,
2808 5111 3181 5173 Nazianzeno,
3222 5106 3463 5177 Cyrillo,

1889 5213 2119 5282 aliisque
2146 5209 2333 5280 quarti
2359 5207 2609 5278 quintive
2630 5205 2835 5261 saeculi.

1959 5305 2023 5357 γ.
2075 5300 2452 5357 Animadverti
2515 5297 2716 5354 deinde
2777 5295 3077 5352 recensitos
3137 5292 3465 5363 quzestiones

1890 5409 2045 5448 suam
2076 5390 2356 5456 habuisse,
2392 5405 2555 5460 quam
2588 5395 2865 5459 gererent,
2887 5394 3124 5448 aetatem,
3168 5381 3464 5451 tandiuquc

1544 5508 1854 5567 SCHULZII
1895 5505 2125 5562 ΝΟΤΛΕ.

269 5636 287 5667 ²
313 5635 452 5692 Solis
477 5629 830 5704 conjecturis
854 5630 968 5683 haec
999 5629 1185 5704 opinio
1214 5628 1425 5682 nititur.
1451 5626 1581 5692 Quae
1600 5626 1666 5704 ﬁsi
1701 5626 1913 5704 codicis
1939 5621 2219 5693 cujusdam
2243 5619 2581 5704 auctoritate
2617 5627 2712 5670 aut
2727 5613 3113 5704 gilllqjlllonl‘t‘llll‘

211 5681 1224 5770 calculo-exornariposset,maiorem
1256 5681 1567 5770 mererewtur
1593 5696 1774 5770 ﬁdem.
1812 5697 1867 5749 In
1900 5681 2383 5770 hoc'consentiunt
2436 5684 2944 5770 editores'_Bened..
2981 5682 3043 5733 ad
3084 5681 3460 5739 Athanasium.

211 5786 240 5832 t.
266 5780 324 5847 ll,
370 5795 424 5850 p.
463 5776 565 5833 471
623 5768 747 5841 εωιῖ
834 5771 851 5802 ³
878 5769 994 5824 Vid.
1024 5768 1075 5840 p.
1115 5770 1235 5837 421,
1271 5768 1294 5841 §
1332 5769 1384 5821 2.

1464 5768 1479 5795 ἰ
1516 5768 1663 5832 Quod
1694 5800 1755 5807 -κ
1791 5768 2061 5820 monacho.
2109 5762 2229 5818 “LUC
2257 5763 2479 5817 aberant
2513 5758 2578 5812 ab
2611 5755 2741 5811 edit.
2778 5754 2969 5824 priori.
