3886 6222
345 247 445 305 371

1190 242 1570 303 GABNERII
1603 239 2232 300 DISSERTATIONIS
2273 241 2331 299 ΙΙ
2367 239 2770 301 ΑΡΡΕΝΒΙΧ.

3493 238 3607 300 372

342 355 573 426 agitatas
605 352 1216 419 vehementius,~donec
1263 353 1454 422 ingens
1483 351 1573 406 illa
1603 349 1672 406 de
1704 350 1928 406 Christo
1961 352 1996 409 Α
2028 360 2151 418 post
2180 351 2412 422 synodos
2444 351 2686 405 scribere
2715 349 2906 410 libros,
2934 347 3136 418 quibus
3166 349 3374 404 ratione
3415 350 3625 405 suade-

344 446 648 511 contentio,
676 460 840 515 quam
894 445 1180 500 Nestorius
1205 453 1260 499 et
1293 445 1570 514 Eutyches
1608 451 1924 503 meverunt,

345 537 635 606 occupavit.
677 537 908 601 animos,
955 536 1392 605 industriamque
1435 543 1789 589 tractatorum
1835 548 1927 587 ec-

347 625 781 682 clesiasticarum
842 625 1107 681 exercuit.
1149 624 1336 692 Neque
1381 623 1529 677 enim
1582 632 1769 692 postea
1815 622 1929 676 fere

347 716 418 770 de
457 717 590 787 ipsis
631 726 814 771 actum
855 724 957 779 est,
1003 715 1109 769 nisi
1157 714 1448 768 occasione
1482 714 1710 767 haeresis
1757 713 1928 782 Euty-

351 807 584 871 chianae,
609 823 729 877 qua:
757 805 1075 877 Apollinarii
1117 806 1334 861 soboles
1364 805 1613 875 quaedam
1649 804 1934 859 nonnullis

354 898 472 952 visa
507 905 610 952 est.

274 999 282 1007 '
327 1019 330 1022 ~
425 989 510 1044 Vl.
551 988 682 1042 lnde
714 988 848 1040 mihi
877 986 1116 1056 primum
1147 988 1300 1042 venit
1329 987 1386 1041 in
1421 994 1685 1050 mentem,
1716 985 1932 1055 Opinari

275 1071 285 1155 ί
351 1078 694 1149 dialogorum
731 1086 1038 1145 auctorem,
1091 1086 1220 1133 ante
1261 1079 1648 1133 haereticorum
1675 1077 1930 1140 duorum,

301 1187 304 1190 ’
351 1185 490 1239 quos
528 1169 661 1232 dixi,
693 1169 929 1224 Nestorii
977 1181 1031 1224 et
1069 1170 1354 1240 Eutychis,
1390 1170 1580 1224 turbas
1623 1169 1932 1238 scripsisse,

274 1283 278 1286 ·
352 1272 514 1331 atque
559 1259 697 1314 adeo
734 1276 834 1330 per
871 1261 923 1315 id
957 1261 1239 1330 temporis,
1274 1259 1419 1330 quod
1465 1275 1496 1313 a
1524 1259 1757 1313 concilio
1785 1274 1820 1312 ιι
1868 1259 1934 1313 ad

354 1368 412 1407 ιιι
440 1351 670 1407 efﬂuxit.
697 1351 1027 1422 Opinionem
1055 1353 1318 1422 juverunt
1347 1352 1473 1404 tria.
1497 1351 1762 1413 Primum,
1788 1348 1936 1418 quod

352 1443 706 1501 Ortbodoxus
747 1445 803 1498 in
842 1443 1086 1498 secundo
1138 1443 1354 1513 dialogo
1378 1443 1596 1497 Aetium
1630 1442 1934 1510 alloquens,

353 1548 422 1589 ex
446 1533 565 1604 ipso
591 1535 858 1604 prodiisse
878 1550 1058 1604 nuper
1089 1533 1235 1605 (χθὲς
1264 1535 1358 1587 καὶ
1384 1534 1642 1605 σήμερον)
1672 1533 1938 1602 quosdam

355 1627 596 1696 obiiciat.
628 1641 832 1695 eosque
875 1634 1116 1695 opponat
1145 1625 1234 1689 iis,
1284 1643 1303 1676 ι
1333 1624 1427 1694 qui
1454 1625 1567 1694 jam
1605 1623 1731 1678 inde
1755 1639 1786 1677 a
1816 1637 1940 1676 san-

357 1717 462 1771 ctis
481 1717 744 1786 apostolis
763 1731 936 1786 usque
977 1715 1046 1770 ad
1093 1716 1421 1771 hodiernum
1454 1714 1599 1769 diem
1630 1713 1942 1768 collaudant

357 1805 576 1862 Patrem
615 1819 672 1862 et
707 1807 902 1862 Filium
933 1816 990 1862 et
1033 1806 1294 1876 Spiritum
1331 1815 1602 1860 sanctum.
1632 1825 1650 1856 ι
1698 1804 1816 1859 Non
1849 1803 1943 1858 diu

358 1896 526 1965 igitur
557 1903 682 1966 post
720 1897 966 1966 vulgatos
1007 1895 1149 1950 Aetii
1193 1895 1367 1949 libros
1393 1895 1633 1964 scriptus
1665 1901 1748 1948 est
1771 1893 1946 1948 dialo-

358 1999 461 2054 gus
491 1984 803 2051 secundus;
847 1984 1050 2055 vulgati
1098 1993 1226 2038 sunt
1257 1991 1439 2038 autem
1470 1984 1616 2040 Aetii
1638 1984 1765 2038 libri
1790 1983 1940 2038 Con-

360 2065 714 2147 stantinopoli
766 2077 869 2132 sub
915 2076 1079 2132 finem
1125 2075 1308 2146 quarti
1343 2077 1552 2130 saeculi.

429 2168 697 2232 Alterum,
734 2168 882 2238 quod
927 2167 1019 2221 fiat
1047 2168 1103 2222 in
1130 2167 1294 2222 tertio
1325 2167 1544 2236 dialogo
1570 2167 1776 2221 mentio
1811 2181 1946 2220 con—

364 2259 499 2324 cilii,
543 2259 600 2313 in
621 2273 734 2329 quo
748 2257 1002 2312 nonnihil
1029 2258 1095 2312 de
1117 2257 1324 2328 Spiritu
1345 2266 1536 2312 sancto
1567 2265 1661 2311 aut
1697 2256 1946 2311 additum

360 2359 446 2406 est
488 2351 737 2423 symbolo
777 2351 1022 2414 Niceno,
1072 2349 1116 2404 si
1156 2358 1336 2404 tamen
1377 2365 1508 2404 vere
1550 2349 1797 2403 additum
1839 2357 1944 2414 est,

361 2452 418 2496 et
448 2457 560 2495 non
600 2442 788 2510 potius
822 2441 1155 2510 explicatum
1201 2440 1467 2495 adversus
1510 2439 1812 2494 Macedonii
1840 2439 1949 2494 ha:-

365 2529 535 2592 resin,
598 2529 744 2598 quod
801 2528 1018 2582 Nicazna
1075 2527 1317 2598 synodus
1375 2526 1600 2582 brevius
1645 2527 1944 2582 docuisset.

365 2618 598 2688 Scripsit
615 2633 746 2688 ergo
760 2617 1102 2688 dialogorum
1122 2626 1312 2672 auctor
1327 2625 1451 2686 post
1469 2632 1670 2671 annum
1690 2617 1816 2683 581,
1839 2632 1948 2687 quo

365 2721 510 2761 anno
547 2708 883 2762 celebratum
922 2715 1004 2761 est
1032 2705 1509 2777 Constantinopoli
1555 2707 1846 2762 concilium
1887 2723 1946 2762 ιι.

437 2797 804 2861 Postremum,
847 2797 994 2866 quod
1034 2797 1183 2852 nulla
1226 2813 1258 2852 e
1290 2798 1568 2853 contrario
1603 2799 1697 2853 ﬁat
1742 2800 1949 2854 mentio

369 2898 645 2944 motarum
678 2905 708 2942 a
755 2889 1008 2943 Nestorio
1036 2904 1101 2944 ac
1129 2889 1375 2960 Eutyche
1405 2890 1472 2945 de
1498 2891 1664 2946 Verbi
1697 2891 1949 2948 incarna-

367 2980 520 3035 tione
569 2979 955 3050 quzestionum,
989 2995 1115 3034 cum
1159 2988 1342 3035 tamen
1382 2982 1583 3036 mirum
1625 2983 1681 3036 in
1723 2984 1947 3038 modum
1976 3017 2018 3075 α

368 3071 586 3141 utrique
621 3071 1007 3136 (orthodoxum
1052 3071 1178 3126 dico
1227 3081 1282 3127 et
1317 3074 1792 3146 Apollinaristam)
1824 3091 1952 3145 pro-

366 3165 561 3221 fuisset
608 3173 884 3220 momenta
937 3165 1211 3219 rationum
1264 3155 1839 3223 suarum'deﬁnitione
1867 3184 1954 3239 sy-

367 3256 498 3311 nodi
550 3257 837 3326 Ephesinae
860 3256 1100 3320 ﬁrmare,
1128 3256 1243 3312 sive
1272 3266 1482 3314 natura;
1501 3262 1623 3314 duae
1649 3260 1702 3314 in
1731 3258 1954 3315 Christo

369 3348 610 3418 perfecte
656 3347 950 3416 probandae
995 3358 1199 3408 essent.
1259 3349 1374 3403 sive
1413 3351 1706 3406 asserenda
1744 3351 1955 3421 Virgini

370 3438 728 3493 sanctissimae
759 3453 858 3492 sua
881 3437 1126 3506 Deiparze
1155 3438 1411 3508 dignitas.
1444 3440 1646 3510 Scripti
1671 3450 1800 3496 sunt
1825 3459 1954 3513 ergo

369 3529 572 3598 dialogi
612 3538 737 3582 ante
793 3526 1091 3581 concilium
1128 3527 1468 3596 Ephesinum
1516 3531 1559 3596 ⁸,
1609 3539 1774 3601 atque
1818 3534 1954 3588 adeo

370 3625 496 3672 ante
543 3633 748 3670 annum
797 3617 922 3671 451.

440 3705 620 3772 Quid?
644 3707 790 3776 quod
817 3709 1035 3763 videtur
1062 3708 1400 3778 dialogorum
1435 3709 1673 3779 scriptor
1702 3709 1757 3766 id
1785 3726 1954 3764 unum

371 3799 591 3863 consilii
643 3799 923 3865 habuisse,
979 3810 1058 3865 ut,
1099 3817 1238 3870 quos
1292 3802 1586 3856 concilium
1636 3819 1692 3864 ιι,
1745 3817 1954 3856 canone

373 3887 551 3956 primo
585 3887 892 3954 haereticos,
921 3890 1294 3944 Eunomianos
1317 3889 1432 3946 sive
1457 3890 1771 3954 Anomoeos,
1801 3890 1954 3944 Aria-

373 3990 475 4029 nos
521 3985 578 4030 et
605 3977 994 4042 Semiarianos,
1035 3979 1150 4034 sive
1197 3979 1726 4038 Pneumatomachos
1772 3991 1828 4037 et
1862 3983 1956 4038 Sa-

372 4063 661 4129 bellianos,
680 4067 1073 4132 Marcellianos,
1096 4069 1452 4125 Photinianos
1465 4087 1530 4126 ac
1544 4073 1956 4141 Apollinaristas

374 4151 747 4221 damnaverat,
781 4172 876 4212 eos
898 4158 1094 4226 partim
1118 4159 1326 4214 ratione
1353 4161 1724 4226 convinceret,
1755 4165 1953 4233 partim

374 4245 742 4317 objectionum
762 4248 1034 4306 solutione
1058 4250 1390 4307 debilitaret.
1416 4252 1614 4323 Scripti
1634 4241 1763 4310 sunt
1788 4256 1954 4328 igitur

2029 451 2170 508 rent,
2202 443 2348 513 quod
2377 443 2702 498 auctoritate
2732 440 2975 496 Ecclesia
3008 441 3345 510 sanciverat;
3375 443 3631 514 denique

2029 551 2140 589 non
2181 535 2335 604 prius
2363 535 2593 588 desiisse
2621 533 2788 587 unius
2823 533 3065 587 materiae
3099 534 3414 599 tractandae,
3450 552 3629 605 quam

2030 623 2134 677 alia
2166 624 2388 694 majoris
2410 639 2512 694 pro
2557 632 2800 692 tempore
2827 622 3091 677 momenti
3123 623 3190 677 ad
3237 639 3295 678 se
3321 641 3634 685 generosos

2032 711 2160 768 fidei
2185 714 2500 769 defensores
2524 715 2795 780 traheret;
2822 715 2958 769 adeo
2982 723 3041 768 ut
3064 715 3448 785 chronologica
3472 732 3634 784 qua:-

2033 803 2157 858 dam
2208 805 2480 858 sententia
2509 804 2638 876 ferri
2677 805 2868 875 possit,
2901 812 2957 859 et
2998 804 3067 859 de
3113 805 3405 859 hairesium
3435 813 3626 866 aetate.

2033 911 2101 952 ex
2140 897 2334 964 libris;
2379 907 2434 952 et
2479 897 2544 952 de
2582 897 2850 951 librorum
2895 904 3163 966 tempore,
3200 911 3267 950 ex
3294 895 3624 950 haeresibus.

2037 1053 2064 1125 §
2093 1055 2161 1108 ll.
2188 1053 2362 1119 Quam
2388 1056 2617 1108 incertus
2647 1053 2806 1123 fuerit
2834 1055 2893 1107 in
2926 1055 3061 1108 hunc
3085 1070 3249 1125 usque
3275 1055 3412 1108 diem
3443 1053 3630 1108 dialo-

2499 1141 2687 1194 gorum
2742 1133 2947 1178 auctor.

2105 1259 2146 1312 l.
2179 1257 2351 1321 Quam
2379 1257 2625 1311 incertus
2651 1255 2815 1311 fuerit
2841 1256 2895 1311 in
2934 1256 3084 1312 hunc
3121 1273 3294 1328 usque
3324 1257 3471 1313 diem
3503 1258 3633 1312 dia-

2034 1347 2286 1421 logorum
2328 1357 2539 1413 auctor,
2575 1347 2862 1402 manifeste
2898 1347 3198 1403 ostendunt
3241 1349 3361 1403 aliae
3387 1350 3637 1404 aliorum

2037 1455 2205 1510 super
2245 1456 2310 1495 ea
2365 1455 2424 1493 re
2477 1439 2782 1495 sententiae.
2828 1439 3141 1509 Scriptores
3190 1440 3336 1496 enim
3375 1440 3636 1512 ejusdem

2037 1533 2214 1588 aetatis
2262 1533 2407 1588 inter
2453 1548 2511 1587 se
2570 1541 2832 1604 pugnant,
2883 1541 2938 1587 et
2986 1533 3226 1588 Graecia
3273 1549 3331 1589 se
3379 1533 3626 1588 invicem

2041 1623 2392 1687 dissentiunt,
2417 1631 2475 1676 et
2505 1639 2648 1677 unus
2675 1623 2928 1692 idemque
2962 1623 3200 1692 scriptor
3217 1621 3322 1675 sibi
3352 1637 3463 1675 non
3495 1637 3636 1675 con-

1972 1692 2012 1745 "
2044 1715 2229 1777 sentit,
2281 1714 2534 1784 idemque
2585 1729 2725 1784 opus
2768 1713 2933 1768 modo
2987 1713 3117 1767 huic
3165 1715 3400 1780 auctori,
3452 1713 3630 1768 modo

2044 1806 2202 1861 alteri
2255 1805 2470 1859 tribuit.

2112 1898 2178 1953 11.
2212 1896 2540 1967 Scriptores,
2560 1910 2703 1966 quos
2725 1895 2873 1961 dico,
2887 1897 3126 1952 recentis
3156 1905 3284 1952 sunt
3309 1899 3412 1954 aevi
3452 1915 3465 1950 :
3499 1913 3631 1952 nam

2045 1987 2138 2057 qui
2171 2002 2202 2042 e
2240 1985 2521 2041 veteribus
2564 1985 2903 2056 dialogorum
2962 1986 3296 2051 meminerit,
3345 1987 3630 2042 neminem

2044 2095 2223 2150 neque
2278 2078 2549 2142 Crtecum,
2582 2093 2762 2148 neque
2804 2073 3058 2132 Latinum
3094 2078 3244 2133 novi.
3273 2079 3394 2134 Non
3435 2083 3634 2134 memi-

2047 2172 2129 2226 nit
2171 2181 2319 2227 certe
2363 2171 2613 2234 Photius,
2665 2184 2768 2224 nec
2813 2169 2955 2223 alius
2994 2170 3371 2225 nomenclator
3391 2171 3635 2240 scripto-

2046 2279 2188 2318 rum.
2221 2265 2368 2318 lnter
2398 2263 2623 2318 Latinos
2650 2261 2984 2317 mentionem
3020 2259 3151 2314 fecit
3191 2260 3329 2315 Beza
3361 2261 3632 2330 primum,

2049 2361 2163 2407 tum
2200 2352 2497 2415 Srultetus,
2540 2359 2729 2421 postea
2763 2350 3087 2406 Franciscus
3113 2349 3498 2416 Combefisius,
3533 2353 3635 2421 qui

2045 2451 2102 2497 et
2151 2457 2290 2512 Opus
2332 2441 2436 2496 hoc
2478 2457 2508 2496 e
2561 2440 2751 2496 Grmco
2795 2449 3102 2495 verterunt.
3147 2439 3284 2494 Beza
3309 2439 3534 2509 quidem
3577 2447 3639 2494 et

2046 2532 2406 2590 Combefisius
2427 2533 2638 2602 priores
2657 2533 2898 2602 quinque
2919 2532 3181 2602 dialogos,
3201 2530 3483 2585 Scultetus
3499 2546 3639 2585 rem

2049 2626 2290 2695 reliquos
2337 2625 2494 2679 duos.
2530 2625 2572 2678 E
2613 2625 2818 2679 Graecis
2856 2639 3039 2689 nemo,
3076 2623 3224 2693 quod
3262 2622 3486 2692 quidem
3537 2637 3629 2674 re-

2049 2717 2264 2781 corder,
2307 2715 2412 2770 nisi
2456 2717 2602 2770 circa
2634 2725 2881 2785 tempora
2914 2715 3135 2770 concilii
3179 2714 3507 2778 Florentini,
3539 2725 3640 2768 aut

2050 2817 2200 2864 certe
2238 2824 2362 2864 cum
2391 2808 2458 2862 de
2501 2808 2850 2878 processione
2899 2807 3135 2876 Spiritus
3184 2806 3356 2861 sancti
3405 2814 3642 2861 conten,-

2050 2902 2246 2958 tiosius
2291 2901 2608 2955 dimicatum
2658 2909 2761 2964 est,
2813 2899 3058 2970 dialogos
3098 2899 3231 2954 istos
3264 2898 3529 2953 laudavit.

2120 2992 2210 3048 111.
2253 2992 2434 3045 Latini
2464 3007 2629 3060 porro
2654 2990 2732 3044 illi
2769 2999 2903 3056 tres,
2949 3005 3088 3060 quos
3121 2988 3641 3060 appellavi,aliique

2051 3100 2160 3138 non
2195 3083 2418 3153 majoris
2441 3082 2805 3148 auctoritatis,
2842 3082 3086 3151 dialogos
3106 3081 3193 3136 vel
3216 3080 3516 3135 Athanasio
3538 3081 3643 3134 tri-

2049 3176 2246 3236 buunt,
2281 3175 2366 3228 vel
2394 3174 2627 3228 Maximo
2678 3172 2946 3227 monacho
2979 3190 2993 3225 :
3023 3187 3132 3225 non
3160 3179 3339 3226 tamen
3382 3187 3640 3240 magnam

2052 3268 2155 3323 sibi
2194 3266 2490 3322 conciliant
2545 3265 2727 3319 fidem.
2761 3264 2898 3318 Nam
2931 3264 3171 3334 primum
3220 3264 3274 3317 id
3329 3264 3520 3318 timide
3549 3257 3643 3312 fa-

2052 3359 2225 3422 ciunt,
2273 3369 2329 3413 et
2359 3358 2472 3413 fere
2509 3366 2745 3421 tantum,
2781 3365 2839 3411 ut
2873 3371 2985 3410 non
3027 3357 3146 3411 sine
3174 3356 3357 3426 aliquo
3390 3355 3643 3410 auctoris

2050 3452 2274 3506 nomine
2311 3457 2570 3519 appareat
2609 3463 2767 3517 opus,
2802 3448 2868 3502 de
2897 3463 3007 3517 quo
3039 3448 3375 3517 loquuntur;
3412 3447 3641 3511 deinde,

2052 3542 2344 3598 levissimis
2398 3539 2688 3608 dubiisque
2736 3539 2956 3594 indiciis
3000 3539 3220 3608 impulsi
3266 3547 3412 3593 sunt.
3445 3537 3642 3593 Codex

2053 3645 2200 3689 certe
2253 3632 2495 3694 Graecus,
2541 3646 2649 3701 quo
2687 3647 2820 3685 usus
2861 3639 2944 3685 est
2967 3630 3126 3692 Beza,
3162 3631 3373 3700 priores
3398 3638 3645 3698 quatuor

2055 3723 2300 3792 dialogos
2334 3721 2616 3776 Athanasii
2667 3721 2888 3775 nomine
2930 3721 3223 3789 inscriptos
3269 3720 3482 3782 habuit,
3539 3719 3642 3775 sed

2057 3815 2248 3868 habuit
2267 3814 2424 3867 simul
2451 3814 2516 3866 ad
2535 3813 2831 3882 marginem
2853 3812 3014 3882 primi
3035 3812 3366 3882 ascriptum:
3387 3811 3491 3863 Τὸν
3506 3828 3645 3882 πειρ-

2053 3907 2181 3958 όντα
2237 3904 2505 3971 διάλογον,
2563 3905 2613 3956 οἱ
2671 3903 2768 3971 μὲν
2815 3903 3155 3964 Ἀθανασίου,
3190 3905 3236 3956 ol
3281 3903 3337 3955 δὲ
3383 3903 3641 3972 Μαξίμου

2055 3992 2190 4048 εἶναι
2219 3993 2483 4062 λέγουσιν.
2517 3993 2796 4047 Palatinus
2811 3992 2984 4064 codex
3011 3993 3334 4062 insignior‘,
3366 3993 3458 4063 qui
3491 4009 3646 4049 nunc

2054 4090 2110 4143 in
2140 4087 2472 4143 bibliotheca
2504 4086 2765 4140 Vaticana
2793 4091 2896 4150 est,
2933 4086 3140 4140 nullius
3164 4086 3404 4140 auctoris
3435 4101 3641 4140 nomen

2054 4176 2300 4247 profert;
2333 4176 2472 4228 alter
2511 4189 2640 4228 vero
2680 4174 2878 4243 aliquis
2907 4174 3187 4229 inferioris
3227 4185 3370 4230 notae
3401 4177 3642 4244 particu-

2053 4267 2160 4321 lam
2202 4263 2430 4320 sccundi
2488 4262 2687 4332 dialogi
2742 4263 3044 4317 Athanasio
3097 4263 3402 4333 adjudicat;
3445 4279 3643 4319 verum

374 4337 575 4410 dialogi
617 4356 683 4395 eo
733 4344 994 4412 temporis
1027 4345 1222 4414 spatio,
1273 4345 1416 4414 quod
1457 4346 1600 4402 inter
1628 4349 1951 4405 ‘concilium
1989 4356 2027 4409 D
2056 4355 2632 4427 ejusmodijudicium,
2660 4370 2782 4408 cum
2829 4356 2882 4409 in
2922 4355 3165 4425 margine
3213 4363 3424 4410 tantum
3449 4372 3477 4410 a
3510 4371 3646 4410 con-

373 4432 677 4488 secundum
721 4441 777 4488 et
828 4435 1121 4489 concilium
1159 4435 1496 4505 Ephesinum
1524 4439 1842 4506 interfluxit.

447 4524 566 4580 Huc
626 4525 1088 4596 facitplurimum,
1125 4528 1273 4597 quod
1309 4530 1541 4600 quisque
1586 4541 1766 4600 potest
1808 4531 1955 4586 facili

375 4616 593 4686 negotio
634 4616 777 4673 inter
822 4616 989 4689 424
1011 4618 1309 4688 scriptores
1344 4621 1743 4677 ecclesiasticos
1768 4623 1954 4693 legen-

375 4707 475 4761 dos
511 4707 802 4764 observare
829 4727 842 4762 :
867 4725 963 4764 eos
990 4725 1184 4779 nempe
1215 4713 1406 4766 solitos
1449 4712 1639 4777 fuisse,
1666 4723 1953 4785 postquam

377 4795 612 4853 haereses
649 4809 743 4855 aut
794 4810 966 4857 enatae
1014 4811 1162 4868 sunt,
1199 4811 1294 4857 aut
1330 4805 1513 4874 potius
1552 4806 1873 4874 prodierunt
1900 4809 1955 4862 in

378 4887 680 4958 publicum,
714 4891 951 4960 primum
983 4909 1083 4963 pro
1132 4895 1237 4950 tide
1265 4904 1456 4965 aperto
1488 4907 1663 4951 marte
1690 4912 1953 4967 pugnare,

379 4975 557 5034 donec
595 4980 836 5036 Ecclesia
878 4982 935 5037 in
972 4985 1199 5055 synodis
1224 4994 1280 5040 et
1323 4985 1741 5042 definitionibus
1770 4986 1957 5042 fideles

336 5057 352 5074 ’
380 5067 622 5136 doceret,
651 5077 706 5126 et
727 5070 1007 5128 haereticos
1022 5076 1364 5132 anathemate
1381 5079 1736 5148 percelleret;
1755 5077 1953 5134 deinde

2057 4451 2264 4522 jectore
2296 4447 2481 4516 aliquo
2519 4447 2814 4516 ascriptum
2850 4446 2942 4509 sit,
2991 4448 3147 4516 parvi
3193 4455 3278 4502 est
3315 4448 3605 4502 momenti.

2130 4537 2217 4592 IV.
2243 4536 2414 4592 Graeci
2444 4535 2575 4600 duo,
2611 4535 2904 4605 Gregorius
2936 4535 3387 4606 protosyncellus,
3421 4536 3516 4606 qui
3541 4537 3646 4591 ad-

2059 4642 2253 4682 versus
2282 4626 2566 4696 epistolam
2589 4625 2751 4679 Marci
2775 4624 3019 4694 Ephesii,
3051 4625 3354 4695 apologiam
3378 4641 3648 4694 quorum-

2061 4719 2185 4773 dam
2205 4717 2366 4790 425
2386 4718 2608 4772 Patrum
2629 4717 2868 4786 scripsit,
2891 4726 2947 4771 et
2969 4717 3277 4772 Demetrius
3298 4717 3578 4785 Cydonius
3597 4718 3644 4782 ⁷,

2061 4809 2216 4879 cujus
2258 4823 2420 4878 opera
2470 4808 2731 4862 nonnulla
2764 4807 3038 4862 Arcudius
3078 4807 3254 4862 edidit
3279 4809 3320 4872 ⁸,
3362 4809 3644 4873 nonnihil,

2059 4896 2256 4959 fateor,
2287 4913 2354 4950 ex
2377 4895 2556 4966 primo
2579 4897 2854 4966 tertioque
2877 4895 3183 4965 proferunt,
3213 4898 3367 4952 velut
3385 4914 3453 4953 ex
3473 4914 3646 4968 opere

2059 4988 2298 5042 Maximi.
2338 4989 2542 5044 Verum
2571 4989 2824 5045 homines
2859 4990 2960 5054 illi,
2986 4998 3348 5061 praeterquam
3373 4991 3522 5060 quod
3557 5006 3649 5045 re-

2058 5078 2333 5133 centiores
2355 5087 2500 5144 sunt,
2525 5093 2688 5148 quam
2714 5087 2775 5134 ut
2801 5079 3020 5134 valeant
3048 5081 3376 5136 auctoritate
3401 5096 3500 5136 sua
3527 5081 3644 5136 sola

1714 5232 2027 5289 SCIiULle
2068 5232 2300 5290 NOTAS.

452 5368 474 5400 '
503 5367 744 5445 Primum
781 5369 1148 5445 scilicet__hoc
1175 5388 1293 5445 esse
1341 5372 1582 5442 Operum
1625 5371 1979 5445 Theodoreti,
2037 5381 2093 5428 et
2148 5373 2293 5445 circa
2356 5389 2561 5445 annum
2614 5373 2718 5445 425
2783 5375 3299 5445 compositum,jam
3343 5389 3509 5444 supra
3547 5374 3648 5445 de-

384 5438 614 5514 claravit
636 5437 952 5514 Garnerius.
996 5441 1120 5514 Huc
1151 5443 1299 5514 enim
1321 5437 1580 5514 spectare
1608 5452 1863 5514 putamus
1896 5444 2078 5514 locum
2100 5445 2169 5514 in
2202 5444 2444 5514 Historia
2477 5443 2836 5514 Theodoreti,
2869 5437 2927 5514 p:
2965 5446 3086 5507 149,
3115 5445 3150 5514 §‘
3174 5437 3256 5499 f3.
3299 5437 3426 5499 Vidi
3467 5444 3642 5498 Uudi-

386 5525 538 5572 num,
573 5510 608 5562 l.
642 5525 715 5573 c.,
751 5519 790 5563 t.
824 5509 864 5572 l,

941 5552 951 5562 .
986 5511 1142 5566 “‘22.
1203 5512 1240 5582 _‘
1272 5512 1426 5582 Alius
1458 5511 1643 5582 autem
1678 5512 1906 5566 Palatini
1936 5513 2162 5574 codicis,
2195 5514 2290 5582 qui
2321 5513 2422 5567 hos
2459 5513 2703 5582 dialogos
2729 5523 2852 5582 post
2869 5511 2985 5568 'alia
3024 5511 3240 5567 Maiimi
3267 5514 3492 5582 scripta,
3519 5516 3642 5568 sine

385 5593 526 5632 novo
565 5579 726 5634 titulo
763 5579 1007 5644 exhibet,
1049 5580 1303 5635 meminit
1326 5581 1743 5643 Felckmannus,
1775 5583 1909 5635 edit.
1945 5579 2232 5644 Commclf,

2272 5599 2325 5653 p.
2359 5584 2446 5638 84.
2519 5585 2536 5613 ⁷
2569 5582 2853 5653 Cydonius.
2889 5583 2995 5638 Seu
3039 5583 3308 5653 Cydoncs,
3334 5584 3416 5637 vel
3452 5592 3512 5637 ut
3547 5583 3639 5636 alii

389 5649 617 5714 malunt,
676 5650 1024 5720 Byzantinus.
1099 5651 1343 5705 ‘Edidit.
1388 5652 1444 5705 ln
1497 5651 1789 5723 Opusculis
1843 5653 2220 5724 theologorum
2274 5644 2634 5718 'Grzecorum:
2693 5654 2849 5707 Rom.
2896 5654 3031 5710 1650
3073 5644 3124 5708 et
3163 5644 3315 5707 l67l.
