3886 6222
217 311 314 376 373

212 517 520 588 jamdudum
559 520 834 590 corruptis
869 523 1183 589 utebantur,
1231 529 1558 583 auctoritate
1627 529 1784 591 moti,

220 610 538 684 populariter
556 610 816 666 citarunt.
858 613 1036 679 Quid?
1059 617 1206 686 quod
1241 626 1472 688 uterque
1507 619 1640 673 vixit
1665 627 1786 688 post

221 701 478 756 decimum
510 710 769 771 quartum
796 704 1075 770 sazculum,
1107 723 1218 777 quo
1251 719 1496 778 tempore
1531 710 1782 779 supposi-

221 793 291 847 tio
320 792 636 864 jamdudum
672 792 815 848 facta
850 795 1049 851 fuerat.
1095 799 1163 852 Et
1195 815 1356 854 nemo
1397 801 1492 870 qui
1525 818 1781 872 κριτικω-

227 880 380 952 τέρω;
405 880 718 936 Graecorum
740 883 961 939 codices
978 888 1326 956 mssJegerit',
1350 905 1458 944 non
1485 891 1780 960 perspexit,

219 985 365 1038 quam
394 974 632 1042 corrupti
683 976 814 1040 sint,
871 993 1144 1049 quamque
1190 984 1332 1050 apud
1381 985 1530 1053 ipsos
1572 986 1784 1039 soleant

221 1061 562 1129 supposititiis
614 1063 776 1118 libris
825 1067 845 1097 ⁹
887 1068 1151 1124 nobilium
1206 1072 1428 1126 Patrum
1480 1089 1646 1144 opera
1702 1075 1782 1128 in-

222 1151 479 1218 terpolari.

284 1240 338 1294 V.
374 1241 674 1297 Prudenter
699 1244 1064 1302 Combeﬁsius
1086 1249 1139 1303 in
1174 1253 1393 1322 synopsi
1416 1267 1644 1322 operum
1672 1253 1781 1308 Ma-

223 1335 359 1396 ximi,
398 1352 513 1404 quae
538 1337 736 1402 edidit,
764 1354 863 1394 eos
894 1355 952 1395 se
986 1341 1230 1413 dialogos
1279 1345 1512 1401 Maximo
1536 1347 1778 1401 tribuere

224 1427 431 1489 monuit,
470 1442 694 1498 propter
730 1433 950 1488 codices
976 1434 1136 1498 duos,
1183 1437 1484 1491 Romanum
1525 1453 1555 1492 a
1603 1438 1779 1492 cardi-

224 1517 330 1570 nale
352 1516 573 1572 Baronio
607 1520 860 1586 relatum,
890 1533 946 1577 et
970 1525 1236 1580 Venetum
1272 1527 1539 1582 Gerasimi
1569 1528 1772 1593 Blachi,

874 316 972 376 DE
1012 318 1365 381 DIALOGIS
1399 323 1568 383 ADV.
1603 320 1956 395 ARIANOS,
1999 324 2604 400 MACEDONIANOS,
2639 327 2797 387 ETC.

219 426 372 483 ﬁdem
405 434 613 482 certam
655 426 866 495 facere;
911 441 1060 486 certe
1099 435 1216 488 sola
1269 436 1543 500 codicum,
1591 437 1791 508 quibus
1820 438 1864 494 Α

3360 327 3463 393 274

2138 439 2164 510 §
2195 440 2282 496 lll.
2312 439 2462 506 Quod
2492 458 2627 496 unus
2671 443 2737 495 sit
2769 441 3003 496 omnium
3041 452 3242 496 auctor.

1959 529 2000 582 l.
2036 529 2095 584 ln
2140 541 2348 602 septem
2399 533 2628 604 dialogis
2664 535 3053 604 impugnantur
3086 534 3322 592 haereses
3345 553 3452 591 om-

1885 619 2018 674 nino
2054 630 2182 685 tres,
2230 624 2428 679 Ariana
2461 625 2739 695 prioribus
2788 626 3038 693 duobus;
3076 628 3252 683 tribus
3283 638 3457 699 poste-

1887 709 2127 766 rioribus
2151 713 2566 782 Macedoniam;
2599 716 3005 786 Apollinariana
3036 717 3272 771 duobus.
3295 718 3460 787 Opor-

1884 809 1962 856 tet
1995 802 2161 872 igitur
2178 806 2467 861 ostendere
2495 825 2508 860 :
2535 808 2793 877 primum,
2815 808 3025 878 priores
3057 807 3195 862 duos
3223 808 3462 878 diaIOgos

1885 890 1952 944 ab
1983 907 2092 946 uno
2130 909 2250 948 esse
2281 905 2500 950 auctore
2534 897 2894 967 compositos;
2948 898 3170 962 deinde,
3228 900 3297 953 ab
3351 915 3460 952 uno

1884 983 2012 1037 item
2048 993 2160 1038 tres
2203 994 2394 1041 contra
2438 987 2850 1054 Macedoniam;
2888 990 3072 1053 tertio,
3123 992 3191 1044 ab
3223 1006 3332 1044 uno
3365 1006 3460 1061 pa.

1884 1077 2020 1131 riter
2061 1078 2201 1131 duos
2245 1087 2431 1133 contra
2465 1080 2893 1149 Apollinarium;
2953 1081 3190 1152 denique
3234 1083 3304 1136 ab
3351 1099 3462 1136 uno

1881 1170 2187 1239 eodemque
2234 1186 2446 1226 omnes.

1950 1259 2016 1313 ll.
2054 1258 2242 1325 Quoad
2277 1260 2558 1330 primum:
2597 1261 2849 1332 quisquis
2889 1279 2998 1318 non
3040 1265 3338 1319 oscitanter
3379 1265 3460 1319 lc-

1878 1351 2019 1420 gerit
2055 1353 2270 1422 priores
2301 1353 2441 1409 duos
2468 1354 2734 1409 adversus
2762 1355 3016 1410 Arianam
3054 1356 3308 1422 haeresin,
3339 1358 3458 1412 ani-

1879 1443 2188 1498 madvertet
2251 1444 2432 1509 facile,
2486 1461 2597 1500 non
2657 1461 2778 1500 esse
2828 1446 3111 1502 diversum
3169 1450 3458 1518 utriusque

1877 1543 2182 1590 auctorem.
2238 1537 2334 1592 Est
2374 1537 2523 1592 enim
2558 1538 2846 1592 amborum
2899 1555 3006 1593 una
3037 1540 3314 1608 quaestio;
3353 1558 3456 1594 una

221 1609 364 1660 donec
397 1612 504 1678 quis
533 1614 839 1667 certioribus
874 1628 935 1667 ex
982 1621 1330 1672 monumentis
1373 1619 1527 1674 aliter
1549 1623 1774 1690 Opinan-
1874 1627 2192 1696 quaestionis
2224 1627 2500 1683 solvenda:
2543 1629 2716 1693 ratio;
2755 1628 2896 1683 idem
2934 1629 3126 1700 stylus,
3156 1630 3458 1700 eademque

223 1699 331 1752 dum
350 1703 560 1754 suaserit
591 1703 652 1756 ίο.
686 1702 897 1768 Quibus
923 1708 1105 1762 verbis
1138 1709 1306 1763 videri
1354 1719 1533 1779 potest
1564 1711 1774 1780 opinari

1881 1717 2186 1773 disserendi
2237 1721 2410 1785 ratio;
2452 1720 2644 1775 eadem
2696 1720 2994 1790 Scriptura
3041 1720 3456 1791 interpretatio;

222 1790 432 1853 codices,
491 1809 726 1861 quorum
784 1799 1052 1861 meminit,
1103 1801 1284 1857 minus
1345 1805 1544 1858 habere
1589 1813 1779 1859 ancto—
1812 1781 1851 1835 Β
1884 1810 1994 1863 imo
2047 1820 2102 1864 et
2135 1812 2451 1866 earumdem
2503 1813 2673 1866 veluti
2723 1813 3113 1882 paruamiarum
3162 1813 3457 1868 aﬂ'ectatio.

224 1880 399 1944 ritatis,
444 1898 606 1951 quam
655 1899 793 1954 opus
823 1900 971 1944 esset
1015 1891 1083 1944 ad
1123 1891 1428 1947 faciendam
1469 1904 1673 1948 certam
1718 1894 1781 1948 ﬁ-

221 1969 352 2024 dem.

285 2063 363 2116 Vl.
389 2064 428 2118 Ε
474 2069 881 2124 recentioribus
915 2071 1116 2127 Graecis
1150 2073 1238 2127 vix
1268 2075 1565 2146 quidquam
1599 2078 1780 2148 colligi

219 2169 362 2222 posse
404 2167 626 2213 autumo
656 2177 669 2211 :
713 2163 1156 2232 quandoquidem
1202 2182 1304 2220 nec
1333 2183 1524 2222 omnes
1553 2169 1696 2225 inter
1721 2186 1780 2225 se

219 2249 549 2314 conveniunt,
585 2267 688 2306 nec
725 2269 868 2308 unus
911 2253 1024 2308 fere
1062 2271 1269 2310 secum.
1309 2257 1571 2313 Eutndem
1600 2260 1777 2315 dialo-

217 2351 336 2406 gum
362 2341 515 2404 alius,
537 2343 648 2397 imo
669 2343 816 2398 idem
833 2345 1052 2415 aliquis,
1078 2347 1239 2402 modo
1264 2349 1410 2414 huic,
1436 2351 1600 2405 modo
1620 2351 1779 2407 alteri

216 2433 410 2484 auctori
438 2434 648 2488 tribuit.
693 2435 824 2506 Legi
852 2447 1000 2492 certe
1027 2453 1192 2508 super
1214 2455 1278 2493 ea
1309 2457 1366 2495 re
1402 2457 1512 2496 non
1539 2444 1780 2498 oscitan-

216 2528 292 2574 ter
335 2523 661 2579 Demetrium
703 2526 1032 2598 Cydoniam,
1089 2529 1166 2583 De
1206 2533 1530 2601 processione
1555 2531 1781 2603 Spiritus

214 2615 402 2678 sancti;
432 2615 732 2685 Josephum
775 2618 1184 2675 Methonensem
1231 2622 1286 2676 in
1335 2621 1689 2694 Responsione
1711 2625 1782 2678 ad

215 2703 492 2773 Epistotam
517 2708 684 2763 Marci
721 2710 966 2780 Ephesii;
1001 2711 1238 2768 Marcum
1276 2715 1453 2784 ipsum
1484 2716 1780 2786 Ephesium

216 2796 267 2848 in
299 2799 506 2852 concilio
543 2799 892 2868 Florentino;
934 2804 1201 2860 Joannem
1223 2807 1500 2861 Vecchum
1523 2807 1782 2864 Adversus

213 2888 464 2944 Andream
525 2891 888 2958 Comaterunt,
945 2905 1001 2951 et
1039 2897 1162 2952 aliis
1204 2898 1259 2952 in
1321 2899 1604 2968 operibus,
1661 2917 1783 2971 quae

215 2978 404 3035 Graecia
429 2983 734 3038 orthodoxa
757 2985 941 3040 Allatii
984 2987 1237 3053 exhibet;
1285 2989 1560 3044 Andream
1601 2990 1780 3061 ipsum

1880 1901 2120 1967 Quaestio
2165 1903 2458 1972 utrobique
2498 1912 2582 1958 est
2639 1903 2707 1958 de
2760 1905 3036 1974 ἀγεννήτῳ
3082 1909 3138 1958 et
3195 1903 3457 1972 γεννητῷ.

1881 1992 2167 2061 Patrisque
2191 2001 2247 2047 et
2270 1993 2413 2058 Filii,
2449 2001 2611 2064 atque
2637 1995 2801 2048 etiam
2831 1994 2998 2048 totius
3018 1993 3302 2048 Trinitatis
3331 2009 3460 2048 con-

1881 2084 2362 2138 substantialitate.
2398 2083 2552 2150 Quod
2585 2085 2777 2140 iisdem
2811 2085 3103 2156 utrobique
3138 2086 3368 2140 vocibus
3395 2101 3459 2139 ac

1880 2174 2140 2242 loquendi
2164 2173 2416 2229 formulis
2433 2176 2670 2246 scriptor
2699 2183 2908 2239 utatur,
2943 2176 3301 2246 eamdemque
3337 2191 3455 2232 ser-

1881 2273 1971 2319 vet
2009 2265 2276 2319 tractandi
2298 2267 2604 2334 argumenti
2638 2265 2888 2330 formam,
2915 2267 3042 2336 quia
3070 2267 3308 2321 lectione
3343 2266 3459 2336 ipsa

1880 2355 2084 2409 nemini
2113 2371 2222 2410 non
2251 2366 2505 2412 constare
2535 2365 2734 2426 potest,
2767 2358 3032 2427 exemplis
3059 2373 3168 2412 non
3186 2367 3270 2414 est
3299 2373 3456 2429 opus.

1879 2445 2122 2501 Celebris
2150 2447 2240 2501 ille
2265 2447 2437 2510 locus,
2461 2447 2625 2500 Pater
2647 2449 2818 2517 major
2839 2463 2919 2501 me
2946 2455 3040 2511 est,
3074 2447 3265 2502 eodem
3297 2447 3460 2500 modo

1880 2537 2172 2606 exponitur
2211 2537 2266 2590 in
2292 2545 2528 2606 utroque
2577 2537 2793 2608 dialogo
2825 2537 2892 2591 de
2927 2537 3105 2592 Verbo
3155 2537 3456 2599 incarnato,

1881 2637 1988 2681 etc.
2028 2625 2241 2681 Eaedem
2292 2626 2558 2681 affectata:
2614 2627 2891 2696 parmmiae
2924 2643 2938 2678 :
2979 2625 3036 2680 Si
3075 2627 3232 2679 scires
3265 2626 3460 2682 donum

1881 2717 1998 2783 Dei,
2034 2720 2191 2772 scires
2237 2719 2436 2787 utique,
2476 2725 2583 2772 etc.
2643 2717 2802 2787 (Dial.
2847 2715 2923 2788 l.)
2971 2715 3028 2771 Si
3067 2719 3222 2770 scires
3266 2714 3460 2768 donum

1881 2807 1997 2872 Dei,
2039 2815 2089 2860 et
2130 2809 2244 2878 quis
2288 2809 2373 2869 sit,
2411 2809 2499 2878 qui
2560 2807 2754 2870 docuit,
2801 2815 2908 2862 etc.
2951 2806 3110 2876 (Dial.
3145 2804 3224 2875 2.)
3273 2804 3462 2871 Quid?

1881 2897 2029 2968 quod
2065 2913 2096 2951 a
2133 2897 2537 2952 recentioribus
2581 2895 2785 2951 Graecis
2837 2896 3078 2950 citantur
3125 2896 3287 2950 ambo
3313 2898 3460 2954 velut

1885 3005 2048 3044 unus.
2071 2989 2358 3044 Videndus
2375 2989 2613 3044 Joannes
2632 2987 2878 3044 Vecchus
2894 2987 3186 3057 epigraphe
3211 2988 3276 3042 15
3292 2992 3461 3043 semel

216 3068 546 3128 Comaterum
596 3075 742 3144 apud
791 3077 1097 3144 Vecchum;
1145 3078 1464 3150 Gregorium
1492 3089 1779 3154 protosyn-
1807 3108 1849 3165 ρ
1883 3090 2047 3150 atque
2082 3081 2303 3136 iterum.
2341 3079 2652 3134 Demetrius
2694 3077 2997 3150 Cydonius,
3023 3078 3101 3132 De
3137 3080 3461 3150 processione

220 3161 396 3216 cellam
432 3165 515 3218 Ad
550 3166 926 3236 imperatorem
968 3168 1445 3238 Trapezuntinum;
1483 3169 1774 3243 Georgium
1817 3161 1847 3165 τ
1881 3169 2109 3240 Spiritus
2140 3171 2329 3233 sancti,
2390 3184 2510 3237 cap.
2564 3168 2616 3222 5.
2658 3166 2954 3236 Gregorius
3004 3165 3459 3236 protosyncellus,

221 3252 568 3320 lletochitam,
591 3259 606 3276 '
631 3258 688 3311 in
704 3256 1039 3328 Refutatione
1060 3262 1222 3313 trium
1243 3260 1502 3316 Planudis
1523 3265 1774 3334 capitum.

225 3343 356 3414 Legi,
392 3347 632 3416 inquam,
668 3357 726 3402 et
760 3349 903 3403 inter
931 3350 1218 3418 legendum
1250 3353 1609 3408 animadverti
1641 3356 1782 3408 duos

224 3432 321 3487 fere
372 3442 579 3489 tantum
620 3437 690 3491 ab
738 3439 874 3508 ipsis
919 3439 1163 3510 dialogos
1199 3441 1379 3507 citari,
1421 3445 1658 3512 primum
1721 3460 1781 3499 ac

226 3525 454 3592 tertium;
490 3536 545 3583 et
578 3529 819 3598 priorem
847 3532 1067 3600 quidem
1098 3533 1399 3588 Athanasio
1425 3535 1592 3589 tribui
1623 3551 1652 3588 a
1680 3536 1782 3588 Me-

227 3617 427 3682 tochita,
459 3630 624 3688 atque
650 3620 817 3674 etiam
846 3638 877 3676 a
902 3623 1142 3688 Veccho;
1176 3623 1273 3677 sed
1293 3640 1321 3677 a
1352 3625 1566 3679 Veccho
1624 3626 1777 3692 alios,

226 3718 367 3777 atque
403 3725 431 3764 a
472 3712 898 3781 protosyncello,
940 3713 1173 3768 Maximo
1218 3715 1551 3785 adjudicari;
1597 3725 1780 3786 poste-

229 3797 407 3853 riorem
455 3818 589 3857 vero
641 3801 878 3859 Maximo
908 3805 1176 3860 vindicari
1215 3823 1246 3860 a
1282 3807 1570 3862 Comatero
1603 3817 1658 3862 et
1683 3808 1784 3880 Cy-

229 3888 402 3956 donio;
449 3893 751 3948 Athanasio
786 3902 868 3950 ter
907 3903 1002 3950 aut
1035 3907 1230 3966 quater
1265 3914 1295 3952 a
1335 3899 1570 3954 Vecc‘ho.

285 3983 387 4037 V’ll.
420 3984 612 4054 Neque
659 4001 690 4040 a
740 3989 1130 4058 manuscriptis
1174 3989 1459 4044 codicibus
1491 3991 1615 4060 plus
1658 4007 1784 4061 spe-

231 4075 437 4130 randum
469 4077 630 4144 lucis,
654 4093 818 4146 quam
848 4079 916 4132 ab
947 4079 1131 4134 editis.
1163 4079 1298 4133 Nam
1329 4087 1389 4134 ut
1420 4096 1489 4134 ex
1523 4097 1633 4135 uno
1664 4098 1784 4136 om-

231 4165 362 4220 nium
405 4167 615 4236 optimo
648 4168 716 4223 de
780 4170 1008 4239 reliquis
1064 4171 1333 4241 judicium
1370 4171 1600 4238 feratur,
1645 4189 1786 4244 quos

231 4255 394 4324 plures
431 4258 797 4314 Felkmannus
827 4276 856 4314 a
892 4276 949 4315 se
986 4262 1133 4316 visos
1167 4261 1361 4317 scribit
1395 4263 1457 4327 “,
1486 4263 1783 4330 Palatinus,

232 4347 309 4414 qui
340 4364 483 4403 nunc
515 4349 572 4403 in
610 4350 866 4404 Vaticana
905 4352 1235 4407 bibliotheca
1273 4362 1545 4418 servatur,
1583 4355 1787 4410 nullius

1877 3261 1959 3315 Ad
1993 3261 2365 3330 imperatorem
2414 3257 2880 3329 Trapezuntinum,
2924 3265 3012 3312 etc

1951 3351 2036 3404 lll.
2075 3350 2229 3405 Adde
2280 3348 2427 3420 quod
2480 3349 2757 3404 secundus
2814 3347 2964 3402 aliud
3019 3347 3134 3402 fere
3185 3347 3321 3401 nihil
3367 3349 3460 3413 sit,

1880 3449 2080 3509 praeter
2122 3440 2286 3510 primi
2319 3441 2469 3494 velut
2496 3439 2835 3504 coronidem,
2877 3455 2984 3510 qua
3014 3439 3265 3494 Eunomii
3292 3455 3464 3510 pauca

1880 3528 2128 3598 quaedam
2164 3528 2370 3584 scholia
2416 3529 2472 3583 in
2515 3529 2805 3599 epistolam
2842 3528 3008 3594 Aetii,
3062 3539 3118 3584 et
3163 3530 3277 3600 ipsa
3317 3529 3462 3585 Aetii

1879 3620 2106 3690 epistola
2164 3621 2464 3676 secundum
2523 3621 2736 3691 singula
2788 3637 2885 3675 sua
2931 3622 3109 3691 capita
3151 3621 3462 3689 refellitur;

1881 3712 2027 3782 quod
2051 3712 2151 3768 fuit
2181 3713 2248 3767 ad
2271 3713 2670 3768 absolutionem
2699 3713 2882 3783 operis
2912 3714 3304 3768 necessarium.
3328 3714 3465 3768 Nam

1884 3811 1993 3857 tota
2027 3804 2094 3858 de
2136 3805 2382 3876 lngenito
2407 3813 2462 3859 et
2486 3803 2681 3858 Genito
2704 3805 2934 3874 quaestio
2967 3820 3032 3858 ex
3064 3805 3207 3858 Aetii
3235 3805 3465 3875 epistola

1883 3894 2235 3962 produxerat.

1955 3988 2042 4042 IV.
2068 3988 2194 4041 Sive
2226 4003 2356 4057 ergo
2380 3987 2490 4040 duo
2529 3987 2636 4040 sint
2667 3985 2890 4057 dialogi,
2920 3987 3066 4057 quod
3100 3987 3271 4056 magis
3308 4003 3464 4054 reor;

1884 4078 1999 4132 sive
2043 4079 2209 4133 unius
2266 4077 2387 4133 duce
2436 4086 2655 4148 partes,
2704 4087 2766 4132 ut
2815 4079 3219 4134 recentioribus
3268 4079 3469 4134 Graecis

1884 4171 2090 4236 visum;
2147 4184 2293 4224 unus
2339 4179 2489 4224 certe
2540 4170 2776 4240 scriptor
2835 4180 2937 4225 est.

1957 4262 2019 4317 ν.
2071 4261 2226 4328 Quod
2257 4261 2494 4331 pertinet
2533 4261 2600 4314 ad
2627 4261 2954 4326 secundum,
2999 4278 3194 4333 nempe
3229 4262 3471 4334 dialogos

1888 4363 2002 4409 tres
2041 4353 2306 4407 adversus
2333 4351 2711 4406 Macedonium
2755 4353 2922 4408 unius
2951 4370 3071 4410 esse
3110 4356 3368 4419 auctoris,
3404 4370 3472 4408 ex

232 4439 452 4494 auctoris
483 4455 687 4495 nomen
720 4441 886 4512 426
917 4443 1014 4496 ulli
1050 4444 1216 4498 trium
1257 4443 1508 4514 priorum
1537 4445 1781 4516 dialogo-
1816 4449 1859 4504 Ι)
1887 4442 2048 4514 427
2087 4443 2340 4512 pluribus
2363 4459 2475 4496 non
2511 4443 2746 4497 obscure
2773 4444 3144 4508 concluditur,
3187 4444 3281 4498 sed
3313 4459 3378 4498 ex
3403 4460 3470 4498 eo

235 4542 338 4584 rum
367 4530 690 4602 inscriptum
737 4533 938 4599 habet;
994 4533 1090 4588 sed
1137 4533 1286 4588 hunc
1323 4541 1531 4589 tantum
1567 4536 1786 4590 titulum

233 4619 491 4687 pmﬁxum
527 4623 708 4691 primo
735 4640 748 4676 :
784 4625 1064 4694 Ἀνομοίου
1100 4626 1218 4696 ῆτοι
1245 4625 1611 4694 Ἀρειανίστου
1641 4629 1786 4681 ἀντι-

234 4709 364 4778 ὶογία.
412 4714 549 4782 μετά
593 4715 899 4786 ὀρθοδόξου.
924 4715 1210 4772 Secundus
1242 4717 1382 4772 nihil
1412 4720 1556 4789 gerit
1589 4720 1787 4777 inscri-

233 4811 383 4869 ptum.
422 4804 610 4859 Tertio
641 4807 708 4860 ad
761 4807 1083 4878 marginem,
1140 4809 1247 4862 Τοῦ
1304 4811 1462 4879 ἁγίου
1515 4812 1786 4884 Μαξίμου,

233 4894 531 4964 ascriptum.
555 4895 796 4961 Quartus
828 4899 907 4954 sic
929 4899 1247 4956 inscribitur
1269 4919 1282 4954 :
1305 4904 1410 4955 Τοῦ
1437 4904 1595 4971 ἁγίου
1633 4905 1791 4957 Ἀθα.

236 4988 395 5040 νασίου
431 4990 569 5061 πρὸς
598 4989 974 5061 ’Δπολινάριον
1012 4993 1268 5057 διάλεξις.
1317 4994 1554 5061 Quintus
1606 5011 1737 5050 vero
1775 5011 1789 5048 :

237 5077 324 5130 Τοῦ
366 5081 531 5134 αὑτοῦ
583 5082 1031 5152 Ἀπολιναρὶστου
1066 5085 1434 5154 κεφαλαίωσις
1461 5087 1554 5139 καὶ
1586 5088 1793 5157 Γρηγοο

1889 4536 2214 4600 clarissime,
2260 4535 2407 4605 quod
2442 4534 2495 4588 in
2527 4533 2688 4588 tertio
2714 4533 2817 4589 sub
2842 4533 3027 4599 ﬁnem,
3062 4549 3183 4588 cum
3213 4533 3470 4588 recedere

1893 4627 2189 4682 meditatur
2230 4625 2675 4690 Macedonianus,
2721 4625 2994 4694 ﬁnemque
3040 4624 3254 4694 dialogo
3298 4625 3472 4694 impo-

1893 4735 2047 4784 nere,
2099 4718 2186 4772 his
2223 4717 2410 4772 verbis
2458 4717 2632 4771 utitur
2665 4734 2677 4769 :
2723 4715 2933 4782 Ὀλίγος
2971 4715 3104 4783 εἰμὶ,
3142 4715 3381 4784 εὑρίσκω
3417 4714 3473 4768 δὲ

1894 4813 1984 4867 τὸν
2011 4811 2306 4881 δυνάμενον
2337 4809 2473 4880 πρὸς
2494 4807 2665 4860 ταῦτα
2695 4809 2870 4859 εἰπεῖν
2889 4821 2902 4834 ο
2953 4805 3146 4857 Πεῖσον
3183 4804 3309 4867 τοὺς
3332 4803 3474 4858 διδα-

1899 4902 2131 4964 σκάλους
2177 4919 2302 4971 μου,
2354 4900 2448 4952 καὶ
2479 4899 2755 4966 πείθομαι.
2806 4895 3008 4951 Iisdem
3056 4896 3171 4951 fere
3201 4895 3378 4950 utitur
3417 4895 3473 4948 in

1887 5006 2041 5053 sexto
2065 4995 2167 5050 sub
2189 4994 2373 5055 linem,
2397 5007 2522 5046 cum
2544 4989 2970 5060 disputationem
2994 4989 3288 5044 terminare
3315 4988 3433 5043 vult
3457 5006 3472 5042 :

1905 5087 2047 5153 Ἐγὼ
2099 5083 2317 5153 ἀμαθής
2365 5084 2501 5150 εἰμί.
2557 5082 2673 5148 ἄγω
2715 5083 2806 5133 τὸν
2851 5079 3173 5133 διδάσκαλόν
3213 5097 3338 5148 μου,
3380 5081 3475 5154 καὶ

240 5169 336 5236 ρίου
388 5174 714 5228 ἐπισκόπου.
784 5175 902 5229 Duo
962 5177 1158 5248 reliqui
1221 5176 1545 5248 inscriptum
1597 5187 1794 5250 gerunt

1895 5175 2199 5244 διαλέγεται
2234 5190 2333 5226 σοι.
2359 5172 2511 5228 Unus
2537 5187 2669 5242 ergo
2701 5181 2787 5227 est
2809 5171 3095 5226 amborum
3124 5179 3335 5226 auctor.
3360 5171 3476 5225 lmo

237 5263 492 5321 Athanasii
538 5283 767 5322 nomen.

294 5354 415 5411 Vlll.
448 5357 650 5413 Verum
680 5359 848 5430 igitur
873 5369 976 5423 est,
1007 5361 1150 5431 quod
1176 5363 1335 5418 initio
1356 5362 1490 5421 dixi.
1523 5364 1794 5421 incertum

235 5441 378 5503 fuisse
411 5449 685 5506 hactenus
732 5451 1069 5522 dialogorum
1121 5466 1424 5510 auctorem.

1899 5281 1956 5327 et
1981 5265 2198 5338 septimi
2223 5279 2383 5331 ;cum
2411 5263 2558 5317 enim
2585 5263 2711 5318 inde
2738 5262 2953 5318 initium
2981 5263 3145 5317 ducat
3170 5280 3180 5314 :
3215 5263 3288 5314 Οὐ
3319 5262 3474 5331 μόνον

1905 5357 2168 5431 σφάλλετε
2209 5354 2476 5422 λέγοντες,
2524 5354 2605 5406 ὅτι
2649 5353 2932 5424 ὁμοούσιός
2970 5355 3118 5405 ἐστιν
3156 5353 3183 5406 ὁ
3233 5351 3355 5412 Υἱὸς
3399 5351 3476 5419 τῷ

1905 5449 2100 5522 “arpi,
2125 5445 2260 5501 ἀλλὰ
2293 5445 2388 5498 καὶ
2409 5445 2488 5497 ὅτι
2522 5445 2696 5516 ψυχὴν
2724 5440 2836 5514 εἶχε
2864 5443 3164 5514 σαρκωθεὶς
3183 5443 3210 5494 ὁ
3239 5441 3440 5509 Κύριος
3460 5485 3472 5505 ,

1555 5549 1876 5607 SCHUIZII
1902 5542 2136 5603 NOTAE.

277 5687 298 5720 ⁹
324 5687 509 5742 Libris.
553 5680 728 5742 Oud.,
754 5683 790 5736 1.
817 5699 890 5744 c.,

921 5699 972 5752 p.
1013 5685 1162 5742 1H7.
1195 5684 1359 5738 habet
1388 5684 1570 5736 titulis.

223 5752 446 5830 dialogos
480 5755 762 5811 tribuunt.

1686 5689 1726 5717 ‘°
1753 5686 2002 5742 Potiores
2035 5692 2235 5744 tamen,
2271 5695 2322 5750 p.
2369 5682 2490 5746 7H,
2547 5679 2678 5734 dicit.
2726 5677 2944 5731 (‘OdiCL‘S
2984 5675 3072 5744 qui
3115 5671 3344 5728 Maximo
3378 5669 3478 5724 hos

850 5754 886 5784 ¹¹
915 5751 971 5807 ln
1016 5755 1160 5808 nolis
1205 5754 1268 5809 ad
1305 5763 1433 5809 tum.
1463 5755 1504 5808 ll
1532 5754 1768 5825 Operum
1815 5754 1988 5812 sancti
2038 5751 2337 5808 Athanasii.
